<?xml version="1.0" encoding="UTF-8"?>
<!DOCTYPE html PUBLIC "-//W3C//DTD XHTML 1.0 Transitional//EN"
    "http://www.w3.org/TR/xhtml1/DTD/xhtml1-transitional.dtd">
<html xmlns="http://www.w3.org/1999/xhtml" xml:lang="en" lang="en">
 <head>
  <title>
</title>
<meta http-equiv="Content-Type" content="text/html;charset=utf-8" />
  <meta name='ocr-system' content='tesseract 3.04.00' />
  <meta name='ocr-capabilities' content='ocr_page ocr_carea ocr_par ocr_line ocrx_word'/>
</head>
<body>
  <div class='ocr_page' id='page_1' title='image "./monumentamogunt00lulgoog/monumentamogunt00lulgoog_0174.png"; bbox 0 0 4342 6034; ppageno 0'>
   <div class='ocr_carea' id='block_1_1' title="bbox 645 749 1589 815">
    <p class='ocr_par' dir='ltr' id='par_1_1' title="bbox 645 749 1589 815">
     <span class='ocr_line' id='line_1_1' title="bbox 645 749 1589 815; baseline 0 -3"><span class='ocrx_word' id='word_1_1' title='bbox 645 749 707 815; x_wconf 84' lang='lat'>156</span> <span class='ocrx_word' id='word_1_2' title='bbox 763 782 767 795; x_wconf 93' lang='lat'>·</span> <span class='ocrx_word' id='word_1_3' title='bbox 871 766 897 812; x_wconf 77' lang='lat' dir='ltr'>a.</span> <span class='ocrx_word' id='word_1_4' title='bbox 915 765 1090 813; x_wconf 66' lang='lat' dir='ltr'>noun-’aru</span> <span class='ocrx_word' id='word_1_5' title='bbox 1113 765 1157 812; x_wconf 88' lang='lat' dir='ltr'>sr</span> <span class='ocrx_word' id='word_1_6' title='bbox 1179 766 1282 812; x_wconf 80' lang='lat' dir='ltr'>nunus</span> <span class='ocrx_word' id='word_1_7' title='bbox 1303 765 1490 814; x_wconf 77' lang='lat' dir='ltr'>nersronan</span> <span class='ocrx_word' id='word_1_8' title='bbox 1509 765 1589 812; x_wconf 74' lang='lat' dir='ltr'>sam</span> 
     </span>
    </p>
   </div>
   <div class='ocr_carea' id='block_1_2' title="bbox 569 905 1819 1689">
    <p class='ocr_par' dir='ltr' id='par_1_2' title="bbox 569 905 1817 990">
     <span class='ocr_line' id='line_1_2' title="bbox 569 905 1817 990; baseline 0.003 -20"><span class='ocrx_word' id='word_1_9' title='bbox 569 915 623 971; x_wconf 77' lang='lat'>745</span> <span class='ocrx_word' id='word_1_10' title='bbox 640 908 712 974; x_wconf 91' lang='lat' dir='ltr'>tari.</span> <span class='ocrx_word' id='word_1_11' title='bbox 748 907 792 972; x_wconf 86' lang='lat' dir='ltr'>Et</span> <span class='ocrx_word' id='word_1_12' title='bbox 812 906 888 972; x_wconf 90' lang='lat' dir='ltr'>lieet</span> <span class='ocrx_word' id='word_1_13' title='bbox 910 907 1085 974; x_wconf 75' lang='lat' dir='ltr'>retribuere</span> <span class='ocrx_word' id='word_1_14' title='bbox 1107 927 1170 973; x_wconf 92' lang='lat' dir='ltr'>non</span> <span class='ocrx_word' id='word_1_15' title='bbox 1185 905 1356 990; x_wconf 85' lang='lat' dir='ltr'>valeamus,</span> <span class='ocrx_word' id='word_1_16' title='bbox 1380 911 1486 974; x_wconf 87' lang='lat' dir='ltr'>tamen</span> <span class='ocrx_word' id='word_1_17' title='bbox 1502 907 1543 974; x_wconf 88' lang='lat' dir='ltr'>sd</span> <span class='ocrx_word' id='word_1_18' title='bbox 1557 907 1658 975; x_wconf 81' lang='lat' dir='ltr'>vicem</span> <span class='ocrx_word' id='word_1_19' title='bbox 1674 907 1817 974; x_wconf 81' lang='lat' dir='ltr'>caritatis</span> 
     </span>
    </p>

    <p class='ocr_par' dir='ltr' id='par_1_3' title="bbox 571 988 1819 1689">
     <span class='ocr_line' id='line_1_3' title="bbox 571 988 1818 1106; baseline 0.002 -18"><span class='ocrx_word' id='word_1_20' title='bbox 571 988 620 1036; x_wconf 55' lang='grc' dir='ltr'>Μ’</span> <span class='ocrx_word' id='word_1_21' title='bbox 640 1043 712 1088; x_wconf 90' lang='lat' dir='ltr'>cnm</span> <span class='ocrx_word' id='word_1_22' title='bbox 735 1043 852 1106; x_wconf 81' lang='lat' dir='ltr'>magna</span> <span class='ocrx_word' id='word_1_23' title='bbox 872 1023 1052 1089; x_wconf 86' lang='lat' dir='ltr'>reuerentia</span> <span class='ocrx_word' id='word_1_24' title='bbox 1073 1023 1247 1089; x_wconf 82' lang='lat' dir='ltr'>direximus</span> <span class='ocrx_word' id='word_1_25' title='bbox 1263 1023 1496 1090; x_wconf 78' lang='lat' dir='ltr'>cinnamomum</span> <span class='ocrx_word' id='word_1_26' title='bbox 1512 1013 1622 1090; x_wconf 86' lang='lat' dir='ltr'>uncias</span> <span class='ocrx_word' id='word_1_27' title='bbox 1637 1027 1670 1106; x_wconf 84' lang='lat'>4,</span> <span class='ocrx_word' id='word_1_28' title='bbox 1694 1028 1818 1090; x_wconf 90' lang='lat' dir='ltr'>costum</span> 
     </span>
     <span class='ocr_line' id='line_1_4' title="bbox 640 1137 1818 1226; baseline 0.002 -22"><span class='ocrx_word' id='word_1_29' title='bbox 640 1140 750 1205; x_wconf 90' lang='lat' dir='ltr'>uncias</span> <span class='ocrx_word' id='word_1_30' title='bbox 773 1139 810 1222; x_wconf 84' lang='lat'>4,</span> <span class='ocrx_word' id='word_1_31' title='bbox 835 1138 927 1224; x_wconf 86' lang='lat' dir='ltr'>piper</span> <span class='ocrx_word' id='word_1_32' title='bbox 948 1137 1045 1204; x_wconf 89' lang='lat' dir='ltr'>libras</span> <span class='ocrx_word' id='word_1_33' title='bbox 1069 1140 1106 1221; x_wconf 80' lang='lat'>2,</span> <span class='ocrx_word' id='word_1_34' title='bbox 1130 1138 1328 1206; x_wconf 77' lang='lat' dir='ltr'>cozumbrem</span> <span class='ocrx_word' id='word_1_35' title='bbox 1351 1138 1466 1206; x_wconf 92' lang='lat' dir='ltr'>libram</span> <span class='ocrx_word' id='word_1_36' title='bbox 1493 1143 1519 1204; x_wconf 95' lang='lat'>1.</span> <span class='ocrx_word' id='word_1_37' title='bbox 1558 1138 1661 1218; x_wconf 82' lang='lat' dir='ltr'>Quae·</span> <span class='ocrx_word' id='word_1_38' title='bbox 1684 1145 1760 1226; x_wconf 91' lang='lat' dir='ltr'>peto</span> <span class='ocrx_word' id='word_1_39' title='bbox 1784 1145 1818 1206; x_wconf 91' lang='lat' dir='ltr'>ut</span> 
     </span>
     <span class='ocr_line' id='line_1_5' title="bbox 641 1254 1818 1353; baseline 0.002 -33"><span class='ocrx_word' id='word_1_40' title='bbox 641 1256 760 1339; x_wconf 88' lang='lat' dir='ltr'>absque</span> <span class='ocrx_word' id='word_1_41' title='bbox 785 1254 903 1320; x_wconf 80' lang='lat' dir='ltr'>mimia</span> <span class='ocrx_word' id='word_1_42' title='bbox 925 1255 1085 1353; x_wconf 87' lang='lat' dir='ltr'>suscipere</span> <span class='ocrx_word' id='word_1_43' title='bbox 1107 1254 1256 1336; x_wconf 85' lang='lat' dir='ltr'>iubeatis3</span> <span class='ocrx_word' id='word_1_44' title='bbox 1286 1259 1319 1320; x_wconf 89' lang='lat' dir='ltr'>et</span> <span class='ocrx_word' id='word_1_45' title='bbox 1340 1259 1376 1320; x_wconf 91' lang='lat' dir='ltr'>nt</span> <span class='ocrx_word' id='word_1_46' title='bbox 1397 1275 1456 1342; x_wconf 91' lang='lat' dir='ltr'>pro</span> <span class='ocrx_word' id='word_1_47' title='bbox 1479 1254 1569 1322; x_wconf 91' lang='lat' dir='ltr'>uobis</span> <span class='ocrx_word' id='word_1_48' title='bbox 1592 1275 1684 1322; x_wconf 86' lang='lat' dir='ltr'>orare</span> <span class='ocrx_word' id='word_1_49' title='bbox 1708 1255 1818 1339; x_wconf 75' lang='lat' dir='ltr'>digne·</span> 
     </span>
     <span class='ocr_line' id='line_1_6' title="bbox 641 1369 1819 1458; baseline 0.003 -23"><span class='ocrx_word' id='word_1_50' title='bbox 641 1371 730 1453; x_wconf 90' lang='lat' dir='ltr'>mini,</span> <span class='ocrx_word' id='word_1_51' title='bbox 754 1370 933 1436; x_wconf 90' lang='lat' dir='ltr'>omnimodo</span> <span class='ocrx_word' id='word_1_52' title='bbox 956 1371 1100 1456; x_wconf 88' lang='lat' dir='ltr'>deposco.</span> <span class='ocrx_word' id='word_1_53' title='bbox 1136 1370 1326 1436; x_wconf 86' lang='lat' dir='ltr'>incolumem</span> <span class='ocrx_word' id='word_1_54' title='bbox 1343 1369 1575 1436; x_wconf 74' lang='lat' dir='ltr'>sanctissimam</span> <span class='ocrx_word' id='word_1_55' title='bbox 1590 1371 1819 1458; x_wconf 76' lang='lat' dir='ltr'>paternitatem</span> 
     </span>
     <span class='ocr_line' id='line_1_7' title="bbox 640 1486 1819 1572; baseline 0.003 -21"><span class='ocrx_word' id='word_1_56' title='bbox 640 1491 779 1552; x_wconf 86' lang='lat' dir='ltr'>vestram</span> <span class='ocrx_word' id='word_1_57' title='bbox 802 1486 911 1552; x_wconf 88' lang='lat' dir='ltr'>divina</span> <span class='ocrx_word' id='word_1_58' title='bbox 932 1492 1097 1552; x_wconf 84' lang='lat' dir='ltr'>conseruet</span> <span class='ocrx_word' id='word_1_59' title='bbox 1118 1488 1282 1570; x_wconf 87' lang='lat' dir='ltr'>maiestas,</span> <span class='ocrx_word' id='word_1_60' title='bbox 1307 1491 1448 1552; x_wconf 87' lang='lat' dir='ltr'>orantem</span> <span class='ocrx_word' id='word_1_61' title='bbox 1472 1505 1531 1572; x_wconf 91' lang='lat' dir='ltr'>pro</span> <span class='ocrx_word' id='word_1_62' title='bbox 1554 1486 1659 1572; x_wconf 91' lang='lat' dir='ltr'>uobis,</span> <span class='ocrx_word' id='word_1_63' title='bbox 1690 1487 1819 1555; x_wconf 89' lang='lat' dir='ltr'>domine</span> 
     </span>
     <span class='ocr_line' id='line_1_8' title="bbox 641 1601 1345 1689; baseline -0.004 -20"><span class='ocrx_word' id='word_1_64' title='bbox 641 1606 674 1669; x_wconf 89' lang='lat' dir='ltr'>et</span> <span class='ocrx_word' id='word_1_65' title='bbox 695 1603 817 1669; x_wconf 89' lang='lat' dir='ltr'>meritis</span> <span class='ocrx_word' id='word_1_66' title='bbox 840 1601 1055 1688; x_wconf 90' lang='lat' dir='ltr'>apostolomm</span> <span class='ocrx_word' id='word_1_67' title='bbox 1077 1601 1223 1668; x_wconf 88' lang='lat' dir='ltr'>decorate</span> <span class='ocrx_word' id='word_1_68' title='bbox 1245 1606 1345 1689; x_wconf 89' lang='lat' dir='ltr'>pater.</span> 
     </span>
    </p>
   </div>
   <div class='ocr_carea' id='block_1_3' title="bbox 643 1903 1931 2251">
    <p class='ocr_par' dir='ltr' id='par_1_4' title="bbox 643 1903 1931 2251">
     <span class='ocr_line' id='line_1_9' title="bbox 643 1903 1931 2020; baseline 0 -20"><span class='ocrx_word' id='word_1_69' title='bbox 643 1930 704 2000; x_wconf 82' lang='lat'>54.</span> <span class='ocrx_word' id='word_1_70' title='bbox 732 1929 914 1999; x_wconf 75' lang='lat' dir='ltr'>Garnmalus</span> <span class='ocrx_word' id='word_1_71' title='bbox 941 1933 1094 1998; x_wconf 82' lang='lat' dir='ltr'>diaconas</span> <span class='ocrx_word' id='word_1_72' title='bbox 1119 1932 1283 1997; x_wconf 79' lang='lat' dir='ltr'>Roueaaua</span> <span class='ocrx_word' id='word_1_73' title='bbox 1306 1933 1473 2018; x_wconf 79' lang='lat' dir='ltr'>Bonifatio</span> <span class='ocrx_word' id='word_1_74' title='bbox 1497 1934 1536 1998; x_wconf 85' lang='lat' dir='ltr'>da</span> <span class='ocrx_word' id='word_1_75' title='bbox 1558 1932 1670 1998; x_wconf 56' lang='lat' dir='ltr'>littera</span> <span class='ocrx_word' id='word_1_76' title='bbox 1691 1937 1819 2020; x_wconf 70' lang='lat' dir='ltr'>pratae</span> <span class='ocrx_word' id='word_1_77' title='bbox 1930 1903 1931 1988; x_wconf 30' lang='lat' dir='ltr'>i</span> 
     </span>
     <span class='ocr_line' id='line_1_10' title="bbox 730 2046 1819 2135; baseline 0.004 -23"><span class='ocrx_word' id='word_1_78' title='bbox 730 2051 806 2133; x_wconf 76' lang='lat' dir='ltr'>apit-</span> <span class='ocrx_word' id='word_1_79' title='bbox 844 2047 961 2134; x_wconf 82' lang='lat' dir='ltr'>Sperat</span> <span class='ocrx_word' id='word_1_80' title='bbox 966 2048 1055 2132; x_wconf 83' lang='lat' dir='ltr'>fora,</span> <span class='ocrx_word' id='word_1_81' title='bbox 1072 2061 1108 2113; x_wconf 83' lang='lat' dir='ltr'>at</span> <span class='ocrx_word' id='word_1_82' title='bbox 1116 2048 1295 2133; x_wconf 78' lang='lat' dir='ltr'>postulatae</span> <span class='ocrx_word' id='word_1_83' title='bbox 1313 2048 1348 2115; x_wconf 85' lang='lat' dir='ltr'>S.</span> <span class='ocrx_word' id='word_1_84' title='bbox 1364 2046 1514 2135; x_wconf 74' lang='lat' dir='ltr'>Grayora&#39;i</span> <span class='ocrx_word' id='word_1_85' title='bbox 1528 2049 1675 2134; x_wconf 76' lang='lat' dir='ltr'>epistolas</span> <span class='ocrx_word' id='word_1_86' title='bbox 1685 2063 1819 2135; x_wconf 80' lang='lat' dir='ltr'>postero</span> 
     </span>
     <span class='ocr_line' id='line_1_11' title="bbox 730 2162 1512 2251; baseline 0 -23"><span class='ocrx_word' id='word_1_87' title='bbox 730 2175 867 2250; x_wconf 79' lang='lat' dir='ltr'>tempore</span> <span class='ocrx_word' id='word_1_88' title='bbox 890 2166 921 2228; x_wconf 85' lang='lat' dir='ltr'>ei</span> <span class='ocrx_word' id='word_1_89' title='bbox 940 2167 1052 2230; x_wconf 85' lang='lat' dir='ltr'>mittat.</span> <span class='ocrx_word' id='word_1_90' title='bbox 1094 2163 1315 2248; x_wconf 73' lang='lat' dir='ltr'>suffimentum</span> <span class='ocrx_word' id='word_1_91' title='bbox 1336 2162 1512 2251; x_wconf 70' lang='lat' dir='ltr'>adtanptrt</span> 
     </span>
    </p>
   </div>
   <div class='ocr_carea' id='block_1_4' title="bbox 1427 2277 1818 2363">
    <p class='ocr_par' dir='ltr' id='par_1_5' title="bbox 1427 2277 1818 2363">
     <span class='ocr_line' id='line_1_12' title="bbox 1427 2277 1818 2363; baseline 0 -17"><span class='ocrx_word' id='word_1_92' title='bbox 1427 2277 1818 2363; x_wconf 57' lang='lat' dir='ltr'>(maumam</span> 
     </span>
    </p>
   </div>
   <div class='ocr_carea' id='block_1_5' title="bbox 569 2411 1819 2964">
    <p class='ocr_par' dir='ltr' id='par_1_6' title="bbox 569 2411 1819 2846">
     <span class='ocr_line' id='line_1_13' title="bbox 569 2411 1819 2498; baseline 0.001 -19"><span class='ocrx_word' id='word_1_93' title='bbox 569 2425 622 2479; x_wconf 78' lang='lat'>745</span> <span class='ocrx_word' id='word_1_94' title='bbox 728 2411 865 2478; x_wconf 91' lang='lat' dir='ltr'>Domino</span> <span class='ocrx_word' id='word_1_95' title='bbox 888 2411 1087 2478; x_wconf 89' lang='lat' dir='ltr'>sanctissimo</span> <span class='ocrx_word' id='word_1_96' title='bbox 1111 2418 1143 2478; x_wconf 89' lang='lat' dir='ltr'>et</span> <span class='ocrx_word' id='word_1_97' title='bbox 1165 2413 1298 2479; x_wconf 90' lang='lat' dir='ltr'>nimium</span> <span class='ocrx_word' id='word_1_98' title='bbox 1321 2413 1609 2480; x_wconf 88' lang='lat' dir='ltr'>desiderantissimo</span> <span class='ocrx_word' id='word_1_99' title='bbox 1633 2417 1728 2498; x_wconf 89' lang='lat' dir='ltr'>atque</span> <span class='ocrx_word' id='word_1_100' title='bbox 1743 2433 1819 2480; x_wconf 93' lang='lat' dir='ltr'>cum</span> 
     </span>
     <span class='ocr_line' id='line_1_14' title="bbox 641 2525 1818 2616; baseline 0.003 -23"><span class='ocrx_word' id='word_1_101' title='bbox 641 2528 728 2593; x_wconf 91' lang='lat' dir='ltr'>omni</span> <span class='ocrx_word' id='word_1_102' title='bbox 755 2525 868 2594; x_wconf 85' lang='lat' dir='ltr'>affectu</span> <span class='ocrx_word' id='word_1_103' title='bbox 896 2528 1039 2594; x_wconf 75' lang='lat' dir='ltr'>cariam</span> <span class='ocrx_word' id='word_1_104' title='bbox 1067 2528 1233 2596; x_wconf 88' lang='lat' dir='ltr'>recolendo</span> <span class='ocrx_word' id='word_1_105' title='bbox 1262 2530 1347 2616; x_wconf 88' lang='lat' dir='ltr'>patri</span> <span class='ocrx_word' id='word_1_106' title='bbox 1372 2528 1546 2613; x_wconf 83' lang='lat' dir='ltr'>Bonifatio,</span> <span class='ocrx_word' id='word_1_107' title='bbox 1577 2527 1818 2616; x_wconf 91' lang='lat' dir='ltr'>archiepiscopo</span> 
     </span>
     <span class='ocr_line' id='line_1_15' title="bbox 640 2642 1818 2730; baseline 0.003 -22"><span class='ocrx_word' id='word_1_108' title='bbox 640 2644 822 2730; x_wconf 90' lang='lat' dir='ltr'>provinciae</span> <span class='ocrx_word' id='word_1_109' title='bbox 838 2643 1017 2728; x_wconf 84' lang='lat' dir='ltr'>Germanis,</span> <span class='ocrx_word' id='word_1_110' title='bbox 1041 2642 1224 2712; x_wconf 88' lang='lat' dir='ltr'>Gemmulus</span> <span class='ocrx_word' id='word_1_111' title='bbox 1247 2646 1395 2730; x_wconf 80' lang='lat' dir='ltr'>indignus</span> <span class='ocrx_word' id='word_1_112' title='bbox 1418 2645 1569 2712; x_wconf 88' lang='lat' dir='ltr'>diaconus</span> <span class='ocrx_word' id='word_1_113' title='bbox 1585 2651 1713 2712; x_wconf 89' lang='lat' dir='ltr'>sanctae</span> <span class='ocrx_word' id='word_1_114' title='bbox 1728 2645 1818 2712; x_wconf 88' lang='lat' dir='ltr'>sedis</span> 
     </span>
     <span class='ocr_line' id='line_1_16' title="bbox 641 2760 842 2846; baseline -0.01 -20"><span class='ocrx_word' id='word_1_115' title='bbox 641 2760 842 2846; x_wconf 88' lang='lat' dir='ltr'>apostolicae.</span> 
     </span>
    </p>

    <p class='ocr_par' dir='ltr' id='par_1_7' title="bbox 727 2861 1931 2974">
     <span class='ocr_line' id='line_1_17' title="bbox 727 2874 1817 2964; baseline 0.002 -22"><span class='ocrx_word' id='word_1_116' title='bbox 727 2874 966 2942; x_wconf 84' lang='lat' dir='ltr'>Venerabilibus</span> <span class='ocrx_word' id='word_1_117' title='bbox 989 2877 1207 2944; x_wconf 86' lang='lat' dir='ltr'>sanctissimae</span> <span class='ocrx_word' id='word_1_118' title='bbox 1229 2878 1429 2963; x_wconf 87' lang='lat' dir='ltr'>paternitatis</span> <span class='ocrx_word' id='word_1_119' title='bbox 1448 2882 1572 2944; x_wconf 83' lang='lat' dir='ltr'>vestme</span> <span class='ocrx_word' id='word_1_120' title='bbox 1595 2877 1726 2964; x_wconf 77' lang='lat' dir='ltr'>syllabis</span> <span class='ocrx_word' id='word_1_121' title='bbox 1744 2897 1817 2945; x_wconf 89' lang='lat' dir='ltr'>sus-</span> 
     </span>
    </p>
   </div>
   <div class='ocr_carea' id='block_1_6' title="bbox 570 2497 621 2544">
    <p class='ocr_par' dir='ltr' id='par_1_8' title="bbox 570 2497 621 2544">
     <span class='ocr_line' id='line_1_18' title="bbox 570 2497 621 2544; baseline 0 0"><span class='ocrx_word' id='word_1_122' title='bbox 570 2497 621 2544; x_wconf 77' lang='lat' dir='ltr'>Oct</span> 
     </span>
    </p>
   </div>
   <div class='ocr_carea' id='block_1_7' title="bbox 570 2992 1817 4701">
    <p class='ocr_par' dir='ltr' id='par_1_9' title="bbox 570 2992 1817 4701">
     <span class='ocr_line' id='line_1_19' title="bbox 638 2992 1816 3080; baseline 0.003 -22"><span class='ocrx_word' id='word_1_123' title='bbox 638 2992 754 3080; x_wconf 86' lang='lat' dir='ltr'>ceptis,</span> <span class='ocrx_word' id='word_1_124' title='bbox 783 3013 841 3079; x_wconf 89' lang='lat' dir='ltr'>per</span> <span class='ocrx_word' id='word_1_125' title='bbox 862 2996 1061 3079; x_wconf 84' lang='lat' dir='ltr'>praesentem</span> <span class='ocrx_word' id='word_1_126' title='bbox 1084 2992 1227 3075; x_wconf 86' lang='lat' dir='ltr'>gerulum</span> <span class='ocrx_word' id='word_1_127' title='bbox 1250 2993 1452 3060; x_wconf 89' lang='lat' dir='ltr'>Deneardum</span> <span class='ocrx_word' id='word_1_128' title='bbox 1474 2993 1687 3060; x_wconf 83' lang='lat' dir='ltr'>venerabilem</span> <span class='ocrx_word' id='word_1_129' title='bbox 1706 2995 1816 3061; x_wconf 82' lang='lat' dir='ltr'>uirum</span> 
     </span>
     <span class='ocr_line' id='line_1_20' title="bbox 638 3107 1817 3196; baseline 0.003 -22"><span class='ocrx_word' id='word_1_130' title='bbox 638 3109 762 3191; x_wconf 86' lang='lat' dir='ltr'>missis,</span> <span class='ocrx_word' id='word_1_131' title='bbox 791 3128 864 3175; x_wconf 89' lang='lat' dir='ltr'>cum</span> <span class='ocrx_word' id='word_1_132' title='bbox 892 3109 979 3174; x_wconf 90' lang='lat' dir='ltr'>omni</span> <span class='ocrx_word' id='word_1_133' title='bbox 1006 3113 1043 3174; x_wconf 89' lang='lat' dir='ltr'>ut</span> <span class='ocrx_word' id='word_1_134' title='bbox 1064 3107 1170 3174; x_wconf 88' lang='lat' dir='ltr'>decuit</span> <span class='ocrx_word' id='word_1_135' title='bbox 1192 3110 1394 3176; x_wconf 85' lang='lat' dir='ltr'>veneratione</span> <span class='ocrx_word' id='word_1_136' title='bbox 1416 3115 1510 3196; x_wconf 88' lang='lat' dir='ltr'>atque</span> <span class='ocrx_word' id='word_1_137' title='bbox 1533 3110 1674 3176; x_wconf 87' lang='lat' dir='ltr'>caritatis</span> <span class='ocrx_word' id='word_1_138' title='bbox 1698 3108 1817 3177; x_wconf 86' lang='lat' dir='ltr'>affectu</span> 
     </span>
     <span class='ocr_line' id='line_1_21' title="bbox 638 3223 1815 3311; baseline 0.002 -21"><span class='ocrx_word' id='word_1_139' title='bbox 638 3225 815 3310; x_wconf 88' lang='lat' dir='ltr'>suscepisse</span> <span class='ocrx_word' id='word_1_140' title='bbox 836 3224 962 3289; x_wconf 90' lang='lat' dir='ltr'>insinuo</span> <span class='ocrx_word' id='word_1_141' title='bbox 985 3223 1081 3289; x_wconf 93' lang='lat' dir='ltr'>simul</span> <span class='ocrx_word' id='word_1_142' title='bbox 1104 3229 1135 3290; x_wconf 89' lang='lat' dir='ltr'>et</span> <span class='ocrx_word' id='word_1_143' title='bbox 1157 3224 1422 3308; x_wconf 88' lang='lat' dir='ltr'>benedictionem,</span> <span class='ocrx_word' id='word_1_144' title='bbox 1450 3245 1545 3311; x_wconf 89' lang='lat' dir='ltr'>quam</span> <span class='ocrx_word' id='word_1_145' title='bbox 1567 3225 1646 3290; x_wconf 93' lang='lat' dir='ltr'>mibi</span> <span class='ocrx_word' id='word_1_146' title='bbox 1667 3225 1815 3292; x_wconf 88' lang='lat' dir='ltr'>misistis.</span> 
     </span>
     <span class='ocr_line' id='line_1_22' title="bbox 638 3339 1817 3429; baseline 0.003 -25"><span class='ocrx_word' id='word_1_147' title='bbox 638 3339 725 3418; x_wconf 84' lang='lat' dir='ltr'>Quae</span> <span class='ocrx_word' id='word_1_148' title='bbox 748 3340 833 3426; x_wconf 93' lang='lat' dir='ltr'>apud</span> <span class='ocrx_word' id='word_1_149' title='bbox 854 3341 1045 3426; x_wconf 82' lang='lat' dir='ltr'>parvitatem</span> <span class='ocrx_word' id='word_1_150' title='bbox 1067 3359 1172 3406; x_wconf 88' lang='lat' dir='ltr'>meam</span> <span class='ocrx_word' id='word_1_151' title='bbox 1194 3361 1290 3428; x_wconf 91' lang='lat' dir='ltr'>super</span> <span class='ocrx_word' id='word_1_152' title='bbox 1313 3361 1425 3407; x_wconf 89' lang='lat' dir='ltr'>aurum</span> <span class='ocrx_word' id='word_1_153' title='bbox 1448 3347 1480 3408; x_wconf 87' lang='lat' dir='ltr'>et</span> <span class='ocrx_word' id='word_1_154' title='bbox 1503 3346 1667 3426; x_wconf 79' lang='lat' dir='ltr'>argentum</span> <span class='ocrx_word' id='word_1_155' title='bbox 1684 3347 1817 3429; x_wconf 85' lang='lat' dir='ltr'>accepta</span> 
     </span>
     <span class='ocr_line' id='line_1_23' title="bbox 570 3455 1815 3542; baseline 0.002 -20"><span class='ocrx_word' id='word_1_156' title='bbox 570 3495 595 3542; x_wconf 68' lang='lat'><em>0</em></span> <span class='ocrx_word' id='word_1_157' title='bbox 639 3461 697 3540; x_wconf 81' lang='lat' dir='ltr'>est,</span> <span class='ocrx_word' id='word_1_158' title='bbox 722 3475 759 3521; x_wconf 91' lang='lat' dir='ltr'>eo</span> <span class='ocrx_word' id='word_1_159' title='bbox 782 3455 865 3539; x_wconf 86' lang='lat' dir='ltr'>quod</span> <span class='ocrx_word' id='word_1_160' title='bbox 887 3457 951 3521; x_wconf 95' lang='lat' dir='ltr'>mei</span> <span class='ocrx_word' id='word_1_161' title='bbox 972 3475 1145 3523; x_wconf 90' lang='lat' dir='ltr'>memorem</span> <span class='ocrx_word' id='word_1_162' title='bbox 1169 3457 1293 3523; x_wconf 84' lang='lat' dir='ltr'>esseio</span> <span class='ocrx_word' id='word_1_163' title='bbox 1317 3458 1435 3523; x_wconf 89' lang='lat' dir='ltr'>sanctis</span> <span class='ocrx_word' id='word_1_164' title='bbox 1458 3457 1524 3524; x_wconf 91' lang='lat' dir='ltr'>suis</span> <span class='ocrx_word' id='word_1_165' title='bbox 1547 3457 1743 3524; x_wconf 87' lang='lat' dir='ltr'>orationibus</span> <span class='ocrx_word' id='word_1_166' title='bbox 1767 3458 1815 3524; x_wconf 91' lang='lat' dir='ltr'>al-</span> 
     </span>
     <span class='ocr_line' id='line_1_24' title="bbox 638 3571 1817 3656; baseline 0.004 -19"><span class='ocrx_word' id='word_1_167' title='bbox 638 3571 759 3637; x_wconf 92' lang='lat' dir='ltr'>mitatis</span> <span class='ocrx_word' id='word_1_168' title='bbox 783 3576 907 3636; x_wconf 83' lang='lat' dir='ltr'>vestrae</span> <span class='ocrx_word' id='word_1_169' title='bbox 929 3591 1077 3637; x_wconf 88' lang='lat' dir='ltr'>coronam</span> <span class='ocrx_word' id='word_1_170' title='bbox 1101 3573 1242 3656; x_wconf 74' lang='lat' dir='ltr'>cognovi.</span> <span class='ocrx_word' id='word_1_171' title='bbox 1289 3573 1387 3651; x_wconf 83' lang='lat' dir='ltr'>Quem</span> <span class='ocrx_word' id='word_1_172' title='bbox 1411 3572 1581 3640; x_wconf 86' lang='lat' dir='ltr'>concedere</span> <span class='ocrx_word' id='word_1_173' title='bbox 1602 3573 1682 3639; x_wconf 92' lang='lat' dir='ltr'>mihi</span> <span class='ocrx_word' id='word_1_174' title='bbox 1704 3573 1817 3642; x_wconf 88' lang='lat' dir='ltr'>divina</span> 
     </span>
     <span class='ocr_line' id='line_1_25' title="bbox 638 3687 1816 3776; baseline 0.005 -24"><span class='ocrx_word' id='word_1_175' title='bbox 638 3688 779 3774; x_wconf 88' lang='lat' dir='ltr'>patiatur</span> <span class='ocrx_word' id='word_1_176' title='bbox 807 3691 966 3770; x_wconf 79' lang='lat' dir='ltr'>magestas</span> <span class='ocrx_word' id='word_1_177' title='bbox 995 3687 1201 3771; x_wconf 90' lang='lat' dir='ltr'>incolumem,</span> <span class='ocrx_word' id='word_1_178' title='bbox 1231 3709 1325 3774; x_wconf 91' lang='lat' dir='ltr'>quam</span> <span class='ocrx_word' id='word_1_179' title='bbox 1355 3689 1409 3755; x_wconf 91' lang='lat' dir='ltr'>diu</span> <span class='ocrx_word' id='word_1_180' title='bbox 1437 3709 1488 3756; x_wconf 91' lang='lat' dir='ltr'>me</span> <span class='ocrx_word' id='word_1_181' title='bbox 1518 3710 1655 3776; x_wconf 85' lang='lat' dir='ltr'>superna</span> <span class='ocrx_word' id='word_1_182' title='bbox 1677 3691 1816 3759; x_wconf 86' lang='lat' dir='ltr'>volucrit</span> 
     </span>
     <span class='ocr_line' id='line_1_26' title="bbox 639 3803 1814 3892; baseline 0.005 -24"><span class='ocrx_word' id='word_1_183' title='bbox 639 3803 808 3869; x_wconf 89' lang='lat' dir='ltr'>clementia</span> <span class='ocrx_word' id='word_1_184' title='bbox 830 3823 1011 3889; x_wconf 82' lang='lat' dir='ltr'>superesse3</span> <span class='ocrx_word' id='word_1_185' title='bbox 1035 3809 1086 3887; x_wconf 93' lang='lat' dir='ltr'>ut,</span> <span class='ocrx_word' id='word_1_186' title='bbox 1109 3804 1225 3870; x_wconf 84' lang='lat' dir='ltr'>vestris</span> <span class='ocrx_word' id='word_1_187' title='bbox 1248 3805 1346 3870; x_wconf 90' lang='lat' dir='ltr'>sacris</span> <span class='ocrx_word' id='word_1_188' title='bbox 1368 3805 1651 3872; x_wconf 84' lang='lat' dir='ltr'>interventionibus</span> <span class='ocrx_word' id='word_1_189' title='bbox 1673 3807 1814 3892; x_wconf 80' lang='lat' dir='ltr'>iuratus,</span> 
     </span>
     <span class='ocr_line' id='line_1_27' title="bbox 639 3919 1814 4006; baseline 0.005 -22"><span class='ocrx_word' id='word_1_190' title='bbox 639 3919 807 3985; x_wconf 84' lang='lat' dir='ltr'>exercitior</span> <span class='ocrx_word' id='word_1_191' title='bbox 829 3919 973 3986; x_wconf 86' lang='lat' dir='ltr'>inveniar</span> <span class='ocrx_word' id='word_1_192' title='bbox 987 3919 1055 3985; x_wconf 89' lang='lat' dir='ltr'>Deo</span> <span class='ocrx_word' id='word_1_193' title='bbox 1079 3920 1219 4006; x_wconf 90' lang='lat' dir='ltr'>propitio</span> <span class='ocrx_word' id='word_1_194' title='bbox 1242 3920 1392 3988; x_wconf 82' lang='lat' dir='ltr'>adversus</span> <span class='ocrx_word' id='word_1_195' title='bbox 1415 3922 1537 4006; x_wconf 90' lang='lat' dir='ltr'>antiqui</span> <span class='ocrx_word' id='word_1_196' title='bbox 1558 3921 1657 3988; x_wconf 90' lang='lat' dir='ltr'>hostis</span> <span class='ocrx_word' id='word_1_197' title='bbox 1678 3921 1814 3990; x_wconf 88' lang='lat' dir='ltr'>insidias</span> 
     </span>
     <span class='ocr_line' id='line_1_28' title="bbox 638 4054 824 4120; baseline -0.005 -20"><span class='ocrx_word' id='word_1_198' title='bbox 638 4054 824 4120; x_wconf 79' lang='lat' dir='ltr'>repugnare.</span> 
     </span>
     <span class='ocr_line' id='line_1_29' title="bbox 727 4149 1814 4238; baseline 0.005 -23"><span class='ocrx_word' id='word_1_199' title='bbox 727 4149 813 4217; x_wconf 89' lang='lat' dir='ltr'>luter</span> <span class='ocrx_word' id='word_1_200' title='bbox 836 4169 875 4215; x_wconf 88' lang='lat' dir='ltr'>ea</span> <span class='ocrx_word' id='word_1_201' title='bbox 896 4150 1081 4218; x_wconf 86' lang='lat' dir='ltr'>insinuastis</span> <span class='ocrx_word' id='word_1_202' title='bbox 1104 4151 1191 4234; x_wconf 92' lang='lat' dir='ltr'>mibi,</span> <span class='ocrx_word' id='word_1_203' title='bbox 1216 4151 1300 4236; x_wconf 91' lang='lat' dir='ltr'>quod</span> <span class='ocrx_word' id='word_1_204' title='bbox 1314 4151 1402 4219; x_wconf 86' lang='lat' dir='ltr'>vobis</span> <span class='ocrx_word' id='word_1_205' title='bbox 1418 4152 1457 4218; x_wconf 88' lang='lat' dir='ltr'>de</span> <span class='ocrx_word' id='word_1_206' title='bbox 1472 4151 1535 4218; x_wconf 89' lang='lat' dir='ltr'>illis</span> <span class='ocrx_word' id='word_1_207' title='bbox 1551 4151 1693 4238; x_wconf 90' lang='lat' dir='ltr'>epistolis</span> <span class='ocrx_word' id='word_1_208' title='bbox 1709 4153 1814 4220; x_wconf 87' lang='lat' dir='ltr'>sancti</span> 
     </span>
     <span class='ocr_line' id='line_1_30' title="bbox 639 4263 1813 4355; baseline 0.005 -25"><span class='ocrx_word' id='word_1_209' title='bbox 639 4263 783 4349; x_wconf 81' lang='lat' dir='ltr'>Gregorii</span> <span class='ocrx_word' id='word_1_210' title='bbox 806 4266 1012 4333; x_wconf 89' lang='lat' dir='ltr'>mitteremus.</span> <span class='ocrx_word' id='word_1_211' title='bbox 1049 4267 1113 4334; x_wconf 86' lang='lat' dir='ltr'>Sed</span> <span class='ocrx_word' id='word_1_212' title='bbox 1136 4287 1219 4334; x_wconf 88' lang='lat' dir='ltr'>nunc</span> <span class='ocrx_word' id='word_1_213' title='bbox 1241 4269 1371 4335; x_wconf 91' lang='lat' dir='ltr'>minime</span> <span class='ocrx_word' id='word_1_214' title='bbox 1394 4269 1554 4354; x_wconf 89' lang='lat' dir='ltr'>potuimus</span> <span class='ocrx_word' id='word_1_215' title='bbox 1571 4269 1689 4334; x_wconf 90' lang='lat' dir='ltr'>sanctis</span> <span class='ocrx_word' id='word_1_216' title='bbox 1704 4275 1813 4355; x_wconf 88' lang='lat' dir='ltr'>pater·</span> 
     </span>
     <span class='ocr_line' id='line_1_31' title="bbox 638 4381 1813 4470; baseline 0.005 -24"><span class='ocrx_word' id='word_1_217' title='bbox 638 4381 747 4447; x_wconf 85' lang='lat' dir='ltr'>uitatis</span> <span class='ocrx_word' id='word_1_218' title='bbox 770 4388 893 4449; x_wconf 85' lang='lat' dir='ltr'>vestrae</span> <span class='ocrx_word' id='word_1_219' title='bbox 915 4385 1093 4469; x_wconf 85' lang='lat' dir='ltr'>praeceptis</span> <span class='ocrx_word' id='word_1_220' title='bbox 1117 4403 1239 4470; x_wconf 88' lang='lat' dir='ltr'>parere,</span> <span class='ocrx_word' id='word_1_221' title='bbox 1264 4404 1299 4450; x_wconf 91' lang='lat' dir='ltr'>eo</span> <span class='ocrx_word' id='word_1_222' title='bbox 1324 4385 1407 4470; x_wconf 89' lang='lat' dir='ltr'>quod</span> <span class='ocrx_word' id='word_1_223' title='bbox 1430 4384 1525 4450; x_wconf 92' lang='lat' dir='ltr'>nimis</span> <span class='ocrx_word' id='word_1_224' title='bbox 1548 4383 1691 4450; x_wconf 87' lang='lat' dir='ltr'>attritum</span> <span class='ocrx_word' id='word_1_225' title='bbox 1716 4391 1813 4470; x_wconf 80' lang='lat' dir='ltr'>atque</span> 
     </span>
     <span class='ocr_line' id='line_1_32' title="bbox 636 4498 1812 4584; baseline 0.004 -22"><span class='ocrx_word' id='word_1_226' title='bbox 636 4499 671 4563; x_wconf 92' lang='lat' dir='ltr'>in</span> <span class='ocrx_word' id='word_1_227' title='bbox 705 4498 874 4583; x_wconf 82' lang='lat' dir='ltr'>podagrico</span> <span class='ocrx_word' id='word_1_228' title='bbox 908 4498 1039 4566; x_wconf 86' lang='lat' dir='ltr'>humore</span> <span class='ocrx_word' id='word_1_229' title='bbox 1073 4505 1105 4566; x_wconf 93' lang='lat' dir='ltr'>et</span> <span class='ocrx_word' id='word_1_230' title='bbox 1138 4500 1246 4567; x_wconf 91' lang='lat' dir='ltr'>dolore</span> <span class='ocrx_word' id='word_1_231' title='bbox 1278 4501 1447 4584; x_wconf 82' lang='lat' dir='ltr'>fatigatum</span> <span class='ocrx_word' id='word_1_232' title='bbox 1480 4505 1672 4567; x_wconf 89' lang='lat' dir='ltr'>memoratus</span> <span class='ocrx_word' id='word_1_233' title='bbox 1706 4506 1812 4568; x_wconf 85' lang='lat' dir='ltr'>vester</span> 
     </span>
     <span class='ocr_line' id='line_1_33' title="bbox 637 4613 1810 4701; baseline 0.004 -22"><span class='ocrx_word' id='word_1_234' title='bbox 637 4613 793 4699; x_wconf 91' lang='lat' dir='ltr'>presbiter</span> <span class='ocrx_word' id='word_1_235' title='bbox 815 4634 873 4700; x_wconf 90' lang='lat' dir='ltr'>per</span> <span class='ocrx_word' id='word_1_236' title='bbox 894 4620 1019 4701; x_wconf 88' lang='lat' dir='ltr'>tempus</span> <span class='ocrx_word' id='word_1_237' title='bbox 1042 4617 1198 4701; x_wconf 81' lang='lat' dir='ltr'>cognovit,</span> <span class='ocrx_word' id='word_1_238' title='bbox 1222 4617 1268 4683; x_wconf 88' lang='lat' dir='ltr'>ita</span> <span class='ocrx_word' id='word_1_239' title='bbox 1290 4616 1380 4682; x_wconf 89' lang='lat' dir='ltr'>utin</span> <span class='ocrx_word' id='word_1_240' title='bbox 1404 4636 1440 4683; x_wconf 91' lang='lat' dir='ltr'>eo</span> <span class='ocrx_word' id='word_1_241' title='bbox 1461 4637 1513 4683; x_wconf 93' lang='lat' dir='ltr'>me</span> <span class='ocrx_word' id='word_1_242' title='bbox 1532 4615 1639 4684; x_wconf 91' lang='lat' dir='ltr'>dolore</span> <span class='ocrx_word' id='word_1_243' title='bbox 1658 4615 1810 4684; x_wconf 85' lang='lat' dir='ltr'>afflictum</span> 
     </span>
    </p>
   </div>
   <div class='ocr_carea' id='block_1_8' title="bbox 637 4793 1811 4922">
    <p class='ocr_par' dir='ltr' id='par_1_10' title="bbox 637 4793 1811 4922">
     <span class='ocr_line' id='line_1_34' title="bbox 709 4793 1811 4856; baseline 0.004 -18"><span class='ocrx_word' id='word_1_244' title='bbox 709 4805 730 4838; x_wconf 78' lang='grc' dir='ltr'>ι.</span> <span class='ocrx_word' id='word_1_245' title='bbox 752 4805 797 4851; x_wconf 73' lang='lat' dir='ltr'>qut</span> <span class='ocrx_word' id='word_1_246' title='bbox 814 4796 868 4841; x_wconf 79' lang='lat' dir='ltr'>Mc.</span> <span class='ocrx_word' id='word_1_247' title='bbox 946 4793 968 4839; x_wconf 87' lang='lat' dir='ltr'>b.</span> <span class='ocrx_word' id='word_1_248' title='bbox 989 4812 1019 4839; x_wconf 75' lang='lat' dir='ltr'>ex</span> <span class='ocrx_word' id='word_1_249' title='bbox 1035 4797 1063 4840; x_wconf 79' lang='lat' dir='ltr'><em>M</em></span> <span class='ocrx_word' id='word_1_250' title='bbox 1077 4794 1215 4850; x_wconf 77' lang='lat' dir='ltr'>tte—tta,</span> <span class='ocrx_word' id='word_1_251' title='bbox 1232 4797 1253 4843; x_wconf 84' lang='lat' dir='ltr'><em>C</em></span> <span class='ocrx_word' id='word_1_252' title='bbox 1268 4794 1368 4842; x_wconf 73' lang='grc'><strong>49-60.</strong></span> <span class='ocrx_word' id='word_1_253' title='bbox 1392 4795 1563 4843; x_wconf 68' lang='lat' dir='ltr'>brantomo</span> <span class='ocrx_word' id='word_1_254' title='bbox 1581 4797 1621 4851; x_wconf 76' lang='grc' dir='ltr'>Μ,·</span> <span class='ocrx_word' id='word_1_255' title='bbox 1639 4795 1696 4842; x_wconf 71' lang='lat' dir='ltr'>Ibem</span> <span class='ocrx_word' id='word_1_256' title='bbox 1712 4795 1811 4856; x_wconf 71' lang='lat' dir='ltr'>epistola</span> 
     </span>
     <span class='ocr_line' id='line_1_35' title="bbox 637 4871 1216 4922; baseline 0.003 -4"><span class='ocrx_word' id='word_1_257' title='bbox 637 4871 749 4919; x_wconf 76' lang='lat' dir='ltr'>dommuli</span> <span class='ocrx_word' id='word_1_258' title='bbox 765 4871 855 4919; x_wconf 76' lang='lat' dir='ltr'>diaconi</span> <span class='ocrx_word' id='word_1_259' title='bbox 871 4872 902 4918; x_wconf 79' lang='lat' dir='ltr'>sd</span> <span class='ocrx_word' id='word_1_260' title='bbox 917 4875 1020 4920; x_wconf 60' lang='lat' dir='ltr'>sancum</span> <span class='ocrx_word' id='word_1_261' title='bbox 1035 4873 1172 4920; x_wconf 81' lang='lat' dir='ltr'>Beniistinm</span> <span class='ocrx_word' id='word_1_262' title='bbox 1190 4877 1216 4922; x_wconf 80' lang='grc' dir='ltr'>ι’.</span> 
     </span>
    </p>
   </div>
   <div class='ocr_carea' id='block_1_9' title="bbox 0 0 2176 6034">
    <p class='ocr_par' dir='ltr' id='par_1_11' title="bbox 0 0 2176 6034">
     <span class='ocr_line' id='line_1_36' title="bbox 0 0 2176 6034; baseline 0 1"><span class='ocrx_word' id='word_1_263' title='bbox 0 0 2176 6034; x_wconf 95' lang='lat' dir='ltr'> </span> 
     </span>
    </p>
   </div>
  </div>
 </body>
</html>
