4342 6034
673 800 738 867 308
878 818 905 866 s.
920 816 1096 866 normann
1117 818 1162 865 nr
1183 818 1286 867 nonu
1308 818 1495 867 nsrsronsn
1518 819 1571 866 roe.
1587 816 1634 865 rso

804 958 843 1026 In
863 980 962 1045 regno
984 958 1105 1044 Patrio,
1129 978 1186 1029 een
1208 958 1312 1027 marus
1336 958 1429 1027 Titan
1451 960 1486 1027 in
1509 960 1594 1045 orbe,

804 1075 911 1163 Atque
932 1096 991 1163 por
1013 1081 1180 1161 augomam
1201 1074 1401 1143 Hierusalem
1423 1096 1501 1143 vooe
1523 1076 1694 1143 Tonantem

805 1190 858 1259 Sio
880 1188 1043 1259 dominum
1066 1212 1192 1279 semper
1214 1189 1345 1259 laudent
1367 1192 1436 1259 sine
1458 1192 1521 1260 fine
1543 1193 1709 1278 dieentes,

804 1306 848 1374 Et
870 1312 996 1375 sanotae
1018 1309 1139 1395 pariter
1161 1308 1351 1376 ooneinnant
1374 1330 1428 1377 ore
1450 1329 1509 1397 per
1531 1328 1635 1377 auras.

803 1423 865 1491 llio
885 1424 1002 1508 iugiter
1024 1424 1185 1492 eelebrent
1208 1424 1330 1492 exoelso
1355 1428 1497 1494 earmina
1519 1426 1660 1507 Christ03

803 1538 904 1618 Quem
925 1540 1039 1607 ohorns
1061 1546 1238 1628 martyrum
1261 1541 1307 1608 sio
1329 1542 1425 1609 simul
1447 1542 1549 1610 omnis
1572 1538 1703 1625 orabitl,

802 1653 938 1723 hlnltum
960 1656 1000 1723 de
1022 1656 1159 1727 Domino
1183 1656 1338 1742 gaudens,
1362 1658 1402 1725 de
1424 1664 1567 1745 pentorn·
1590 1655 1706 1723 multas

800 1749 975 1839 Effnndens
996 1770 1107 1840 landos
1129 1774 1277 1857 gratans‘
1301 1774 1482 1861 hominique
1504 1774 1644 1859 Deoqne,

801 1886 930 1957 Laetior
952 1910 1009 1957 ora
1029 1890 1133 1956 modis
1156 1889 1301 1957 attohens
1324 1889 1450 1977 placida
1471 1890 1571 1957 miris.

805 2002 905 2072 Grede
928 2004 1021 2090 mihi,
1046 2006 1121 2092 quia
1143 2011 1175 2073 te
1198 2026 1321 2073 summo
1345 2006 1526 2094 oonploetor
1549 2024 1664 2072 amore.

703 2138 711 2147 ’
757 2147 837 2215 Vale
859 2146 985 2215 Christo
1008 2148 1204 2234 virguncula,
1295 2147 1414 2216 Christi
1436 2168 1551 2234 nempe
1573 2145 1740 2230 tiruncula,

757 2262 837 2330 Mihi
859 2274 949 2331 oure·
971 2284 1163 2351 magnopere
1253 2271 1348 2351 atque
1370 2285 1470 2349 gnere
1491 2264 1526 2330 in
1548 2283 1653 2351 opere,

639 2376 644 2385 '
757 2378 829 2469 Tibi
850 2378 960 2447 laudes
983 2385 1152 2447 contexero
1243 2384 1336 2467 atque
1358 2386 1464 2467 grates
1486 2380 1656 2465 ingemino.

757 2494 864 2580 Teque
886 2514 962 2580 rogo
986 2516 1059 2563 oum
1080 2500 1228 2582 tremore,
1319 2516 1417 2583 agna,
1440 2496 1558 2563 Christi
1580 2516 1640 2583 pro
1664 2478 1793 2561 amoroz'

757 2609 840 2677 Vota
860 2611 957 2678 redde
979 2632 1052 2679 oum
1073 2612 1197 2681 fervore
1285 2612 1451 2680 Altissimo
1474 2612 1509 2680 in
1532 2610 1668 2679 aethere.

757 2726 843 2807 Quae
865 2728 1044 2815 pepigimus
1067 2729 1199 2816 pariter,
1289 2748 1466 2796 memorare
1488 2726 1664 2796 vivaciter‘.

672 2912 759 2983 140.
781 2914 920 2999 Qddom
936 2916 986 2985 se
1001 2930 1215 3004 moretontem
1234 2916 1441 2985 cometarum.
1465 2913 1501 2997 (S
1512 2916 1567 3001 48,
1580 2913 1620 2982 W
1635 2912 1747 2999 leat}
1762 2910 1828 2989 150)
1912 2896 1913 2931 ³

754 3046 1020 3117 Reverentissimo
1035 3050 1128 3116 fratri
1143 3050 1323 3136 Christique
1338 3049 1470 3117 emerito
1485 3048 1597 3115 militil
1609 3020 1665 3115 (sl.
1682 3049 1717 3115 in
1733 3044 1831 3115 aethe·

666 3164 714 3231 rio
736 3162 804 3231 Deo
827 3165 997 3250 gloriosam
1019 3166 1146 3232 divinae
1169 3167 1331 3255 sospitatis
1355 3164 1499 3233 salutem.

755 3280 970 3361 Quorumdam
1005 3282 1232 3351 venerabilium
1265 3302 1428 3349 servorum
1456 3280 1517 3347 Dei
1544 3280 1697 3348 relatione
1725 3276 1855 3379 dedici*

667 3397 752 3484 quod
774 3397 887 3465 aeorba
907 3396 1091 3465 morborum
1113 3398 1287 3466 valitudine
1309 3399 1448 3483 graviter
1471 3396 1617 3482 effeetus,
1641 3396 1697 3463 din
1718 3394 1831 3464 erneis

666 3518 729 3598 tos,
751 3512 908 3582 laboriose
929 3513 1081 3598 fatigatus
1104 3516 1165 3599 sis,
1188 3534 1251 3581 non
1274 3520 1381 3582 mmen
1403 3514 1578 3599 lugubriter
1600 3514 1750 3581 defectos.
1794 3506 1833 3575 llt

668 3634 773 3697 antmn
795 3630 855 3697 hoo
876 3629 955 3696 mihi
977 3635 1163 3716 oonportnm
1187 3637 1245 3715 est,
1269 3636 1374 3716 grates
1398 3630 1534 3717 spiritali
1556 3630 1641 3717 patri
1656 3648 1764 3714 egens,
1787 3644 1832 3693 ee·

666 3744 741 3812 lesti
762 3746 866 3829 gratia
887 3750 920 3813 te
941 3746 1122 3829 visitatum,
1147 3748 1253 3814 divino
1276 3768 1407 3814 munere
1431 3748 1583 3832 ditatum,
1608 3746 1744 3835 spirituli
1767 3760 1833 3829 spt-
1911 3780 1912 3794 2

667 3861 782 3928 nimine
805 3867 950 3928 ornatum
972 3882 1051 3947 esse,
1074 3863 1226 3931 intellexi.
1262 3863 1336 3949 lste,
1359 3864 1499 3951 inquam,
1522 3864 1663 3931 visitatio
1676 3858 1834 3946 flagellan-

666 3978 709 4044 tis
731 3977 862 4045 Domini
883 3983 916 4045 te
937 3978 1070 4063 invitat,
1095 3986 1131 4047 ut
1153 3980 1182 4048 ei
1205 3980 1346 4047 inhiante
1369 3980 1524 4047 desiderio
1547 3986 1580 4047 et
1599 3972 1836 4046 inmaroisoibili

667 4094 799 4162 oaritate
830 4094 980 4179 iungeris.
1024 4095 1098 4162 Ideo
1133 4116 1305 4183 numquam
1333 4096 1373 4163 de
1400 4097 1554 4165 memoria
1581 4093 1835 4173 oblitterandum,

668 4210 753 4297 quod
781 4211 901 4278 dietum
929 4217 992 4279 est:
1027 4212 1213 4300 Concupioit
1240 4238 1297 4281 roa
1323 4218 1458 4301 speeiem
1488 4208 1600 4281 aamt
1646 4210 1690 4279 Et
1717 4206 1836 4278 sollerti

667 4327 872 4395 meditatione
898 4348 963 4395 non
990 4328 1116 4412 ignores
1144 4334 1194 4413 te,
1223 4328 1298 4397 lioet
1320 4330 1360 4395 ad
1383 4335 1507 4416 tempos
1530 4348 1627 4395 manu
1649 4324 1835 4412 flagellantis

667 4450 700 4512 et
721 4445 857 4513 amantis
879 4442 1009 4510 Domini
1036 4442 1247 4530 infirmatum,
1277 4450 1384 4513 tamen
1414 4444 1615 4513 aeternaliter
1643 4442 1684 4531 ad
1712 4442 1836 4511 mimae

666 4560 801 4629 salntem
822 4565 1045 4649 preparatum
1074 4560 1149 4647 quia
1177 4560 1317 4646 flagellat
1339 4560 1425 4629 Deus
1449 4582 1574 4630 omnem
1597 4559 1713 4647 lilium,
1740 4575 1835 4646 quem

738 4718 759 4751 ι.
778 4704 882 4752 &mles
900 4704 927 4750 V.
1004 4704 1027 4750 b.
1048 4707 1082 4751 rie
1102 4714 1136 4753 est
1155 4722 1231 4753 otram
1252 4708 1275 4751 ln
1292 4706 1345 4751 eod.
1423 4718 1443 4751 e.
1463 4706 1556 4766 pectore
1570 4706 1662 4765 anhele
1676 4704 1781 4753 snm
1794 4715 1836 4761 pn

666 4786 758 4831 undere
775 4784 804 4831 V.
878 4782 902 4829 a
922 4784 1014 4841 miens
1029 4786 1121 4844 turholt
1136 4786 1239 4833 sororios
1253 4802 1296 4844 pro
1313 4782 1428 4843 gratuitos
1446 4784 1474 4832 7.
1547 4798 1567 4831 a.
1588 4796 1642 4831 eura
1660 4786 1687 4831 V.
1756 4780 1774 4829 l.
1796 4780 1837 4826 mt-

665 4864 753 4910 miter
770 4864 797 4911 V.
875 4876 898 4921 g.
917 4879 947 4909 ex
963 4864 1122 4911 731-81υ.
1146 4866 1252 4912 bno:
1267 4864 1324 4911 llam
1339 4864 1444 4925 eplslolo.
1521 4863 1545 4911 h.
1566 4862 1639 4911 milite
1657 4864 1685 4911 7.

739 4964 1007 5037 ammam
