4342 6034
683 794 870 845 brunones
891 795 1122 845 noousuusas
1146 796 1174 843 ιι
1448 780 1514 847 833

359 942 446 1003 stram
469 941 668 1023 spernentes,
695 938 788 1022 quasi
814 938 883 1005 fers
908 938 1012 1005 bestia
1032 938 1133 1005 sitam
1154 942 1297 1005 nostram
1318 936 1458 1005 lacerare
1482 942 1515 1005 et
1549 946 1601 1003 8⁷1

359 1053 434 1119 omui
454 1051 639 1121 auctoritate
659 1052 824 1135 indignam
839 1088 882 1099 —
898 1060 935 1121 ut
955 1054 1069 1121 merito
1093 1060 1281 1139 possunt-
1298 1054 1418 1137 garrire
1440 1072 1514 1121 oon-
1531 1022 1586 1080 ΑΝ·
1597 1020 1628 1067 ³⁰

357 1173 528 1250 suaserunt3
552 1168 723 1235 adicientes
744 1169 876 1256 insuper
897 1174 930 1235 et
945 1170 1183 1253 comminantes,
1200 1169 1285 1255 apud
1298 1188 1355 1237 sos
1370 1169 1410 1237 de
1424 1168 1514 1237 nobis

357 1304 386 1349 ss
404 1283 613 1351 vindicaturos
641 1289 675 1351 et
704 1284 743 1351 de
765 1285 867 1368 gradu
889 1285 1062 1372 episcopali
1084 1282 1292 1371 deposituros.
1337 1283 1436 1353 Nobis
1460 1304 1515 1351 en·

355 1406 426 1483 tam,
452 1400 748 1467 misericordissima
768 1399 831 1467 Dei
843 1458 847 1465 .
859 1401 964 1483 grstia
985 1400 1181 1468 custodiente
1195 1420 1275 1485 nos,
1302 1420 1361 1487 pro
1384 1400 1515 1467 minimo

355 1520 405 1599 cst,
426 1515 465 1583 ab
486 1516 628 1583 humano
648 1515 701 1583 die
722 1516 857 1584 iudicari
867 1514 887 1583 ¹.
922 1515 985 1585 Sed
1008 1516 1083 1602 quia
1105 1536 1232 1583 servum
1254 1516 1316 1583 Dei
1337 1535 1401 1583 non
1423 1536 1516 1602 opor-

354 1636 394 1697 tet
416 1626 564 1716 litigari’,
591 1632 690 1698 immo
717 1633 794 1717 quia
820 1632 976 1701 Dominus
1005 1631 1100 1715 dioit,
1130 1632 1185 1717 qui
1214 1631 1377 1699 ecclesiam
1407 1631 1516 1699 audire

353 1748 549 1833 mntempnit,
571 1765 629 1833 pro
652 1746 777 1815 ethnico
798 1742 1007 1832 babendum,
1030 1746 1266 1815 verberationes
1288 1766 1398 1815 eorum
1412 1747 1516 1813 revin-

354 1880 415 1929 cere
435 1883 500 1931 non
520 1862 728 1947 invenientes,
750 1864 923 1933 secundum
937 1868 1128 1951 potestatem
1142 1869 1295 1948 nostram,
1319 1883 1414 1948 quam
1430 1850 1517 1929 dedit

353 1978 434 2046 nobis
455 1978 613 2045 Dominus
634 1979 670 2045 in
690 1978 939 2048 aedificationem
962 1984 995 2047 et
1015 1999 1081 2046 nou
1103 1980 1136 2045 in
1165 1975 1437 2062 destrucb'onem‘,
1466 1998 1515 2045 se·

352 2114 511 2177 gregarm
534 2114 590 2162 eus
617 2094 657 2161 de
683 2101 775 2163 coetu
801 2094 959 2178 fidelium
988 2116 1031 2162 ne
1055 2094 1195 2182 lapides,
1223 2096 1259 2161 in
1286 2094 1399 2181 quihus
1425 2092 1516 2181 lepra

352 2230 551 2295 perseverans
573 2215 632 2295 est,
655 2210 685 2277 si
705 2212 788 2278 eruti
809 2232 875 2279 uon
895 2212 1024 2296 marist
1046 2216 1147 2279 totam
1169 2210 1289 2277 iaciant
1311 2210 1439 2277 domum
1461 2210 1515 2277 de-

353 2327 425 2393 strui
446 2332 480 2395 ot
501 2328 537 2393 iu
558 2324 627 2394 loco
648 2327 830 2395 immundo·
852 2324 992 2395 iactarP.

432 2440 618 2530 spetialiter
651 2447 758 2510 tamen
786 2443 949 2511 sanctitati
976 2448 1101 2511 vestras
1131 2441 1171 2509 de
1197 2440 1261 2509 illis
1290 2440 1412 2507 duobus
1439 2440 1516 2507 siris

351 2556 574 2643 significamus,
603 2578 701 2644 quam
729 2564 964 2645 presumptoros
993 2560 1060 2627 sint
1086 2564 1120 2626 et
1141 2558 1408 2644 prevaricatores,
1438 2576 1516 2641 quos

351 2670 404 2741 boc
430 2672 536 2741 anno*
564 2673 813 2747 dominationem
840 2672 980 2743 vestram
1006 2674 1111 2742 adisse
1139 2678 1172 2741 et
1198 2676 1305 2741 vestra
1332 2674 1518 2740 auctoritate

351 2787 505 2857 leentiam
525 2791 684 2877 accepisse
697 2811 763 2859 uon
776 2811 891 2857 uxores
906 2791 963 2867 ssd
977 2788 1159 2858 meretrices
1174 2808 1248 2857 suas
1262 2788 1408 2873 habendi,
1430 2794 1521 2855 certa·

350 2904 497 2973 relatione
520 2907 742 2993 comperimus.
776 2904 940 2991 Siquidem
960 2906 1096 2973 feminas
1118 2905 1206 2991 ipsas
1229 2904 1430 2973 beatissimae
1451 2924 1517 2971 me·

350 3020 463 3089 moriae
487 3018 684 3104 S(alomon)⁶
699 3021 949 3091 Constantiensis
972 3022 1140 3108 episcopus
1161 3040 1220 3087 sua
1233 3038 1331 3087 manu
1346 3018 1386 3085 sd
1400 3038 1516 3105 propo-

350 3137 441 3205 situm
461 3138 658 3222 virginitatis
680 3139 876 3207 consecravit
896 3144 930 3205 et
950 3138 1021 3224 ipse
1042 3136 1090 3205 eis
1112 3136 1272 3203 velamina
1285 3133 1461 3215 benedixit;
1485 3140 1518 3200 et

351 3272 382 3319 eo
401 3259 573 3341 praesento
598 3254 777 3339 regularem
804 3256 903 3323 vitam
930 3253 1092 3341 professae
1121 3257 1204 3319 sunt
1249 3250 1293 3319 Et
1320 3256 1410 3317 tanto
1436 3254 1517 3317 tem·

350 3388 421 3455 pore
446 3372 483 3438 iu
510 3370 704 3438 monasterio
733 3371 852 3457 positas
875 3370 978 3437 omnis
1001 3368 1172 3437 Germanis
1194 3366 1291 3435 novit
1325 3364 1418 3433 Viros
1442 3384 1516 3449 ergo

349 3485 423 3553 tales
443 3486 648 3554 indemnatos
671 3487 867 3573 relinquere,
887 3486 937 3553 ias
960 3490 993 3569 et
1013 3486 1085 3552 iura
1108 3482 1274 3551 sinebant?
1355 3480 1517 3549 Audacter

349 3599 478 3670 dicimus
508 3602 564 3669 sed
590 3622 656 3669 non
683 3602 951 3690 praesumptorie:
981 3601 1065 3687 quod
1086 3600 1192 3667 sirim
1212 3598 1319 3683 illum,
1347 3616 1440 3684 quem
1463 3598 1517 3665 do-

349 3735 450 3786 cossor
470 3722 594 3803 vester,
623 3719 673 3785 vir
694 3718 860 3805 apostolici
881 3717 999 3803 vigoris
1024 3752 1064 3763 —
1087 3717 1179 3783 iuxta
1199 3734 1315 3782 nomen
1338 3732 1429 3780 suum
1451 3714 1516 3779 vic-

349 3836 396 3909 tor
422 3833 615 3923 populorum
639 3874 681 3885 -
705 3832 906 3903 beatissimus
928 3826 1104 3915 Nicolsus²,
1134 3850 1198 3897 non
1221 3830 1373 3917 pecuniae
1396 3828 1516 3916 cupidi-

349 3954 410 4017 tots
440 3951 499 4019 sed
528 3950 710 4017 omnimoda
737 3951 805 4017 eius
834 3950 969 4017 inlectus
990 3944 1253 4031 rationabilitate,
1281 3950 1355 4032 post
1375 3940 1517 4012 nostram

349 4064 537 4149 legationem
559 4066 709 4151 absolvit,
740 4066 976 4134 evidentissime
997 4062 1076 4130 ultio
1100 4062 1208 4129 divina
1229 4062 1415 4149 perculerit;
1439 4061 1516 4128 odeo

348 4186 383 4249 ut
401 4182 502 4249 liliam
532 4182 617 4266 eius,
646 4200 741 4267 quam
770 4182 810 4249 de
837 4181 948 4249 eodem
970 4179 1103 4248 muliere
1125 4182 1323 4265 susceperat,
1352 4178 1518 4244 subitanea

349 4316 432 4365 mors
455 4304 489 4367 et
509 4299 677 4385 inopiunts
696 4298 912 4385 praeveniret,
936 4302 969 4363 et
990 4296 1101 4364 eadem
1122 4295 1224 4383 ipsius
1247 4294 1377 4377 coniux,
1401 4292 1440 4359 ab
1462 4292 1516 4358 illo

350 4414 479 4481 coneilio
501 4412 697 4481 multimodis
719 4410 956 4480 infirmitatibus
971 4412 1122 4494 comesta,
1146 4414 1273 4499 postera
1288 4409 1339 4477 die
1353 4408 1448 4477 fuerit
1463 4428 1517 4475 sx-

351 4529 454 4599 meos
523 4528 644 4609 Quodsi
664 4530 809 4597 omnibus
831 4529 939 4616 pravis
961 4528 1021 4595 bne
1041 4526 1332 4594 incommodissime
1346 4523 1517 4593 commodi·

418 4678 440 4711 ι.
460 4663 545 4711 mdo
561 4663 631 4710 sodet
709 4664 731 4711 b.
750 4664 796 4711 boc
811 4676 870 4710 auno
885 4664 970 4723 scripsi
979 4679 1024 4721 pro
1038 4660 1112 4708 bomo
1128 4660 1199 4707 codd.

418 4752 444 4805 1.
470 4752 485 4805 1
498 4749 620 4806 cofiutb.
632 4750 659 4819 4,
671 4750 702 4804 3:
723 4748 810 4820 ,biiii
827 4752 919 4803 autem
931 4762 983 4817 pro
993 4746 1105 4803 minimo
1118 4749 1169 4816 est,
1187 4750 1220 4801 ut
1231 4760 1248 4800 s
1258 4742 1338 4799 vobis
1353 4742 1518 4799 indicerent

353 4834 520 4895 onumen«,
538 4836 615 4895 assa
689 4839 716 4893 s.
740 4836 984 4907 ammonam
1054 4838 1081 4891 s.
1106 4833 1201 4891 usto.
1216 4834 1258 4904 rs,
1272 4834 1315 4888 ιι.
1385 4834 1412 4889 s„
1436 4832 1517 4890 sco-

353 4924 525 4999 mbros
614 4925 976 4996 srsvnlcsossso.
1064 4924 1137 4981 ιιι.
1226 4922 1297 4979 ιι
