4342 6034
695 742 764 809 tto
949 758 1112 808 monscnr
1133 760 1320 809 rnnnnusre
1342 760 1424 807 vrrs
1446 760 1621 809 nonnosus

695 900 828 985 laturus,
851 900 981 987 pietatis
1003 920 1080 968 snae
1102 901 1216 968 merito
1238 920 1400 987 nunquam
1423 906 1507 969 esset
1520 902 1701 969 moriturus
1731 902 1840 988 urges

696 1036 737 1085 ex
764 1016 858 1085 etatis
887 1018 1066 1085 aemsdone
1089 1023 1122 1084 et
1142 1016 1336 1085 infirmitatis
1358 1018 1482 1085 senium
1504 1020 1721 1104 consequentis
1741 1038 1841 1087 moces

695 1133 785 1199 sione
813 1133 955 1219 corporis
982 1134 1129 1201 molestia
1155 1134 1245 1218 gravi
1273 1138 1444 1220 preventus
1472 1138 1530 1201 est
1570 1132 1646 1219 Qui,
1674 1134 1844 1203 vmatuss

598 1255 669 1313 1049
696 1253 805 1315 sancto
833 1248 902 1315 viro
924 1246 1030 1316 Leone
1058 1269 1144 1336 papa
1152 1244 1170 1333 ¹,
1199 1253 1236 1315 ιιι
1262 1249 1477 1337 recuperande
1507 1250 1653 1317 sanitatis
1679 1252 1776 1335 gratia
1800 1270 1844 1317 esu
1911 1326 1912 1331 ἵ

607 1329 657 1377 ⁰⁰t
695 1364 839 1432 carnium
867 1375 919 1433 se·
947 1363 1105 1450 reliceret,
1134 1368 1262 1449 rogatus
1292 1370 1349 1432 est
1387 1338 1536 1433 Obedivit
1563 1372 1596 1433 et
1624 1366 1764 1433 comedit
1795 1364 1845 1433 Sed

698 1481 848 1567 quoniam
870 1480 988 1547 ostium
1011 1481 1079 1547 sius
1102 1500 1227 1566 semper
1249 1480 1354 1567 patuit
1374 1481 1489 1549 victori
1509 1488 1542 1548 et
1555 1483 1722 1569 peregrino
1735 1500 1845 1570 vespere
1911 1506 1912 1525 ³

696 1616 767 1663 sero
790 1602 823 1663 et
844 1616 938 1663 mane
959 1598 1079 1683 primo,
1103 1596 1230 1681 quidam
1254 1596 1439 1683 peregrinus
1461 1596 1634 1665 monachus
1656 1598 1697 1665 ad
1718 1618 1785 1665 eum
1804 1618 1846 1665 ve

694 1712 757 1795 nit3
781 1718 946 1801 susceptus
969 1718 1019 1780 est
1041 1720 1074 1779 et
1096 1712 1136 1779 ad
1158 1730 1301 1779 mensam
1323 1712 1444 1779 ductus.
1480 1710 1622 1798 Cumque
1636 1714 1738 1800 pisces
1752 1714 1793 1781 ibi
1805 1713 1847 1781 de·

695 1835 811 1913 essent,
834 1848 872 1896 eo
894 1828 979 1915 qnod
1001 1828 1168 1916 episcopus
1191 1847 1285 1895 carne
1307 1834 1497 1913 vesceretur,
1520 1828 1674 1897 monacho
1696 1828 1744 1895 illi
1761 1831 1847 1896 curnis
1907 1846 1912 1868 ·‘

694 1945 903 2033 pulmentum,
927 1946 1074 2032 episcopo
1097 1944 1234 2029 iubente,
1259 1944 1440 2031 appositum
1463 1950 1520 2013 eet
1556 1944 1634 2029 Qui,
1657 1944 1771 2013 oblitus
1791 1966 1846 2013 sen

695 2062 828 2129 tentiam
844 2060 1018 2129 salvatoris
1038 2080 1102 2146 qua
1122 2061 1182 2127 ait:
1206 2062 1408 2143 Mcadacote,
1434 2084 1516 2151 quoe
1530 2076 1736 2149 oppcecaccr
1749 2056 1845 2142 cobb¹,

694 2196 805 2245 carnes
827 2178 960 2261 horruit,
983 2176 1234 2263 monachumque
1257 2196 1291 2244 se
1303 2177 1413 2263 signis
1436 2184 1469 2245 et
1489 2176 1619 2245 nutibus
1635 2178 1749 2264 quibus
1763 2177 1847 2265 potvit

694 2293 836 2381 pontifici
857 2293 1005 2359 innotuit
1040 2292 1139 2371 Quem
1161 2294 1196 2359 in
1219 2312 1253 2359 se
1274 2293 1344 2380 ipse
1367 2312 1558 2381 provocans,
1589 2294 1758 2381 episcopus
1778 2302 1807 2361 et
1821 2312 1846 2359 se

661 2388 665 2394 ’
694 2410 800 2496 ipsum
828 2408 968 2476 ostendit
988 2408 1178 2475 monachum
1200 2408 1268 2475 lore
1290 2414 1323 2477 οι
1344 2414 1451 2475 tamen
1474 2428 1585 2476 carnes
1608 2410 1788 2493 comedere,
1812 2408 1847 2475 di

692 2526 817 2610 xitqne:
847 2526 979 2607 Frater,
1000 2530 1103 2613 pasces
1125 2526 1215 2592 nobes
1238 2528 1365 2603 ducem
1387 2538 1497 2592 nostra
1520 2528 1646 2593 licentia
1668 2528 1846 2605 mendosae

694 2664 776 2731 quae
803 2645 894 2730 apud
918 2665 977 2708 nos
1005 2655 1086 2708 aaut.
1129 2640 1192 2708 Sed
1220 2639 1290 2725 ille,
1318 2640 1442 2707 nescim
1470 2640 1682 2709 obedientiam
1711 2660 1847 2709 murman

693 2776 763 2824 esse
785 2757 870 2825 vitae
890 2758 1099 2841 monasticae,
1124 2756 1283 2823 studiosus
1306 2756 1535 2842 continentiae,
1558 2777 1688 2825 securus
1711 2756 1847 2825 initote

692 2873 841 2941 (ιιιοιιοο.
876 2874 994 2941 Videns
1010 2880 1117 2940 antem
1134 2873 1276 2957 antistes,
1300 2868 1371 2939 eum
1387 2892 1450 2941 non
1466 2874 1675 2959 acquiescere,
1699 2894 1794 2943 mann
1807 2892 1847 2939 ex·

692 2993 792 3075 tensa,
816 2995 943 3058 sanctae
965 2996 998 3057 et
1017 2988 1200 3057 individuae
1223 2988 1386 3055 Trinitatis
1410 2990 1537 3057 nomine
1556 2997 1605 3058 ter
1620 2995 1752 3057 sanctae
1765 2988 1847 3059 cros

692 3106 817 3191 signum
840 3106 931 3189 tecit3
961 3112 1003 3190 et,
1025 3110 1141 3172 natura
1162 3105 1212 3172 ins
1235 3124 1327 3173 suum
1342 3104 1563 3190 obliviscente,
1585 3106 1775 3175 mirabiliter
1794 3124 1847 3173 crr-

692 3242 766 3289 nem
788 3222 944 3289 convertit
964 3223 999 3287 in
1020 3220 1151 3308 piscem,
1173 3221 1305 3309 pulpam
1327 3221 1447 3289 scilicet
1466 3224 1569 3289 carnis
1583 3223 1617 3289 in
1632 3222 1778 3307 fragmen
1791 3240 1847 3288 sue

693 3338 816 3406 vissimi
843 3337 954 3405 esocis.
993 3336 1267 3424 Expavescentem
1295 3338 1393 3423 igitur
1420 3337 1609 3405 monachum
1638 3344 1671 3405 et
1701 3339 1743 3406 ad
1769 3336 1847 3425 peda

693 3456 761 3523 eins
782 3452 963 3542 procidere*
986 3458 1164 3540 parantem,
1186 3459 1282 3542 prout
1302 3459 1427 3541 tempus
1449 3454 1605 3541 permisit,
1628 3474 1743 3542 aspere
1762 3455 1848 3521 incre

693 3571 797 3658 pavit3
821 3570 947 3655 docens,
969 3571 1070 3637 tocius
1094 3570 1193 3637 divini
1216 3571 1352 3637 servitus
1375 3588 1531 3637 summam
1551 3590 1621 3637 esse
1636 3570 1846 3639 obedientium:

693 3689 832 3776 Propter
854 3690 941 3774 qaod
960 3687 1065 3772 inquit
1086 3700 1116 3755 et
1135 3686 1276 3754 claues
1290 3689 1402 3774 sameas
1425 3700 1469 3754 cst
1491 3688 1635 3754 obeddom
1655 3690 1749 3776 parra·
1766 3706 1847 3773 osque

693 3806 738 3869 ad
757 3796 914 3871 mortem&

782 3918 984 4005 Requirimnr
1005 3918 1150 3985 fortassis
1172 3919 1256 3986 inter
1278 3918 1361 3985 dona
1382 3916 1443 3985 Dei
1464 3918 1499 3985 in
1522 3938 1558 3985 eo
1579 3918 1699 4004 aliquid
1713 3914 1847 3987 etiamde

691 4037 762 4124 ipso
784 4036 899 4121 dicere,
923 4040 1046 4103 essetne
1067 4034 1194 4101 ieiuniis
1217 4034 1341 4101 deditus
1356 4054 1464 4119 necne,
1488 4040 1653 4119 ceteraque
1665 4034 1753 4101 talia
1786 4029 1845 4111 Sed,

692 4152 761 4219 Deo
788 4157 884 4237 teste,
913 4172 995 4239 pene
1021 4151 1120 4218 nichil
1148 4150 1306 4235 singulare
1332 4152 1371 4218 de
1394 4170 1431 4219 eo
1453 4152 1544 4238 potui
1565 4152 1769 4236 investigare,
1795 4146 1845 4214 nisi

692 4269 774 4335 torte
796 4271 830 4335 in
852 4288 890 4336 eo
911 4268 1013 4353 magis
1036 4268 1095 4334 οἰιο
1118 4266 1301 4352 laudabilis,
1325 4268 1409 4353 quod
1430 4268 1579 4334 meritum
1602 4268 1670 4335 eius
1691 4266 1845 4347 investigo·
1905 4313 1911 4410 Ι

692 4384 755 4452 bile
777 4385 821 4452 sit
846 4385 971 4471 paucis3
1001 4384 1192 4451 assumentis
1214 4382 1380 4451 consilium
1408 4384 1493 4470 eius,
1525 4385 1579 4471 qui
1605 4384 1703 4451 dixit:
1730 4382 1844 4449 Nesciat
1906 4413 1911 4470 ς

691 4506 822 4570 mucro
843 4514 910 4584 tua,
935 4502 1014 4589 quid
1026 4502 1137 4587 factm
1158 4502 1286 4567 dcccmo
1308 4496 1390 4569 uso‘.
1425 4500 1534 4579 Qnabs
1559 4500 1611 4585 sit,
1635 4518 1741 4566 ornnes
1764 4492 1843 4563 modo
1911 4490 1912 4501 ’

764 4685 785 4719 ι
807 4684 833 4718 se
852 4670 944 4719 aaut
1005 4670 1029 4717 b.
1048 4668 1174 4730 procedere
1190 4686 1248 4717 corr.
1263 4672 1287 4716 ts
1302 4668 1421 4731 procidere
1437 4686 1458 4715 c.
1519 4682 1539 4714 c
1560 4670 1597 4715 set
1611 4685 1668 4715 sorr.
1685 4670 1706 4715 t·
1721 4666 1751 4713 rit
1765 4684 1784 4713 e.

764 4776 790 4831 1.
813 4774 872 4831 Leo
888 4772 928 4831 IX
951 4790 1026 4845 papa
1047 4789 1142 4829 mense
1164 4772 1275 4830 Octobri
1295 4788 1320 4829 a
1334 4773 1404 4829 1049
1421 4772 1579 4843 lloguntiae
1600 4766 1661 4829 tuit
1688 4770 1721 4829 V.
1737 4768 1842 4839 Rem

691 4868 768 4936 pont.
781 4864 859 4920 Rom.
877 4864 996 4920 sclav.
1051 4865 1076 4919 2.
1095 4864 1161 4918 Luc.
1173 4864 1216 4933 10,
1225 4864 1251 4919 8.
1305 4863 1331 4917 3.
1350 4859 1392 4917 (ld.
1405 4862 1520 4931 Philipp.
1533 4862 1559 4931 2,
1569 4860 1593 4916 8.
1648 4862 1675 4917 4.
1692 4852 1840 4925 natust
1907 4874 1913 5038 Ι
