4342 6034
648 764 714 831 632
853 782 933 829 vrrs
955 782 1111 829 naucum
1134 782 1398 830 nacrrmrrscorr
1420 782 1618 830 nocosrnrr

559 932 630 988 1159
648 944 773 1013 scopus,
796 944 856 1011 pro
878 922 975 991 officii
997 924 1048 989 sui
1070 922 1177 989 debito
1203 924 1243 990 ad
1266 922 1485 991 celebrandam
1503 924 1657 1011 synodum
1672 945 1705 991 se
1718 927 1818 992 accin-

569 1007 618 1054 θα
648 1062 742 1125 gens,
774 1046 884 1107 contra
913 1060 1021 1105 eorum
1044 1040 1198 1125 impetum
1222 1038 1354 1126 perfidie
1374 1040 1410 1106 in
1432 1039 1532 1107 multo
1554 1040 1691 1107 militum
1711 1040 1821 1108 mbors

650 1159 696 1224 eis
724 1157 834 1223 invitis
863 1156 1025 1223 civitatem
1046 1156 1226 1239 ingressus,
1255 1155 1359 1221 noluit
1381 1154 1499 1241 absque
1521 1157 1638 1223 iudicio
1660 1156 1824 1224 vendicare

649 1275 683 1339 in
710 1274 812 1359 ipsos3
843 1272 913 1355 sed,
943 1276 980 1337 ut
1001 1271 1074 1357 pius
1098 1276 1130 1338 et
1152 1272 1289 1338 clemens
1312 1278 1420 1358 pater,
1449 1272 1489 1338 ad
1512 1273 1755 1341 satisfactionem
1778 1310 1823 1321 -

650 1408 723 1455 cum
751 1408 805 1455 eos
833 1394 965 1473 repente
991 1392 1101 1473 posset
1129 1386 1300 1453 delere-
1324 1388 1441 1454 iterum
1470 1389 1649 1473 iterumque
1677 1390 1826 1471 inritans,

650 1505 796 1571 sinodum
825 1505 998 1569 instantem
1026 1502 1229 1569 celeberrimo
1258 1504 1508 1590 prosequebatur
1531 1502 1644 1571 officio.
1681 1504 1741 1573 Sed
1760 1506 1827 1591 ipsi

649 1620 707 1687 lilii
735 1620 869 1704 diaboli,
899 1619 1143 1686 obstinationem
1173 1624 1344 1702 sectantes,
1368 1624 1479 1686 contra
1501 1620 1712 1687 observabant
1732 1642 1829 1708 opor·

649 1738 837 1820 bonitatem,
868 1741 904 1801 ut
931 1734 1085 1801 assultum
1114 1735 1147 1800 in
1171 1736 1290 1821 synodo
1313 1732 1471 1803 iacerent¹
1493 1740 1526 1803 et
1548 1736 1732 1824 episcopam
1754 1758 1830 1805 cum
1919 1803 1920 1811 ,

649 1854 715 1920 suia
744 1874 784 1919 ex
812 1852 975 1938 inproviso
1005 1857 1204 1936 occuparent.
1241 1850 1303 1917 Sed
1330 1851 1385 1918 ubi
1408 1852 1495 1919 fraus
1520 1864 1647 1919 eorum·
1667 1854 1829 1940 impietati

649 1990 706 2036 sue
725 1966 921 2035 effectuum*
936 1986 1120 2054 processum
1135 1968 1317 2034 ministrare
1331 1967 1510 2053 nequibat,
1532 1974 1570 2035 ut
1583 1970 1712 2035 interim
1727 1970 1830 2036 maio-

649 2106 700 2152 res
724 2085 785 2151 sibi
808 2082 949 2171 passim¹
971 2068 1293 2168 vires'aeeerserent·,
1317 2084 1473 2167 rogabant
1487 2104 1525 2151 ea
1539 2104 1601 2171 que
1615 2085 1704 2171 pacis
1719 2092 1830 2167 erant3

649 2200 885 2284 offerebantque
907 2198 1166 2282 satisfactionem,
1190 2204 1226 2265 nt
1248 2200 1438 2267 sententiam
1454 2200 1638 2287 synodalem
1655 2206 1687 2267 et
1702 2220 1832 2268 excom·

647 2317 893 2383 manicationem
916 2314 975 2381 tali
996 2314 1258 2398 tergiversatione
1278 2316 1411 2382 evadere
1426 2322 1564 2402 possent
1649 2316 1833 2402 Interroga-

647 2432 703 2500 bat
730 2434 815 2499 enim
845 2432 979 2497 domnus
1007 2430 1271 2517 metropolitanus
1299 2432 1474 2498 sinodalem
1508 2434 1715 2499 sententiam:
1750 2434 1834 2519 quid

648 2568 744 2635 saper
765 2548 815 2613 his
839 2546 1057 2613 diffiniendum
1079 2546 1172 2631 foret,
1197 2546 1271 2632 quia
1294 2553 1326 2613 et
1349 2553 1459 2614 conta
1481 2568 1553 2615 enm
1577 2548 1623 2615 et'
1642 2558 1736 2615 suos‘
1752 2569 1835 2617 con-

647 2665 837 2730 iurationem
861 2664 1025 2748 fecissent,
1055 2668 1088 2730 et
1109 2662 1282 2729 insultumh
1306 2663 1507 2749 molirentur,
1532 2664 1641 2731 cedem
1664 2670 1696 2731 et
1717 2666 1836 2752 perni-

648 2780 730 2846 ciem
764 2780 862 2845 totins
901 2779 1033 2847 ecclesie
1062 2784 1095 2845 et
1123 2778 1410 2861 conturbationem
1450 2786 1483 2846 et
1512 2782 1703 2867 presentiam
1733 2798 1836 2848 suam

648 2897 740 2962 iuxta
754 2896 941 2962 canonicam
963 2894 1222 2962 consuetudinem
1245 2895 1394 2963 exhibere
1415 2896 1535 2982 synodo
1550 2896 1834 2982 contempsissent

649 3011 729 3091 Quo}
746 3032 818 3079 cum
841 3013 875 3077 in
897 3012 1061 3098 procinctu
1084 3011 1242 3078 sententia
1257 3018 1350 3097 esset,
1375 3012 1577 3080 differebatur
1591 3012 1835 3099 incrastinum,

650 3128 816 3213 agentibus
838 3128 1062 3212 internunciis,
1087 3129 1142 3213 qui
1164 3129 1425 3215 compositionem
1447 3130 1587 3197 lacerare
1608 3128 1813 3197 nitebantur.

739 3243 776 3309 In
803 3245 943 3310 crastino
965 3264 1056 3327 vero,
1086 3244 1128 3309 ad
1150 3245 1278 3311 tertiam
1301 3264 1401 3331 usque
1424 3245 1487 3311 diei
1509 3246 1632 3313 nunciis
1654 3246 1837 3315 hincinde

650 3359 935 3445 crebrescentibus,
969 3358 1060 3446 paci*
1089 3360 1218 3426 tandem
1252 3380 1310 3446 per
1343 3360 1588 3429 satisfactionem
1624 3362 1837 3447 devoventes,

650 3475 777 3563 publico
809 3496 980 3560 congressu
1016 3474 1122 3542 aulam
1156 3476 1367 3563 episcopalem
1401 3484 1434 3544 et
1462 3498 1555 3544 omne
1582 3477 1749 3544 concilium
1783 3480 1838 3547 se¹

652 3593 749 3659 armis
777 3591 935 3679 parabant
962 3591 1113 3657 invadere
1136 3598 1168 3657 st
1190 3597 1345 3676 stragem,
1375 3593 1561 3681 dispositam
1583 3594 1619 3660 in
1640 3594 1837 3681 episcopum

652 3729 797 3794 suosque,
821 3706 980 3795 perlicere.
1016 3707 1271 3793 Duxeruntque*
1290 3709 1389 3775 aciem
1413 3730 1503 3776 snam
1525 3710 1626 3777 tribus
1649 3709 1837 3797 ordinibus,

651 3829 688 3891 ut
708 3845 768 3911 per
790 3824 930 3891 medium
953 3824 1103 3908 ciuitatis,
1127 3824 1250 3908 dextra,
1274 3826 1466 3912 sinistraque
1488 3826 1752 3911 congrederentur
1767 3848 1838 3914 per

651 3946 774 4007 turmas
797 3960 887 4024 suas,
916 3961 989 4007 oum
1011 3940 1126 4025 gladiis
1150 3946 1182 4007 et
1203 3941 1354 4026 fustibus,
1383 3942 1502 4027 contis,
1529 3942 1651 4027 fondis,
1680 3942 1835 4029 audibam,

652 4058 801 4143 omnique
829 4056 961 4123 militia¹¹
984 4057 1166 4139 hominum3
1196 4076 1274 4141 qnos
1302 4056 1418 4123 ruralis
1441 4058 1547 4142 gleba,
1575 4058 1667 4126 tetris
1689 4059 1835 4127 acubus

650 4172 880 4258 fuligineaque⁰
898 4173 1038 4259 cuspide,
1062 4173 1194 4239 obscuro
1209 4173 1453 4259 fatiscentequel
1468 4174 1579 4261 clipeo,
1601 4174 1696 4241 fulvis
1710 4176 1835 4245 aridis-

652 4310 713 4375 que
734 4289 874 4371 vexillis3
899 4310 978 4374 quos
1000 4294 1032 4356 et
1053 4286 1222 4376 pelliparia
1243 4288 1428 4357 cordonaria
1451 4290 1590 4357 saccaria
1610 4290 1735 4359 lictoris
1756 4312 1834 4359 ma-

725 4462 746 4495 a
766 4466 809 4495 aaa.
826 4451 848 4495 2.
924 4448 948 4498 b.
969 4452 1084 4497 erectuum
1100 4450 1123 4497 2.
1202 4464 1221 4496 e.
1240 4446 1352 4509 nequibit
1366 4450 1389 4497 1.
1464 4450 1487 4497 d.
1507 4451 1634 4511 possint2
1705 4464 1727 4497 s.
1748 4464 1832 4500 socer·

653 4543 704 4577 aare
719 4530 742 4574 2
827 4528 845 4575 i.
867 4532 891 4575 et
905 4546 949 4575 om.
965 4530 987 4575 2.
1070 4542 1093 4588 g.
1114 4542 1168 4576 auos
1185 4530 1277 4577 addtdt
1363 4530 1386 4577 lr.
1405 4532 1519 4578 mustum
1536 4532 1558 4577 Β.
1640 4532 1656 4577 i.
1676 4530 1726 4587 Quo
1740 4536 1835 4592 seusa·

650 4626 694 4669 pro
710 4607 778 4665 Quod
794 4611 816 4665 1,
833 4611 855 4655 2.
966 4608 989 4655 k.
1011 4609 1204 4669 pati1‚psci2.
1315 4609 1331 4656 1.
1353 4624 1378 4657 sa
1395 4628 1437 4657 aas.
1454 4613 1477 4659 2.
1585 4624 1615 4657 m.
1636 4610 1786 4671 dumique
1807 4616 1832 4659 1.

652 4702 676 4735 n.
695 4688 787 4735 mabcia
801 4690 824 4735 ².
902 4702 923 4735 o.
942 4688 1087 4749 fulgineaque
1105 4692 1126 4735 1.
1203 4704 1227 4750 p.
1247 4689 1414 4751 inistentequa
1431 4694 1452 4737 1.

725 4794 750 4847 1.
776 4796 862 4863 ,post
878 4790 979 4848 testum
998 4794 1087 4848 saneti
1105 4793 1242 4863 Remigli“
1262 4796 1337 4864 (post
1354 4794 1568 4863 dIOctobris).
1595 4792 1714 4851 Annales
1732 4791 1761 4849 S.
1773 4794 1830 4851 Di·

653 4878 744 4936 sibodi
762 4882 840 4952 1159,
857 4882 931 4937 Mon.
943 4880 1036 4937 Germ.
1049 4880 1099 4937 SS.
1112 4882 1192 4938 XVII
1204 4882 1248 4937 29.
