4342 6034
613 769 639 816 s.
657 768 833 816 normann
853 769 899 816 nn
919 769 1022 816 nonni
1044 768 1230 816 nenenonsn
1256 770 1288 816 44
1470 751 1533 818 123

362 908 427 978 44.
449 911 632 978 Zachariae
650 933 743 998 papa
766 911 909 992 Wsttcae,
932 915 1080 998 episcopo
1095 911 1338 998 Barodarqensi
1354 935 1417 999 per
1432 913 1533 978 Roai-

440 1027 569 1111 fatiam
591 1030 771 1108 cmwaaoto,
794 1028 976 1113 praelator
997 1031 1124 1113 auoque
1146 1031 1249 1094 eedem
1273 1030 1460 1111 confimact'.

1151 1143 1187 1224 (S
1206 1147 1278 1226 131,
1302 1141 1341 1210 W
1357 1145 1411 1225 53,
1435 1141 1534 1224 Ger)

453 1274 669 1342 Dilectissimo
697 1273 789 1342 nobis
808 1273 967 1343 wistane
990 1283 1118 1344 sanctae
1146 1276 1315 1344 aecclesiae
1338 1272 1535 1344 Barbarane¹
1568 1283 1621 1338 743

360 1390 534 1458 Zacharias
556 1412 649 1478 papa
1553 1357 1633 1416 ΑΜ

453 1507 593 1574 Domino
614 1512 803 1594 cooperante
825 1513 858 1574 et
879 1526 1056 1574 sermonem
1078 1505 1321 1575 confirmante⁰¹
1337 1508 1378 1576 ad
1396 1507 1537 1575 delatan-

361 1622 460 1690 dam‘
483 1623 725 1691 christianitatis
746 1623 849 1706 legem
873 1628 906 1689 et
926 1624 1100 1691 orthodoxe
1122 1621 1196 1691 fidei
1218 1625 1394 1710 tramitem,
1418 1625 1459 1691 ad
1482 1625 1538 1691 do-

361 1739 517 1823 cendum,
545 1741 637 1806 innta
665 1739 748 1825 qnod
776 1739 942 1826 praedicat
969 1745 1079 1806 sancta
1107 1740 1184 1807 haec
1206 1739 1362 1825 Romana,
1392 1741 1443 1806 cui
1469 1739 1538 1806 Deo

362 1860 496 1922 anctore
524 1855 764 1942 praesedemns‘
787 1856 947 1922 aecclesia.
981 1855 1122 1923 Innotnit
1147 1855 1238 1924 nobis
1262 1855 1479 1924 sanctissimus
1502 1875 1539 1921 ac

361 1973 642 2040 reverentissimus
669 1971 769 2037 frater
797 1977 829 2038 et
855 1972 1059 2059 coepiscopus
1087 1977 1194 2040 noster
1215 1972 1408 2039 Bonifatius:
1439 1991 1540 2058 nuper

361 2087 561 2157 decrevisse¹
575 2094 608 2156 et
627 2087 791 2154 ordinasse
810 2088 845 2154 in
860 2086 1050 2154 Germaniae
1069 2089 1213 2174 partibus
1230 2087 1422 2176 episcopales
1439 2087 1539 2171 sedes,

361 2207 417 2274 nbi
452 2210 584 2292 praeest
612 2209 719 2271 vestra
745 2203 887 2285 dilectim
920 2209 953 2271 et
979 2205 1175 2290 provinciam
1204 2205 1238 2270 in
1265 2209 1337 2272 tres⁴
1359 2204 1541 2271 dividisset⁸

363 2321 563 2410 parrochias.
609 2319 677 2398 Qno
705 2321 846 2403 cognito,
874 2339 946 2387 cum
974 2341 1091 2404 magna
1119 2319 1312 2388 exaltatione
1339 2321 1478 2388 extensis
1501 2321 1541 2388 ad

362 2439 475 2505 sidera
495 2436 627 2523 palmia,
653 2435 873 2502 inluminatori
895 2442 928 2502 et
949 2437 1053 2503 datori
1075 2437 1216 2504 omnium
1240 2437 1392 2504 bonorum
1415 2437 1542 2504 domino

363 2554 436 2622 Deo
459 2558 495 2620 et
516 2552 668 2619 salvatori
689 2557 798 2619 nostro
821 2552 892 2619 lesu
914 2551 1040 2619 Christo
1068 2553 1188 2636 gratias
1217 2553 1354 2638 egimus,
1384 2554 1439 2638 qui
1466 2553 1544 2620 iacit

363 2676 505 2756 utraque
526 2664 651 2735 nnnm⁸.
741 2667 915 2752 Flagitavit
936 2673 1042 2735 autem
1065 2689 1085 2735 a
1106 2669 1197 2736 nobis
1220 2689 1277 2756 per
1298 2687 1372 2736 suae
1387 2669 1543 2756 syllabas'¹

365 2789 434 2854 iam
464 2786 569 2853 dictns
592 2785 820 2852 sanctissimus*
843 2785 908 2851 vir:
938 2803 997 2872 per
1019 2784 1224 2872 apostolicam
1249 2786 1467 2852 auctoritatem
1492 2805 1544 2852 ve-

365 2910 454 2971 stras
484 2900 665 2969 confirmari
696 2901 795 2968 sedes.
841 2899 904 2966 Pro
933 2921 995 2986 qno
1024 2905 1057 2968 et
1084 2919 1142 2966 nos
1166 2901 1290 2968 ardenti
1313 2901 1418 2968 animo
1442 2905 1474 2968 et
1496 2900 1544 2966 di-

366 3022 445 3086 vino
467 3019 629 3084 iuvamina
652 3053 694 3064 -
719 3017 905 3084 auctoritate
927 3017 1012 3084 beati
1032 3015 1120 3083 Petri
1142 3017 1296 3104 principis
1320 3015 1543 3104 apostolorum,

369 3137 424 3202 cni
447 3135 526 3200 data
546 3138 596 3200 est
618 3155 638 3199 a
660 3133 718 3200 deo
741 3139 774 3200 at
795 3133 952 3200 salvatore
974 3139 1082 3199 nostro
1105 3133 1175 3200 Iesu
1190 3131 1316 3199 Christo
1338 3131 1459 3217 ligandi
1482 3131 1544 3198 eol·

370 3250 533 3334 vendiqne
561 3255 701 3336 potestas
729 3255 859 3336 peccata
886 3249 1048 3315 hominnm
1078 3249 1111 3314 in
1139 3249 1226 3315 eaelo
1256 3255 1288 3316 et
1314 3250 1348 3314 in
1375 3246 1479 3316 terra‘
1505 3283 1544 3294 -

371 3365 599 3435 confirmamus
622 3372 726 3450 atque,
750 3365 866 3432 solidas
887 3385 1075 3452 permanere
1097 3370 1219 3432 vestras
1238 3363 1432 3452 episcopales
1448 3363 1548 3449 sedes,

373 3483 552 3564 sancimns3
580 3481 804 3548 interdicentes
825 3482 926 3569 ipsine
949 3482 1103 3568 principis
1127 3481 1340 3568 apostolorum
1363 3481 1549 3547 anctoritate

374 3623 395 3666 a
415 3598 581 3686 praesenti
603 3597 747 3664 omnibns
770 3602 804 3664 et
820 3599 855 3663 in
874 3597 997 3664 futuras
1013 3597 1242 3682 generationes,
1267 3603 1302 3664 ut
1315 3595 1420 3662 nullus
1435 3597 1550 3662 audeat

375 3723 489 3783 mntra
517 3713 649 3780 eandem
677 3719 816 3780 scemam
845 3713 953 3780 venire
981 3713 1227 3797 ordinationem,
1257 3712 1372 3798 quamk
1401 3712 1550 3796 dignante

376 3833 446 3899 Deo
478 3850 518 3896 ex
545 3835 656 3896 nostra
676 3830 899 3917 praeceptione
921 3831 955 3894 in
976 3829 1079 3896 voltis¹
1106 3829 1191 3896 facta
1218 3833 1280 3910 est3
1310 3833 1343 3895 et
1369 3828 1428 3894 hoc
1454 3827 1551 3894 inter-

377 3951 537 4031 dicentes,
565 3949 602 4012 ut
628 3945 733 4012 nullus
757 3946 872 4012 audeat
896 3981 936 3990 —
960 3946 1050 4012 iuxta
1071 3949 1253 4012 sanctorum
1276 3963 1432 4010 canonum
1454 3943 1552 4010 tradi-

378 4068 499 4133 tionem
523 4101 566 4110 -
590 4083 630 4129 ex
659 4061 721 4128 alio
751 4061 935 4148 episcopatu
966 4061 1085 4128 ibidem
1112 4060 1296 4128 translatari
1324 4065 1380 4126 ant
1407 4059 1553 4126 ordinare

381 4184 566 4270 episcopum
587 4183 661 4266 post
681 4182 821 4245 vestram
843 4178 883 4244 de
904 4177 964 4244 hoc
985 4177 1092 4244 seonlo
1114 4178 1338 4261 evocationem,
1361 4172 1424 4242 nisi
1437 4175 1476 4260 is,
1499 4176 1554 4260 qui

452 4373 476 4406 a.
496 4375 527 4406 ex
543 4361 573 4405 n
587 4357 692 4412 16-17,
710 4358 730 4404 ί*
745 4355 850 4402 10-11.
872 4357 926 4404 aa«
941 4358 1044 4402 umaro
1060 4359 1101 4412 m
1117 4355 1174 4402 Item
1190 4353 1289 4416 epistola
1302 4353 1425 4401 thariae
1440 4353 1470 4400 ad
1484 4353 1553 4400 Boni·

382 4441 459 4488 iatinrn
477 4442 505 4486 C.
583 4437 607 4484 b.
625 4437 726 4483 Witianc
742 4439 783 4490 M,
802 4434 876 4498 inste
893 4437 919 4482 C.
997 4448 1017 4481 c.
1038 4435 1209 4482 confirmantem
1225 4437 1261 4480 M.
1337 4433 1359 4479 d.
1381 4450 1437 4478 corr.
1453 4435 1476 4478 in
1496 4432 1553 4480 dila·

383 4521 476 4568 tnndun
492 4522 521 4568 c.
604 4530 624 4563 a
645 4535 702 4564 corr.
717 4518 741 4563 tn
760 4515 916 4576 praesidemus
933 4517 960 4562 C.
1042 4515 1059 4562 t
1079 4513 1216 4562 discrevisse
1233 4516 1260 4561 C.
1338 4525 1360 4570 g.
1380 4529 1437 4559 corr.
1453 4513 1476 4558 ta
1496 4511 1554 4558 dirl-

385 4601 452 4649 aad
468 4602 495 4648 C.
589 4597 614 4644 h.
634 4610 676 4656 pro
696 4596 745 4644 snio
766 4595 860 4656 syllabis
881 4611 938 4642 corr.
954 4598 978 4641 ic
992 4609 1035 4655 per
1049 4607 1104 4642 snas
1120 4593 1219 4654 syllabas
1235 4596 1274 4650 M,
1294 4605 1336 4652 pro
1352 4592 1401 4638 anis
1416 4590 1510 4650 syllabis
1528 4593 1553 4639 c.

385 4681 401 4726 i.
418 4698 476 4728 corr.
491 4683 516 4726 in
532 4679 626 4725 sanctus
643 4679 670 4724 C.
747 4676 771 4723 k
792 4692 849 4722 corr.
865 4677 888 4722 ὸι
904 4688 963 4735 qm
978 4678 1006 4724 C.
1083 4673 1100 4720 l.
1120 4673 1188 4720 nobis
1204 4677 1239 4729 M,
1256 4690 1314 4722 corr.
1329 4674 1353 4718 ia
1367 4670 1434 4718 vobit
1451 4673 1477 4720 C.

454 4787 478 4840 1.
491 4779 723 4852 nonagena.
776 4778 1005 4849 anastase.
1059 4779 1086 4834 a.
1098 4777 1169 4848 npn.
1179 4779 1205 4848 a,
1217 4777 1258 4832 14.
1312 4777 1338 4831 4.
1351 4772 1554 4844 naeniam,

387 4871 439 4930 nn
450 4873 552 4944 aoaa
