4342 6034
514 818 678 866 nossem
697 817 886 867 rummesie
907 820 989 867 vrrs
1010 818 1184 867 munusue
1367 803 1433 873 533

358 958 409 1025 Vir
430 958 537 1045 itaque
559 958 708 1025 melliflue
729 958 922 1043 dulcedinis,
945 958 991 1025 nil
1014 959 1100 1025 aliud
1124 980 1219 1043 agens
1242 960 1434 1046 studensque

285 1096 363 1161 quum
382 1074 519 1141 moribus
541 1094 763 1142 consenescere
784 1079 819 1142 et
840 1081 991 1143 econtra
1012 1075 1250 1143 benefaciendi
1273 1076 1434 1145 voluntate

283 1212 389 1278 semper
408 1192 618 1274 iuvenescere,
640 1190 763 1257 nullum
784 1197 910 1277 tempus
925 1191 1085 1275 lasciviae,
1108 1191 1231 1258 nullum
1246 1190 1334 1259 dedit
1348 1193 1432 1275 ocio;

283 1308 328 1373 ved
346 1306 415 1393 quid
438 1306 490 1390 agi
513 1310 683 1391 oporteret,
706 1307 815 1374 sedulo
838 1308 889 1375 vel
910 1307 1022 1374 didicit
1043 1307 1176 1391 legendo
1196 1306 1249 1373 vel
1263 1307 1434 1378 inculcavit

282 1422 414 1489 iaciendo.
449 1422 562 1506 Quare,
590 1422 728 1489 mundus
749 1424 844 1490 corde
867 1428 900 1491 et
921 1443 1062 1510 corpore,
1086 1423 1169 1489 sicut
1191 1422 1344 1509 scriptum
1368 1430 1432 1491 est:

282 1541 362 1605 Beati
379 1542 495 1605 mundo
518 1542 622 1621 corde,
646 1544 799 1626 quantum
818 1544 886 1627 ipsi
905 1541 1012 1606 Deum
1033 1540 1183 1605 subdunt
1191 1534 1209 1621 ¹,
1234 1540 1337 1607 sancti
1360 1539 1433 1627 spi-

282 1655 347 1720 ritus
365 1655 466 1721 iactus
489 1655 680 1740 sacrarium,
701 1654 793 1721 illum
813 1654 1057 1722 inhabitatorem
1080 1655 1270 1742 promeruit,
1294 1656 1349 1741 qui
1371 1657 1431 1723 ait:

282 1770 314 1836 Si
330 1774 396 1857 posis
418 1772 527 1858 ds'la'pit
546 1794 605 1852 uas,
628 1794 801 1838 sermonem
822 1794 926 1837 meum
946 1772 1092 1853 sonabit,
1117 1785 1147 1837 st
1165 1784 1258 1859 pater
1279 1794 1365 1838 meos
1381 1775 1432 1839 ἀπ’·

281 1887 340 1972 b'pet
359 1910 444 1967 mm,
475 1900 505 1953 et
526 1889 570 1952 od
592 1909 662 1952 oum
683 1892 841 1953 emisenus
863 1902 893 1953 et
913 1891 1109 1953 occasionem
1130 1890 1219 1975 opud
1241 1910 1310 1953 sum
1323 1889 1432 1973 facis-

278 1997 359 2066 uss'.
447 2000 597 2068 Filicem·
620 2001 756 2068 carnalis
784 2003 984 2087 cogitationis
1010 2003 1138 2089 penitus
1167 2003 1330 2070 eradicans
1352 2003 1433 2071 falce

278 2116 413 2202 spiritalis
428 2116 633 2204 operationis,
656 2118 805 2203 quicquid
820 2116 978 2185 offendere
992 2124 1100 2205 posset
1114 2118 1220 2185 oculos
1235 2119 1432 2187 convivantis

278 2228 382 2317 unici³,
410 2232 567 2300 sollicitus
595 2233 742 2317 abstulit3
772 2241 805 2300 et
832 2255 893 2320 qno
922 2234 1011 2299 illum
1041 2234 1188 2301 advocari
1210 2234 1261 2301 vel
1283 2233 1433 2301 delectari

277 2348 417 2433 crederet,
447 2348 599 2435 providus
621 2350 738 2415 intulit.
777 2349 870 2415 lllum
894 2350 1027 2434 amovit,
1055 2350 1147 2415 illum
1170 2350 1353 2437 suspiravit
1390 2349 1434 2417 Et

277 2465 346 2548 quia,
367 2485 463 2533 carne
484 2465 679 2549 gravidatus,
702 2485 763 2551 quo
787 2466 902 2551 spiritu
925 2486 997 2533 eum
1020 2470 1146 2532 secutus
1165 2470 1222 2550 est,
1246 2464 1432 2553 corpusculo

275 2598 325 2645 non
350 2582 458 2667 potnit
484 2581 669 2665 ascendere,
696 2581 786 2647 illum
816 2582 929 2666 etiam,
959 2601 1032 2647 cnm
1054 2602 1185 2668 presens
1209 2588 1306 2667 esset,
1335 2582 1375 2649 ad
1398 2603 1433 2651 se

274 2694 407 2764 invitavu
428 2696 627 2764 descendere.
661 2696 752 2763 Unde
766 2698 920 2783 seriptum
936 2702 1000 2764 est:
1023 2697 1122 2766 Iesos
1136 2701 1174 2765 de
1187 2702 1302 2767 uinate
1315 2702 1351 2766 ἐπ
1365 2702 1432 2765 sir·

275 2809 376 2879 utem‘.
470 2812 538 2879 Iam
564 2812 656 2878 illum
684 2813 784 2879 divini
812 2812 937 2879 consilii
963 2819 1141 2880 consortem
1171 2814 1315 2881 caelestis
1344 2814 1434 2881 novit

274 2928 356 3012 curia,
379 2934 414 2996 et
436 2928 572 2995 amicum
593 2927 664 3012 Dei,
686 2930 722 2994 in
743 2935 829 2995 terra
851 2928 1027 3013 degentem
1048 2928 1262 3017 impleverunt
1283 2930 1433 2998 caelestia

276 3044 360 3109 uncti
375 3043 517 3132 Spiritus
540 3044 681 3129 ormnla3
704 3046 751 3110 ita
772 3048 809 3110 ut
830 3046 865 3111 in
888 3064 960 3111 eum
978 3045 1129 3111 divinitus
1148 3046 1344 3114 conferretur
1357 3066 1432 3133 pro·

272 3157 383 3240 photiae
404 3161 521 3245 mila

345 3276 431 3344 Nam
454 3276 538 3343 inter
559 3280 665 3342 cetera
686 3279 814 3342 motae
835 3276 1011 3362 scripturae
1031 3273 1173 3361 flumina,
1197 3294 1278 3361 quae
1297 3274 1432 3343 sitibun-

271 3389 319 3457 dus
338 3393 471 3461 bibebat
492 3398 526 3459 et
546 3390 681 3458 bibendo
697 3391 834 3476 sitiebat,
857 3392 929 3477 pius
944 3390 1073 3458 Domini
1095 3391 1269 3478 discipulus
1283 3390 1431 3458 Pastoru-

269 3504 320 3573 lem
341 3505 473 3577 curam⁵
494 3508 634 3575 maxime
656 3506 808 3591 diligebat
830 3528 962 3592 eamque
984 3508 1053 3575 sina
1066 3508 1250 3575 intermissa
1264 3504 1431 3575 sedulitate

268 3620 389 3706 luebat
427 3623 518 3703 Quod
539 3622 712 3690 familiares
735 3624 802 3690 eius
824 3622 893 3690 fieri
916 3624 1057 3690 videntes
1080 3660 1123 3671 -
1145 3644 1210 3690 non
1232 3623 1302 3690 sine
1324 3623 1432 3691 dimna

268 3739 432 3826 voluntate,
456 3741 600 3827 quamvis
622 3760 697 3806 casn
718 3745 753 3805 ut
767 3740 883 3806 dicitur
898 3744 1049 3827 operante
1064 3776 1106 3787 -
1124 3738 1260 3825 quadam
1275 3738 1326 3807 die
1340 3738 1431 3805 illum

267 3858 459 3938 percunctati
479 3861 568 3923 sunt:
592 3876 730 3942 quanam
752 3876 848 3922 causa
868 3856 928 3922 boc
950 3860 1068 3940 ageret,
1090 3860 1126 3921 ut
1145 3854 1228 3923 hunc
1242 3854 1358 3921 librum
1373 3874 1431 3941 pre

267 3973 405 4040 omnibns
438 3978 529 4039 unta
559 3991 631 4038 cum
664 3970 829 4055 diligentia
861 3970 999 4056 legeret?
1033 3970 1152 4050 Quibus
1183 3976 1311 4037 sanetus
1339 3975 1431 4058 pater

264 4086 390 4157 imnnde
420 4094 454 4156 et
480 4094 517 4155 nt
537 4088 585 4154 ito
605 4087 709 4154 dicem
730 4086 899 4154 ridiculose
920 4086 1101 4174 respondit:
1132 4087 1189 4153 Au
1210 4086 1303 4165 took·
1326 4086 1431 4171 inquit

264 4226 327 4270 sum
347 4230 408 4273 rsa
430 4207 542 4273 cudae
563 4207 683 4271 usam
704 4216 733 4271 et
753 4205 877 4269 oollam
898 4207 1076 4271 amoime
1097 4204 1248 4269 volentem
1265 4206 1428 4284 memmii,

258 4319 395 4400 fostun
417 4344 468 4387 ms
489 4324 653 4388 consumet
673 4323 860 4397 aubedone
882 4323 926 4385 ad
948 4323 1034 4407 quod
1055 4342 1177 4386 necesse
1198 4332 1244 4385 est
1261 4341 1311 4385 oss
1322 4322 1429 4405 preci-

263 4438 347 4503 dsom
375 4441 533 4505 adesum
576 4436 665 4503 Tunc
690 4472 733 4483 -
762 4435 906 4503 omnibus
935 4455 1042 4503 secum
1068 4432 1244 4502 ridentibus
1272 4432 1430 4519 nichilque

327 4646 350 4679 ι,
373 4632 505 4681 sonem.
581 4609 1004 4692 commestam.

328 4740 354 4791 1.
380 4736 518 4807 noas,
531 4736 556 4791 s.
658 4737 684 4790 a.
707 4734 765 4791 ne
779 4735 821 4805 14,
834 4737 878 4790 ss.
979 4736 1005 4790 s.
1029 4732 1139 4789 corne.
1238 4732 1265 4788 4.
1288 4731 1333 4787 ss.
1347 4731 1429 4801 ses.

260 4824 286 4967 Ξ
306 4826 367 4881 sive
385 4825 511 4895 nsgune
533 4825 679 4896 pastoralis
698 4823 797 4881 librum
814 4839 834 4880 a
850 4822 1008 4895 Gregoriol
1025 4823 1165 4895 scriptum.
1192 4820 1261 4893 Opp.
1280 4818 1323 4877 ed.
1342 4820 1430 4880 Bene·

278 4913 321 4968 'et
332 4915 361 4971 11
374 4916 391 4971 1
405 4929 467 4987 squ
