4342 6034
610 746 637 794 s.
653 743 831 792 naumann
850 745 896 792 uu
917 745 1020 793 cucur
1041 745 1229 794 muscosas
1253 745 1281 792 m
1470 727 1530 794 151

366 889 436 955 dum
449 887 608 954 Dominus
630 886 796 954 donaverit
817 880 965 971 quietem,
988 893 1144 972 augentur
1168 892 1199 954 et
1220 887 1390 954 luminaria
1410 893 1533 954 sancto·
1566 894 1619 950 ⁷45

365 1025 558 1090 mm-pro
580 1023 628 1088 eo,
651 1002 735 1089 quod
757 1022 841 1070 nuuc
863 1003 1024 1070 tribulatio
1047 1003 1163 1070 accidit
1179 1002 1418 1071 Saraciuorum·
1434 1003 1533 1071 Sauo·
1550 967 1638 1016 Μ

365 1141 437 1187 uum
458 1119 510 1187 vel
531 1119 738 1204 Fresouuin',
762 1120 844 1186 sicut
865 1124 902 1185 tu
923 1119 993 1206 ipse
1014 1119 1107 1186 nobis
1129 1120 1306 1188 innotuisti.

447 1235 498 1303 De
525 1256 562 1303 eo
583 1255 735 1322 namque,
765 1235 851 1322 quod
872 1236 1090 1319 interrogasti:
1123 1236 1206 1321 qnod
1230 1235 1293 1321 illi,
1322 1236 1377 1322 qui
1399 1235 1535 1323 depositi

365 1359 435 1420 sunt
460 1373 522 1440 pro
550 1351 738 1440 capitalibus
760 1352 898 1438 peccatis
921 1352 961 1418 de
982 1351 1083 1434 gradu
1106 1351 1295 1419 sacerdotali
1317 1387 1359 1398 -
1383 1351 1458 1418 dum
1481 1371 1535 1420 eos

365 1460 557 1556 repperisses
583 1469 760 1553 adulteros,
788 1467 978 1552 homicidas,
1006 1472 1044 1533 ut
1064 1487 1124 1534 nec
1146 1469 1325 1536 sacerdotes
1348 1487 1406 1534 neo
1429 1467 1535 1534 clerici

366 1605 429 1652 esse
448 1585 587 1672 possint,
608 1603 668 1651 uec
690 1585 748 1652 snb
770 1585 947 1670 penitentia
967 1583 1114 1649 monachi
1133 1603 1201 1650 esse
1216 1583 1326 1650 uolunt
1337 1621 1379 1630 -
1392 1584 1448 1650 sed
1462 1604 1534 1671 per·

365 1706 468 1786 gentes
491 1701 579 1788 apud
602 1700 755 1787 palatium
777 1700 861 1784 regis
883 1692 1077 1766 Francorum
1100 1704 1229 1784 rogant,
1259 1708 1295 1766 ut
1317 1699 1362 1766 eis
1386 1699 1455 1768 loca
1477 1700 1534 1766 tri·

366 1817 436 1884 tuat
456 1817 682 1884 aecclesiarum
704 1815 756 1882 rel
777 1815 1058 1900 monasteriorum,
1081 1820 1119 1882 ιιι
1139 1815 1253 1882 laicam
1277 1817 1393 1883 vitam⁸
1415 1815 1534 1901 vivant,

365 1933 579 2020 dispergentes
603 1938 784 2000 sanctorum
805 1931 890 2014 loca3
915 1931 971 1998 sed
986 1931 1072 2000 etde
1086 1932 1146 1999 hoc
1160 1931 1292 2019 pariter,
1316 1931 1451 2017 qualiter
1464 1931 1535 2000 fieri

366 2049 483 2135 debeat,
506 2049 703 2116 Francorum
724 2048 922 2136 principibus
945 2053 1179 2115 commonentes
1203 2047 1386 2116 direximus.

447 2166 486 2232 ln
515 2165 581 2233 alia
608 2165 726 2252 quippe
754 2171 811 2231 tua
838 2160 990 2251 epistola¹
1017 2164 1216 2252 repperimus
1240 2165 1395 2232 contineri
1418 2165 1534 2248 omnia,

366 2301 441 2367 quae
468 2286 582 2349 contra
608 2286 641 2348 te
669 2287 801 2366 egeram
820 2280 894 2348 falsi
917 2286 950 2347 ιι
971 2281 1143 2348 scismatici
1166 2281 1322 2368 episcopi,
1351 2281 1386 2347 id
1408 2286 1457 2348 est
1479 2280 1536 2347 Al-

366 2397 509 2466 debertus
533 2403 566 2465 et
580 2396 742 2479 Clemens3
765 2415 823 2483 per
846 2415 927 2481 quae
950 2397 1057 2464 omnia
1080 2402 1151 2463 acta
1172 2399 1315 2485 ipsorum
1338 2401 1370 2465 et
1384 2397 1535 2485 impiissi-

365 2533 447 2580 mum
470 2533 610 2582 errorem
635 2511 820 2597 singillatim
842 2512 1000 2581 iudicasti.
1046 2513 1113 2580 Nos
1135 2533 1228 2598 vero,
1251 2514 1450 2598 congregatis
1471 2513 1536 2580 fra-

365 2630 461 2697 tribus
483 2637 518 2698 et
540 2629 814 2698 consacerdotibus
837 2629 971 2714 nostris,
1003 2631 1175 2698 eorundem
1203 2649 1374 2718 pravorum
1402 2630 1536 2698 scelera·

365 2747 484 2813 decima
509 2752 581 2814 acta
601 2748 636 2813 in
659 2767 769 2814 eornm
790 2747 972 2833 praesentia
992 2745 1091 2830 relegi
1112 2747 1254 2813 fecimus.
1293 2745 1337 2814 Et
1354 2747 1428 2814 dum
1444 2747 1535 2816 nobie

366 2881 466 2930 coram
489 2862 625 2931 concilio
647 2862 765 2929 relecta
785 2861 930 2947 fuissent,
953 2862 1006 2949 pio
1028 2861 1134 2929 studio
1157 2883 1283 2948 omnes,
1307 2862 1435 2930 eademd
1459 2862 1536 2929 sois·

366 2981 476 3047 matica
500 2979 650 3063 dogmata
669 2978 811 3065 ipsorum
835 2999 892 3045 seu
913 2979 1190 3046 sceleratissimam
1213 2979 1327 3062 vitam,
1357 2997 1450 3064 quam
1475 2978 1536 3045 sibi

366 3095 552 3164 aldebertus
575 3093 773 3162 conscribere
798 3095 889 3179 fecit,
916 3115 982 3160 nna
1007 3114 1084 3162 voce
1113 3094 1382 3162 exclamaveruut:
1412 3099 1449 3162 ut
1469 3094 1536 3178 igni

366 3215 587 3279 memorentur.
635 3210 698 3278 Sed
719 3231 777 3278 nos
799 3209 859 3277 hoc
879 3231 944 3277 non
972 3210 1042 3278 fieri
1070 3216 1193 3278 rectum
1222 3211 1447 3294 indicarimus,
1476 3231 1534 3297 pro

367 3329 506 3414 eoquod
529 3363 572 3374 -
596 3327 637 3394 ad
658 3327 883 3394 reservandum
906 3327 974 3394 sive
994 3327 1029 3393 in
1052 3332 1215 3396 aeternum
1244 3347 1297 3396 ιιι
1325 3327 1536 3394 condemnan-

367 3443 438 3510 dum
458 3479 504 3491 —
527 3443 562 3509 iu
584 3444 700 3510 scrinio
728 3448 856 3511 saneim
884 3443 1053 3510 aecclesiae
1079 3444 1272 3511 reservanda
1298 3443 1533 3526 mandavimus3

368 3560 570 3648 suscipientes
592 3560 656 3648 ipsi
678 3559 806 3644 dignam
830 3560 1029 3627 senteutiam.
1075 3559 1173 3627 Cuius
1195 3555 1315 3627 instar’
1339 3561 1471 3628 actionis
1495 3561 1535 3626 ad

368 3680 449 3743 tuam
472 3676 647 3743 direximus
667 3676 841 3742 fraternam
863 3677 1079 3758 sanctitatem3
1103 3681 1153 3762 ut,
1176 3675 1294 3743 relecta
1315 3675 1348 3742 in
1371 3675 1536 3764 prouincia

367 3791 567 3878 Francorum,
590 3793 693 3859 omnis
714 3793 922 3877 scismaticus,
946 3793 1077 3859 audieus
1099 3791 1206 3860 taliter
1229 3812 1249 3858 a
1271 3797 1379 3872 sancta
1399 3792 1460 3859 Dei
1483 3812 1535 3858 ca-

368 3907 480 3976 tholica
501 3915 535 3977 et
556 3908 730 3996 apostolica
752 3909 904 3976 aecclesia
923 3909 1114 3993 iudicatum,
1138 3930 1157 3974 a
1178 3929 1287 3976 seusus
1308 3910 1357 3976 sui
1377 3908 1536 3996 pravitate

368 4025 539 4112 resipiscat

451 4140 489 4207 lu
515 4140 611 4207 tertia
637 4159 776 4224 namque
802 4145 859 4206 tua
886 4139 1021 4227 epistola
1047 4141 1204 4208 intimasti
1225 4140 1316 4208 nobis
1339 4141 1379 4208 de
1401 4139 1463 4208 alio
1486 4160 1535 4207 se-

369 4255 492 4325 ductore
513 4257 643 4324 nomiue
665 4254 832 4341 Geoleobo,
856 4257 910 4342 qui
933 4261 1027 4324 antea
1047 4257 1128 4324 false
1150 4251 1307 4344 episcopi⁸
1325 4257 1443 4324 honore
1463 4256 1535 4322 fun-

370 4371 510 4458 gebatur,
534 4378 567 4440 et
587 4372 663 4459 quia
684 4373 752 4440 sine
775 4373 998 4458 cuiuscumque
1020 4374 1163 4441 consultu
1188 4374 1273 4461 apud
1294 4393 1352 4440 nos
1375 4377 1533 4460 properat

370 4483 426 4554 Et·
447 4488 523 4556 dum
546 4489 725 4574 advenerit,
748 4495 784 4556 ut
805 4489 942 4556 Domino
964 4489 1134 4577 placuerit,
1156 4488 1219 4557 fiet.

437 4679 457 4713 ι
477 4685 535 4714 carr.
550 4671 574 4714 der
593 4666 770 4714 Βιῐηιιιιοηιυ
786 4670 814 4715 C.
905 4666 928 4714 b.
947 4666 1068 4715 Frisonum
1090 4670 1117 4716 C.
1211 4679 1231 4714 ι.
1252 4685 1309 4714 corr.
1325 4669 1349 4714 ria
1368 4667 1427 4715 laica
1445 4668 1493 4715 viia
1509 4669 1535 4716 C.

373 4741 541 4794 tadmor.
619 4761 640 4794 e.
659 4746 932 4795 Remoramne.

438 4851 462 4906 1.
484 4866 569 4921 supra
584 4867 612 4922 p.
626 4852 687 4906 138.
775 4852 802 4906 2.
826 4851 988 4922 exemplum.
1078 4853 1104 4907 3.
1127 4851 1289 4923 liogrmtini.
