4342 6034
600 737 627 784 s.
644 737 821 786 sennenn
841 739 886 784 nn
907 739 1010 786 nnnrn
1031 739 1219 786 nemronne
1242 737 1272 786 rr
1477 724 1520 790 89

441 878 540 962 Igitur
561 878 595 944 in
617 879 730 965 primis
751 878 929 963 legebatur,
958 884 994 946 ut
1021 885 1118 966 quota
1140 881 1305 967 progenies
1328 882 1520 968 propinquo·
1562 889 1614 944 726

356 1015 422 1061 rum
445 995 646 1062 matrimonio
669 995 841 1080 copuletur.
877 995 1035 1079 Dicimus,
1065 996 1149 1080 quod
1177 1001 1361 1083 oportuerat
1383 997 1519 1082 quidem,
1537 962 1635 1008 ΝΜ

356 1111 503 1195 quamdin
533 1132 568 1179 se
595 1117 769 1194 agnoscunt
795 1109 949 1178 affinitate
970 1113 1180 1198 propinquos,
1213 1113 1252 1182 ad
1274 1112 1367 1179 buius
1390 1113 1520 1199 copulae

355 1247 413 1292 non
435 1227 585 1294 accedere
607 1227 804 1307 societatem3
833 1227 890 1292 sed
912 1227 987 1312 quia
1007 1227 1219 1313 temperantia
1241 1229 1352 1312 magle,
1376 1233 1408 1295 et
1429 1249 1521 1315 prae·

355 1343 460 1408 sertim
482 1344 519 1408 in
540 1348 609 1409 tam
631 1341 800 1409 barbaram
821 1347 964 1426 gentem,
987 1342 1092 1428 placet
1112 1343 1183 1428 plue
1207 1364 1301 1427 quam
1325 1344 1521 1412 districtione

354 1478 497 1543 censure,
527 1459 759 1526 concedendum
783 1463 846 1525 est:
875 1463 912 1524 nt
932 1462 1005 1544 post
1027 1463 1171 1542 quartam
1195 1461 1429 1542 generationem
1451 1460 1521 1526 iun-

353 1579 472 1657 gantur.

436 1689 523 1756 Nam
545 1689 629 1774 qnod
650 1689 785 1776 posuisti
794 1686 811 1773 ¹,
836 1689 947 1774 quodsi
969 1688 1083 1755 mulier
1098 1687 1281 1758 infirmitate
1298 1696 1444 1776 correpta
1457 1711 1520 1758 uon

352 1805 485 1871 valuerit
507 1806 569 1871 viri
592 1805 732 1871 debiturn
754 1804 901 1888 reddere,
930 1804 1006 1889 quid
1034 1805 1102 1870 eius
1125 1805 1221 1872 faciat
1243 1805 1373 1889 iugalis3
1404 1806 1521 1873 bonum

353 1925 441 2004 esset,
464 1921 494 1986 si
519 1921 566 1986 sic
586 1926 796 2007 permaneret,
818 1925 855 1986 nt
876 1920 1085 1988 abstinentiae
1107 1925 1243 1988 vacaret.
1283 1920 1345 1988 Sed
1367 1922 1522 2008 quiahoc

352 2057 539 2122 magnorum
562 2041 619 2121 est,
645 2037 710 2119 ille,
734 2037 789 2122 qui
811 2057 845 2102 se
867 2057 932 2102 nou
954 2037 1073 2123 poterit
1095 2037 1265 2121 continere,
1288 2037 1388 2104 nubat
1409 2039 1520 2122 magis.

352 2151 419 2220 Non
439 2158 552 2219 tamen
574 2153 708 2220 subsidii
730 2173 823 2239 opem
846 2152 1012 2219 subtrahat
1032 2151 1072 2218 ab
1092 2151 1158 2237 illa,
1182 2153 1233 2220 cui
1248 2151 1415 2220 infirmitas
1431 2175 1521 2240 prae-

352 2269 436 2354 pedit
458 2275 492 2336 et
514 2289 581 2335 uon
603 2268 798 2335 detestabilis
821 2268 914 2355 culpa
936 2267 1083 2335 excludit.

435 2384 486 2452 De
510 2380 724 2472 presbitero·²
746 2405 821 2451 vero
843 2383 895 2451 rel
917 2383 1050 2469 quilibet
1071 2382 1237 2450 sacerdosb
1259 2403 1279 2450 a
1300 2384 1416 2471 populo
1432 2405 1522 2452 accu-

354 2506 451 2586 satus,
481 2503 512 2568 si
537 2502 633 2568 certi⁶
656 2521 719 2566 non
741 2501 860 2566 fuerint
881 2505 977 2566 testes
1001 2501 1056 2584 qui
1077 2499 1204 2566 crimini
1225 2499 1324 2566 inlato
1348 2502 1524 2588 approbent

354 2617 520 2684 veritatem
542 2615 774 2700 iureiurando‘,
798 2616 860 2682 erit
880 2616 915 2682 in
938 2615 1052 2682 medio.
1086 2615 1131 2681 Et
1144 2615 1235 2680 illum
1250 2620 1362 2682 testem
1383 2619 1524 2704 proferat

354 2732 390 2798 ds
410 2732 615 2799 innocentiae
637 2753 714 2800 suae
741 2732 897 2818 puritate,
927 2731 978 2798 cui
1005 2731 1091 2797 nuda
1119 2735 1151 2798 et
1174 2735 1284 2818 aperta
1306 2737 1380 2798 sunt
1402 2735 1522 2818 omnia3

355 2849 455 2934 sicque
478 2853 611 2915 maneat
632 2849 667 2914 in
688 2848 819 2935 proprio
841 2847 950 2931 gradu

435 2965 525 3032 Nam
546 2965 586 3031 de
608 2959 763 3047 homiue³,
787 2964 842 3048 qui
866 2983 885 3028 a
906 2961 1054 3050 pontifice
1074 2961 1278 3030 confirmatus
1293 2963 1398 3049 fuerit,
1422 2965 1522 3032 denuo

355 3079 397 3146 illi
418 3081 492 3148 talis
516 3081 681 3147 reiteratio
703 3079 900 3166 prohibenda
921 3084 978 3146 est

436 3198 473 3264 ln
501 3197 676 3262 missarum
704 3201 808 3262 autem
837 3194 1049 3280 sollempniis⁸
1084 3194 1164 3260 illud
1197 3195 1427 3262 observandum
1465 3201 1523 3280 est,

357 3313 433 3396 quod
460 3313 612 3378 dominus
640 3317 749 3378 noster
770 3311 858 3378 Iesus
880 3311 1025 3378 Christus
1053 3311 1171 3377 sanetis
1201 3312 1266 3378 suis
1295 3311 1406 3378 tribuit
1429 3311 1522 3378 disei-

356 3428 443 3512 pulis.
478 3428 617 3514 Accepit
643 3447 780 3512 namque
807 3427 937 3494 calicem
960 3431 993 3493 et
1015 3427 1070 3492 dat
1093 3427 1154 3512 eie,
1185 3423 1325 3494 dicens⁴:
1354 3428 1417 3494 Hie
1440 3430 1524 3494 calio

356 3550 426 3610 uoci
445 3547 625 3611 testamenti
646 3557 690 3610 est
710 3548 746 3610 e'o
767 3567 835 3609 meo
858 3547 1029 3630 conquiram
1058 3545 1116 3609 boc
1129 3545 1248 3629 facite,
1275 3547 1525 3630 quotiescumque

356 3659 501 3728 mmitbt
549 3659 640 3726 Unde
669 3679 842 3742 congruum
871 3679 935 3724 nou
964 3663 1028 3742 eet,
1056 3657 1151 3724 duos‘
1178 3658 1228 3726 rel
1255 3663 1319 3724 tres
1349 3659 1461 3725 calices
1491 3659 1523 3724 in

357 3775 462 3843 altario
483 3796 617 3863 ponera,
639 3795 712 3842 cum
733 3777 901 3842 missarum
924 3773 1112 3860 sollempnia
1134 3774 1340 3842 celebrantur.

439 3892 490 3959 De
512 3892 729 3958 immolaticiis
745 3896 848 3957 antem
866 3891 946 3957 escis
961 3890 1156 3974 consuluisti,
1179 3889 1207 3954 si
1223 3911 1243 3955 a
1257 3889 1400 3956 fidelibus
1415 3909 1525 3975 super·

357 4006 480 4074 ductum
503 4009 603 4074 fuerit
623 4007 766 4073 vivificae
788 4007 890 4073 crucis
912 4007 1047 4090 signum,
1071 4006 1123 4071 edi
1145 4005 1254 4072 liceret
1276 4025 1317 4070 an
1336 4025 1409 4072 nou.
1444 4003 1526 4072 Illud

424 4155 445 4187 a.
464 4141 598 4188 Pracsbiter
619 4144 644 4193 C.
660 4142 700 4188 ubi
714 4155 739 4187 er
754 4143 777 4186 bi
793 4143 870 4186 litura.
946 4139 970 4186 b.
987 4139 1084 4199 quilibet
1100 4139 1206 4186 sacerdos
1223 4157 1280 4185 corr.
1295 4141 1319 4186 in
1335 4138 1436 4199 quolibet
1452 4151 1526 4186 saeer-

358 4219 407 4266 dole
423 4226 457 4268 M.
537 4235 559 4267 e.
579 4223 641 4268 uarie
658 4225 683 4270 C.
762 4221 785 4268 d.
804 4219 960 4266 iusiurandum
977 4222 1027 4265 alte
1042 4236 1122 4265 munus
1139 4219 1233 4266 addidit
1248 4222 1271 4266 r'n
1288 4221 1314 4266 C.
1392 4233 1412 4266 e.
1431 4237 1488 4265 corr.
1504 4221 1526 4265 in

359 4300 486 4362 solempniis
504 4304 532 4349 C,
610 4300 627 4347 1.
647 4301 692 4347 duo
709 4305 743 4356 M,
761 4319 818 4348 corr.
834 4305 856 4346 in
873 4299 931 4346 duos
948 4303 975 4347 C.

424 4399 449 4451 1.
476 4395 575 4466 ,Quot
597 4397 764 4466 proposuisti
782 4426 816 4436 —
835 4393 975 4449 excludit“
995 4398 1060 4448 eunt
1077 4391 1209 4462 Gregorio
1226 4393 1265 4448 111
1287 4392 1390 4449 tributa
1412 4394 1441 4450 in
1459 4393 1526 4450 Gra·

359 4482 421 4538 tisni
437 4485 521 4540 Dect.
540 4483 571 4538 P.
588 4484 616 4538 11
633 4500 657 4540 c.
675 4487 710 4540 32
728 4502 774 4555 qu.
792 4487 808 4540 7
826 4499 886 4538 cau.
901 4485 943 4538 18.
1050 4484 1076 4536 2.
1102 4481 1270 4553 ,Presbyter
1293 4485 1337 4538 vel
1360 4483 1474 4552 quilibet
1493 4513 1526 4524 -

361 4579 450 4640 aperta
467 4578 535 4628 sunt
552 4573 659 4628 omnia“
677 4573 810 4644 Gregorio
821 4573 862 4628 111
880 4571 1011 4628 attributa
1028 4576 1093 4625 sunt
1111 4572 1138 4625 in
1157 4571 1279 4626 Gratiani
1292 4572 1372 4626 Decr.
1385 4573 1414 4626 Ρ.
1428 4572 1455 4626 ll
1472 4587 1495 4626 e.
1510 4573 1527 4626 2

361 4663 431 4728 quo
447 4677 508 4718 ean.
522 4663 550 4716 5.
639 4663 665 4716 3.
690 4663 749 4732 ,De
766 4661 876 4716 homine
889 4691 922 4700 -
940 4659 1110 4730 prohibenda
1127 4660 1185 4714 est“
1206 4659 1338 4729 Gregorio
1351 4661 1390 4716 111
1408 4661 1528 4729 ascripta

362 4756 421 4804 sunt
437 4752 465 4806 iu
479 4751 605 4806 Gratiani
617 4750 697 4806 Dect.
710 4751 741 4805 P.
753 4751 793 4805 Ill
811 4751 854 4806 De
871 4763 993 4804 consecr.
1006 4748 1040 4802 1).
1053 4750 1071 4802 5
1089 4763 1149 4803 ean.
1162 4749 1187 4804 9.
1270 4749 1297 4802 4.
1317 4748 1412 4804 llatth.
1426 4751 1468 4817 26,
1483 4751 1526 4802 21.

363 4837 387 4890 5.
407 4841 422 4894 1
434 4839 555 4896 Corinth.
570 4841 613 4909 11,
625 4839 668 4894 25.
