4342 6034
588 789 616 836 s.
631 789 808 836 normann
828 790 873 836 uu
895 789 997 836 unum
1018 787 1206 836 mammonae
1230 788 1268 834 sa.
1285 785 1314 832 so
1491 769 1534 836 95

360 929 505 1016 aspicere
525 929 706 996 nolentibus
733 928 841 996 lumen
870 928 1069 1013 euangelioae
1098 929 1241 996 veritatis
1271 926 1365 995 offero
1392 927 1533 1012 nitimur,
1553 931 1606 988 ‘135

360 1046 501 1113 tenebris
530 1047 735 1132 propriorum
766 1045 983 1132 peooaminum
1017 1065 1081 1110 non
1109 1044 1321 1126 involvamur3
1352 1049 1384 1110 et
1410 1063 1474 1109 non
1501 1043 1536 1109 iu

359 1182 498 1228 vanuum
520 1181 685 1228 narramus
707 1166 763 1228 aut
780 1157 1059 1243 euomuissemus¹3
1083 1160 1149 1243 sed,
1174 1161 1287 1227 vestris
1303 1157 1536 1226 intercessioni-

359 1278 420 1345 bus
442 1277 527 1362 fulti,
551 1277 592 1344 ad
615 1278 811 1344 aeternitatis
834 1277 941 1343 lumen
962 1277 1147 1342 inmaeulati
1170 1282 1202 1342 et
1223 1275 1404 1342 inluminati
1424 1273 1536 1340 tenda·

359 1415 444 1462 mus.
534 1393 683 1461 Preterea
703 1414 805 1480 parva
831 1392 1019 1459 muuusouia
1045 1413 1103 1479 pro
1131 1392 1248 1458 indicio
1278 1391 1419 1458 caritatis
1446 1389 1536 1456 uobis

360 1511 548 1595 direximus,
571 1509 605 1576 id
627 1514 676 1576 est
697 1508 860 1595 corporale
882 1507 1026 1596 pallium,
1049 1507 1129 1574 albis
1152 1507 1352 1592 stigmatibus
1368 1507 1536 1588 variatum,

361 1635 395 1696 et
421 1627 571 1694 villosam
597 1626 637 1693 ad
665 1625 834 1709 tergendos
861 1627 959 1712 pedes
988 1645 1152 1692 servorum
1174 1624 1244 1691 Dei.
1291 1622 1377 1702 Quae
1400 1622 1537 1708 petimus

359 1749 399 1811 nt
421 1763 481 1830 pro
503 1742 658 1810 momoria
680 1741 821 1827 aooipore
843 1761 908 1808 nou
931 1741 1156 1824 dedignemini.

452 1858 503 1925 De
525 1879 590 1924 una
611 1877 735 1942 quoquo
756 1878 792 1924 ro
813 1861 954 1924 vestrum
977 1857 1143 1923 eonsilium
1167 1861 1199 1922 et
1219 1873 1408 1940 responsum
1429 1852 1538 1919 audire
1658 1925 1660 1933 ¹

361 1975 591 2043 desideramus.
629 1971 811 2039 Adfirmaut
832 1974 1011 2040 sacerdotes
1033 1993 1091 2060 per
1114 1975 1214 2038 totam
1236 1969 1403 2036 Franoiam
1427 1973 1460 2035 et
1481 1988 1538 2054 per

361 2089 486 2158 Gallias
513 2108 573 2156 neo
592 2109 656 2155 nou
679 2093 711 2154 et
732 2109 791 2174 pro
813 2089 878 2155 his:
906 2089 1040 2155 maximi
1069 2087 1211 2154 oriminis
1233 2106 1323 2154 reum
1347 2103 1416 2152 esse
1437 2083 1538 2149 homi-

360 2227 448 2290 nem,
473 2205 527 2291 qui
547 2205 583 2272 in
604 2205 843 2271 matrimonium
865 2206 1032 2292 aooiperit·
1054 2204 1143 2270 illam
1166 2203 1310 2286 viduam,
1334 2200 1422 2268 ouius
1446 2204 1540 2265 antea

361 2321 465 2389 filium
487 2322 522 2387 in
543 2320 701 2406 baptismo
726 2321 910 2407 adoptivum
933 2320 1133 2406 susoipiebat
1173 2318 1263 2398 Quod
1285 2316 1407 2403 peooati
1430 2335 1538 2400 genus,

362 2439 391 2504 si
413 2457 526 2505 rerum
549 2442 608 2520 ost,
631 2441 759 2503 aooenus
781 2437 982 2520 ignorabam,
1014 2441 1047 2503 et
1067 2455 1126 2502 neo
1147 2435 1183 2501 in
1206 2434 1344 2518 antiquis
1367 2432 1539 2500 oanouibns

362 2574 422 2621 neo
455 2554 493 2620 in
526 2553 661 2619 deoratis
696 2551 878 2639 pontificum
907 2559 1014 2640 patres
1042 2571 1101 2618 nee
1130 2551 1164 2616 in
1192 2549 1310 2617 oaloulo
1339 2555 1539 2636 peecatorum

365 2669 528 2757 apostolos
555 2689 690 2754 usquam
718 2689 920 2735 enumerasse
948 2668 1090 2752 cognovi.
1136 2665 1205 2744 Qua
1234 2665 1273 2731 de
1301 2685 1336 2731 ra
1364 2665 1392 2730 ai
1421 2665 1540 2751 aliquid

363 2787 492 2873 uspiam
512 2785 547 2850 in
575 2785 796 2852 ecelesiasticis
825 2785 952 2870 seriptis
979 2783 1177 2869 disputatum
1203 2781 1420 2866 invenissetis,
1448 2781 1540 2847 nobis

363 2903 507 2970 iudioare
529 2905 652 2983 ourate3
676 2907 709 2967 ot
731 2900 807 2986 quid
828 2901 917 2966 vobis
940 2899 1095 2983 videatur,
1118 2917 1211 2964 nossa
1234 2895 1396 2963 velimusb.
1432 2893 1541 2982 Sospi-

365 3023 465 3086 tatem
493 3021 633 3085 rostram
659 3018 777 3083 sanetis
805 3015 976 3082 virtutibus
1010 3013 1178 3102 profitere,
1212 3017 1244 3080 et
1277 3012 1370 3096 longo
1399 3019 1542 3098 tompore

366 3135 473 3202 ualere
494 3139 545 3200 te⁶
567 3133 660 3220 oupio
683 3133 718 3199 in
741 3132 877 3199 Christo.

371 3347 432 3420 30.
455 3348 644 3434 Bonafotias
672 3347 835 3412 Notbelmi
861 3347 1093 3432 archiepiscopi
1114 3343 1350 3410 Contuoraeose's
1380 3345 1484 3408 amori
1510 3365 1543 3408 ee

458 3465 664 3531 commendat.
701 3464 798 3543 Peos,
822 3475 858 3528 ot
871 3462 1047 3548 Aoqastini
1067 3464 1328 3548 interroyotiooea
1352 3473 1381 3526 et
1404 3458 1439 3526 S.
1460 3456 1540 3526 Gre-

454 3584 546 3668 9ors'i
569 3582 788 3667 responsiones
822 3579 886 3643 sibi
910 3581 1024 3644 mium.
1076 3576 1167 3644 Sitne
1198 3580 1368 3656 sancitam,
1404 3597 1444 3639 ae
1471 3578 1542 3661 qais

457 3719 591 3763 uxorem
616 3698 727 3776 dwat,
757 3697 846 3760 euius
870 3694 944 3777 filio
973 3695 1164 3780 baptizando
1193 3715 1327 3779 sponsor
1354 3691 1542 3776 interfuerat.

460 3812 533 3896 Quo
554 3813 784 3878 incarnationis
806 3833 891 3876 anso
910 3813 1013 3897 premi
1033 3811 1207 3876 sacerdotes
1230 3834 1251 3875 a
1276 3808 1311 3876 S.
1332 3805 1485 3892 Greqorab
1508 3809 1543 3872 o'a

459 3929 616 4016 Aetoliam
636 3929 728 3992 missi
747 3925 840 3992 eiust
1231 3941 1241 3956 '
1272 3923 1378 4007 (815,
1401 3920 1542 4004 WG40)

459 4062 599 4129 Domino
621 4059 842 4144 dilectissimo,
870 4059 986 4126 summi
1012 4057 1214 4144 pontificatus
1242 4056 1344 4123 infula
1370 4055 1514 4142 praedito
1522 4064 1542 4138 ⁸,
1562 4060 1615 4117 ‘135

372 4178 541 4246 Nothelmo
574 4172 828 4262 archiepiscopo²
856 4173 1037 4241 Bonifaoius
1072 4175 1205 4258 exiguus
1239 4193 1348 4240 servus
1382 4191 1544 4238 seruorum

372 4295 433 4364 Dei
455 4293 629 4382 optabilem
649 4293 685 4358 in
707 4291 832 4358 Christo
854 4297 1001 4357 aeternae
1022 4291 1164 4358 oaritatis
1188 4289 1331 4356 sulutem.

461 4410 626 4478 Almitatis
646 4413 773 4476 uestrae
795 4407 994 4474 elementiam
1015 4406 1138 4472 intimis
1162 4407 1290 4474 obseoro
1319 4404 1480 4492 pratibus:
1509 4407 1546 4470 ut

445 4569 468 4601 ι.
488 4571 548 4600 corr.
563 4555 586 4599 r'a
607 4551 723 4612 acceperit
738 4554 764 4599 C.
848 4549 872 4596 b.
891 4548 997 4596 vallinus
1012 4550 1071 4603 MV,
1092 4548 1201 4595 vallamus
1219 4551 1245 4596 C.
1329 4560 1350 4592 o.
1370 4548 1394 4592 ta
1410 4562 1498 4592 aaran
1513 4553 1548 4591 est

375 4637 399 4679 ι’·
413 4637 441 4682 C.
519 4631 542 4678 d.
561 4650 592 4678 a
608 4636 638 4678 M
651 4630 803 4685 tto—8⁷0,
820 4631 841 4676 C
856 4630 989 4684 eso-69,
1007 4630 1138 4676 Vss-dv.
1171 4631 1278 4674 lemma:
1294 4626 1349 4672 Item
1366 4625 1464 4684 epistola
1478 4624 1546 4670 Boui-

376 4713 428 4760 aui
443 4711 611 4772 archiepiscopi
626 4711 705 4758 MCV.
783 4724 804 4755 e.
823 4708 913 4768 infrdIto
930 4709 987 4762 MV,
1005 4709 1101 4754 deletum
1117 4719 1150 4756 eae
1165 4707 1189 4754 in
1206 4717 1257 4753 aare
1273 4706 1362 4766 prodito
1379 4709 1401 4751 r'n
1418 4707 1444 4752 C.

447 4810 473 4862 1.
500 4807 592 4862 Galat
610 4807 636 4876 2,
655 4808 685 4860 2:
716 4819 774 4875 ,no
798 4802 870 4860 forte
896 4803 925 4858 iu
950 4817 1069 4860 vaouum
1097 4817 1233 4858 currerem
1260 4805 1309 4856 aut
1335 4795 1546 4855 ouourrisseffl.

379 4896 405 4950 2.
425 4893 624 4962 cantuariensi,
643 4893 797 4949 tao-740.
