4342 6034
677 789 741 857 706
1076 805 1233 854 susanna
1256 805 1444 857 anomaeus

674 953 725 1014 tus
754 944 836 1014 dun¹
858 949 893 1016 in
914 947 1001 1016 Reno
1029 947 1211 1016 submersus
1238 952 1381 1014 mortuns
1409 952 1467 1016 esa
1557 947 1673 1014 Postea
1699 965 1754 1014 rex
1774 945 1830 1011 ibat
1922 933 1923 944 ’

674 1081 746 1130 eum
769 1065 911 1130 exercitu
931 1065 966 1132 in
985 1064 1208 1148 Lutheringos‚
1232 1068 1264 1130 et
1286 1083 1395 1130 omnes
1419 1084 1476 1130 suo
1497 1063 1679 1146 subiugavit
1701 1061 1832 1147 imperio,

673 1185 799 1265 praeter
821 1178 1011 1248 Meteusem·
1034 1175 1246 1267 episeopum¹.
1283 1177 1350 1246 Nec
1377 1199 1440 1246 non
1470 1184 1502 1246 st
1530 1178 1630 1246 nater
1657 1178 1725 1244 eius
1747 1175 1832 1244 Heln

673 1295 775 1378 meus,
797 1295 947 1380 proiectis
968 1296 1083 1381 mmm,
1106 1295 1194 1364 venit
1215 1295 1360 1362 adesum.
1791 1281 1793 1286 ’

1157 1545 1369 1554 ---——-·—-

823 1737 1107 1816 WILLIHELMI
1133 1739 1397 1817 MOGUNTINI
1425 1737 1685 1816 MEMORIAE.

762 1897 838 1963 953.
862 1896 1028 1981 Mogoncia
1050 1897 1162 1964 civitas
1186 1897 1225 1964 ab
1249 1897 1363 1964 Ottone
1386 1917 1460 1981 rega
1482 1897 1611 1964 obsessa
1633 1901 1692 1962 est.

761 2014 837 2078 954.
861 2011 923 2079 Per
944 2012 1015 2080 loca
1037 2012 1225 2080 Germaniae
1248 2012 1432 2099 Galliaeque
1454 2012 1595 2100 plurima
1615 2019 1722 2080 terrae
1744 2015 1837 2077 motus

673 2149 806 2212 magnm
829 2129 933 2195 factus
956 2134 1014 2196 est

761 2244 856 2310 Anno
883 2243 1061 2311 dominicae
1086 2245 1315 2310 incarnationis
1343 2247 1425 2329 954,
1453 2245 1627 2310 indictione
1653 2245 1712 2329 12,
1742 2241 1840 2310 beatae

673 2360 845 2426 memoriae
868 2360 1002 2426 domnus
1025 2359 1234 2445 Frithuricus,
1258 2365 1386 2427 sanctae
1408 2359 1673 2445 Mogontiacensis
1701 2359 1840 2426 aeclesiae

567 2489 657 2537 oseae
675 2475 945 2562 archiepiscopus,
976 2475 1090 2542 iillal.
1115 2475 1303 2542 Novembris
1333 2477 1420 2544 obiit
1512 2476 1635 2542 Eodem
1662 2496 1742 2543 voro
1771 2495 1841 2542 anno

674 2612 732 2675 ego
755 2590 980 2676 willihelmus,
1010 2598 1118 2658 tantae
1148 2593 1354 2658 successionis
1382 2591 1547 2676 indignus,
1582 2590 1651 2658 loco
1681 2593 1752 2660 eins
1779 2609 1841 2658 eum

562 2719 658 2766 Decii
674 2726 828 2773 consensu
850 2707 927 2774 cleri
950 2713 983 2774 et
1003 2709 1114 2794 populi
1137 2709 1278 2775 eiusdem
1301 2714 1429 2776 sanotae
1452 2708 1537 2775 sedis
1556 2711 1595 2775 16
1611 2705 1683 2774 Kal.
1702 2707 1842 2788 Ianuarii,

673 2823 805 2907 ipsoque
827 2823 879 2889 die
900 2843 979 2910 pace
1000 2825 1085 2890 inter
1107 2845 1214 2908 regem
1236 2824 1384 2891 Ottonem
1408 2823 1562 2890 etlilium
1585 2825 1653 2891 eius
1668 2821 1842 2890 Lindolium

563 2921 659 2997 neema
674 2937 767 3021 facta,
790 2938 824 3003 in
846 2939 916 3005 loco
938 2939 1110 3008 Aranstedi
1133 2961 1205 3007 sum
1227 2941 1360 3022 electus3
1384 2947 1416 3008 et
1437 2941 1472 3007 in
1495 2943 1517 3007 9
1539 2939 1610 3008 Kal.
1627 2939 1771 3008 Ianuarii
1783 2937 1840 3007 llo

674 3055 801 3136 gantiae
823 3055 995 3123 ordinatus.

726 3167 768 3250 ⁸a„
788 3205 898 3252 Maiensis
915 3207 967 3254 cod.

747 3301 772 3354 1.
794 3299 1021 3356 Lothariensium.
1111 3301 1137 3356 2.
1161 3299 1363 3356 Adalboronem
1377 3301 1398 3357 l.
