4342 6034
647 755 713 823 272
889 771 917 820 s.
932 771 1109 821 normann
1131 773 1175 821 nr
1197 772 1301 820 nuum
1322 771 1510 821 nrrsrocnu
1533 772 1576 819 111

487 923 628 979 rte-‘157
646 912 809 979 bitationis
831 912 982 999 scrupulo
1003 918 1036 981 et
1053 933 1197 980 seruasse
1215 918 1247 979 et
1261 917 1459 980 servaturam
1473 932 1552 997 esse,
1576 914 1666 979 scito.
1700 910 1751 978 De
1767 916 1823 977 tua

646 1049 722 1095 vero
743 1028 828 1095 vitae
853 1029 1009 1113 gravitate
1030 1028 1208 1114 montisque
1231 1028 1404 1095 stabilitate
1426 1028 1505 1095 nihil
1528 1028 1647 1095 dubito.
1695 1025 1819 1093 Munia-

646 1164 717 1210 mus
745 1164 804 1211 nos
827 1143 966 1230 spiritali
988 1140 1167 1211 armatura¹
1191 1145 1281 1210 iuxta
1304 1144 1439 1230 apostoli
1461 1150 1662 1231 preceptum,
1693 1148 1821 1209 orantes

646 1279 706 1347 pro
727 1260 873 1344 invicem,
896 1263 933 1325 ut
952 1258 1126 1342 salvemur3
1151 1260 1226 1345 quia
1240 1260 1375 1327 multum
1391 1259 1570 1346 deprecatio
1585 1259 1662 1325 iusti
1678 1258 1821 1343 adsidua,

646 1371 776 1442 lacobo¹
804 1380 989 1460 attestante,
1019 1375 1104 1461 apud
1131 1374 1234 1441 Deum
1263 1374 1357 1441 valet.
1403 1374 1446 1441 Et
1473 1396 1510 1441 eo
1538 1374 1722 1459 diligentius
1749 1374 1824 1439 huic

646 1490 847 1575 insistamus,
876 1511 937 1574 quo
967 1490 1183 1557 vehementius
1211 1511 1269 1557 nos
1292 1491 1389 1557 variis
1412 1490 1657 1578 temptationum
1679 1489 1752 1557 telis
1774 1490 1823 1555 in-

646 1606 782 1693 pugnari
805 1626 869 1672 non
890 1606 1085 1689 ignoramus.
1121 1604 1262 1673 Dextera
1285 1606 1406 1673 seilicet
1426 1606 1540 1673 fortior
1561 1606 1665 1677 levam
1688 1604 1824 1671 infirmi-

647 1742 735 1790 orem
765 1722 916 1788 adiuvaro
943 1742 1008 1787 non
1035 1727 1169 1804 cesset·;
1199 1727 1232 1789 et
1257 1722 1329 1789 leva
1351 1721 1500 1789 dexterae
1523 1722 1606 1789 siout
1628 1720 1746 1787 aneilla
1768 1720 1824 1787 do-

646 1837 732 1904 mine
759 1837 919 1904 deservire
952 1857 1018 1903 non
1053 1837 1186 1903 desinet.
1233 1836 1270 1903 ld
1299 1842 1349 1905 est
1377 1834 1418 1884 -'-
1448 1857 1553 1905 meam
1581 1836 1825 1903 instabilitatem

646 1952 748 2020 bonae
770 1953 854 2019 vitae
882 1958 956 2019 tuae
984 1952 1137 2039 exemplis
1166 1952 1365 2037 castigando,
1395 1953 1595 2037 corrigendo,
1624 1952 1825 2019 admonendo

646 2104 689 2115 —
712 2068 856 2153 quamuis
879 2067 1041 2135 absentem
1063 2087 1209 2155 corpore,
1238 2068 1353 2155 spiritu
1382 2073 1488 2135 tanum
1516 2074 1712 2155 presentem,
1741 2068 1825 2135 sicut

645 2183 705 2251 tibi
726 2184 824 2249 moris
847 2189 906 2267 est,
929 2183 970 2249 ad
992 2182 1134 2251 melioris
1156 2184 1241 2251 vitae
1264 2184 1488 2269 perfectionem
1512 2184 1666 2251 deducere
1686 2203 1753 2249 nou
1769 2183 1825 2250 de-

645 2300 748 2382 sinas3
771 2304 804 2365 et
825 2319 883 2382 ego
905 2299 965 2365 tibi
987 2299 1100 2365 humili
1123 2300 1298 2384 devotione,
1322 2305 1475 2385 qnantum
1498 2300 1581 2367 vires
1606 2300 1823 2387 subpeditent,

645 2412 771 2481 ddelem
792 2414 980 2481 famulatum
1002 2415 1038 2480 in
1059 2415 1205 2482 omnibus
1228 2415 1374 2501 probabo.

734 2529 961 2596 Exhortatoria
982 2530 1211 2597 mediocritatis
1234 2532 1341 2598 meae*
1365 2532 1477 2617 verba,
1506 2531 1650 2617 quamvis
1678 2530 1771 2597 fatua
1793 2536 1826 2597 et

645 2644 805 2732 superflua
832 2645 1016 2730 videantur,
1045 2645 1190 2732 obsecro,
1222 2651 1259 2713 ut
1287 2667 1350 2713 non
1380 2648 1512 2715 moleste
1540 2652 1655 2714 atrae
1678 2647 1824 2713 caritatis

592 2788 595 2793 ·
645 2760 776 2845 collegIo
803 2762 1005 2849 recipiantur.
1057 2761 1125 2841 Quo
1157 2761 1226 2828 sola
1253 2763 1369 2831 caritas
1399 2763 1546 2848 exigebat
1579 2762 1718 2829 seribere
1753 2762 1824 2828 sine

645 2877 786 2944 dictandi
807 2878 958 2963 materia,
982 2898 1063 2962 quae
1085 2878 1193 2943 omnia
1214 2878 1329 2962 vincit,
1352 2879 1434 2945 sieut
1456 2880 1609 2966 scripturn
1633 2872 1715 2945 est⁸:

828 2993 943 3061 Omnia
964 2994 1064 3060 vincit
1086 3006 1207 3076 amor⁸3
1232 2999 1264 3061 et
1285 3014 1343 3061 nos
1366 2995 1515 3063 cedamus
1538 2994 1648 3079 amori,

645 3109 751 3178 ablata
772 3110 859 3176 omni
880 3110 1015 3176 tumoris
1038 3110 1196 3196 superbia.

734 3225 821 3293 llaec
842 3230 917 3291 sunt
944 3225 1089 3291 suasoria
1117 3225 1229 3310 verba,
1260 3246 1320 3312 que
1348 3225 1416 3293 sine
1445 3247 1516 3293 meo
1543 3224 1684 3313 periculo
1715 3225 1823 3293 dicere

644 3361 709 3407 non
730 3361 875 3427 possum:
898 3345 935 3406 ut
955 3340 990 3406 in
1012 3341 1071 3408 hac
1093 3341 1260 3427 temporali
1282 3347 1439 3429 potestate
1461 3347 1494 3409 et
1515 3342 1658 3409 terrestri
1682 3341 1820 3426 dicione,

645 3476 709 3541 qua
730 3461 857 3523 auctore
878 3454 947 3522 Deo
969 3456 1034 3522 iam
1055 3476 1140 3523 nuuc
1162 3458 1271 3541 uteris,
1296 3456 1472 3525 dominicae
1494 3458 1668 3525 sententiae
1691 3478 1821 3545 semper

644 3591 766 3638 memor
793 3572 837 3639 sis
864 3571 1023 3637 tonantis:
1053 3574 1199 3659 Repetam
1226 3596 1329 3641 meum
1356 3598 1420 3641 eoa
1450 3588 1495 3641 eat
1522 3577 1561 3640 de
1588 3575 1646 3640 boc
1667 3571 1817 3641 memet

643 3686 688 3754 Et
708 3686 789 3753 illud
811 3686 962 3774 apostoli:
990 3688 1100 3755 Nolite
1128 3690 1259 3775 dilipere
1280 3693 1432 3757 moadeca
1459 3713 1559 3778 aeque
1587 3713 1640 3772 ea,
1672 3713 1755 3777 qaae
1786 3696 1822 3756 ἐκ

643 3806 762 3869 mendo
784 3798 883 3869 aaar‘.
930 3801 1050 3881 Quibus
1071 3802 1176 3871 verbis
1200 3804 1295 3889 quidd
1318 3805 1404 3873 aliud
1431 3806 1589 3891 innuitur,
1617 3806 1681 3873 nisi
1708 3812 1822 3893 aperte

645 3918 764 3985 dixisse
784 3918 857 3985 illos
879 3918 1116 4003 intellegamus:
1141 3921 1182 3987 Ia
1204 3922 1296 3987 illum
1318 3924 1413 3989 nolite
1434 3924 1559 3989 oculum
1572 3926 1683 3989 mentis
1698 3937 1823 3991 eabae

638 4036 755 4121 fipere,
790 4058 883 4121 quem
915 4038 1029 4101 cottidie
1060 4040 1134 4124 apso
1171 4040 1267 4103 raiae
1295 4061 1354 4105 sue
1382 4042 1507 4105 amelec
1536 4041 1662 4116 cadere3
1699 4042 1756 4105 red
1784 4044 1821 4105 a'n

644 4150 737 4215 illam
758 4164 824 4217 totu
843 4155 955 4217 menda
977 4155 1149 4218 imeatioee
1170 4157 1301 4240 aspicite
1323 4156 1475 4242 illamque
1496 4159 1568 4222 cotes
1589 4156 1711 4221 viribus
1741 4158 1819 4223 dili·

642 4269 722 4352 9e'te,
753 4270 811 4353 qui
831 4281 904 4333 anm
926 4271 1035 4333 camela
1057 4270 1184 4335 saecula
1207 4283 1251 4335 ert
1273 4284 1301 4337 et
1318 4294 1380 4358 per
1403 4275 1509 4337 omnia
1531 4272 1657 4337 casmeta
1677 4275 1820 4339 inmuta-

645 4382 718 4447 bilia
740 4395 854 4464 mane,
879 4384 1065 4469 pulsaturo
1089 4389 1286 4472 adportando
1309 4400 1446 4473 ternpore
1468 4400 1568 4469 earet,
1592 4388 1647 4453 aed
1670 4410 1734 4453 esee
1756 4388 1823 4453 sibi

717 4599 739 4632 a
759 4586 875 4632 σωκεῖν.
952 4587 975 4633 b.
996 4601 1060 4635 mace
1079 4587 1106 4634 V.
1184 4601 1204 4636 a
1225 4588 1296 4636 Amor
1311 4590 1388 4637 omnis
1402 4590 1474 4637 vincit
1490 4590 1518 4638 V.
1596 4590 1619 4637 d.
1639 4589 1701 4649 quod
1718 4588 1747 4639 V.

718 4690 743 4744 1.
767 4686 809 4744 cf.
827 4688 968 4760 epheso,
981 4692 1024 4746 11.
1115 4692 1141 4747 2.
1164 4690 1257 4749 Iacob.
1270 4693 1296 4764 b,
1310 4694 1357 4749 16:
1383 4698 1485 4765 „orate
1502 4708 1553 4765 pro
1569 4693 1696 4763 invicem,
1714 4697 1747 4749 ut
1762 4694 1818 4749 sal-

645 4776 761 4847 vemini3
784 4778 900 4833 multum
919 4778 991 4833 enim
1008 4779 1084 4835 valet
1102 4778 1259 4849 deprecatio
1277 4782 1342 4839 iusti
1359 4780 1502 4838 assidua“.
1592 4782 1617 4837 3.
1642 4782 1738 4853 virgil.
1755 4782 1818 4839 Bel.

646 4865 689 4933 10,
702 4866 745 4920 69.
833 4864 861 4921 t
884 4865 943 4922 Iole
955 4868 999 4937 18,
1011 4868 1055 4923 36.
1145 4870 1171 4925 ὁ.
1196 4869 1282 4927 llob.
1295 4873 1321 4941 2,
1335 4871 1378 4927 lb.
