4342 6034
659 776 726 843 2⁷0
869 794 897 843 s.
914 793 1092 843 nosmmn
1114 794 1158 842 sn
1179 794 1282 842 nunus
1295 792 1483 842 namnetas
1506 792 1559 840 no.
1574 792 1619 839 111

491 936 809 1023 cacoicoperimus,
831 935 941 1019 ignota
962 935 1053 1001 nobie
1075 940 1151 1001 suut
1171 940 1205 1002 et
1225 933 1368 1001 difficilia
1389 934 1447 1001 sd·
1468 933 1706 1021 adipiscendum
1722 968 1768 979 -
1782 930 1830 999 vel

540 4116 566 4196 l

659 1052 687 1119 si
709 1071 773 1137 qua
792 1050 828 1117 in
850 1050 921 1117 aliis
943 1049 1135 1137 quibuslibet
1156 1050 1292 1135 negotiis
1312 1049 1365 1117 vel
1386 1050 1551 1137 speciebus
1572 1049 1665 1116 nobis
1686 1068 1830 1115 necessa-

657 1168 715 1234 riis
748 1166 939 1253 providetis,
972 1167 1205 1233 communicare
1238 1166 1427 1251 dignemini,
1461 1172 1499 1232 at
1530 1166 1651 1233 fecistis
1685 1164 1831 1230 villosam

658 1282 821 1349 mittendo.

747 1396 884 1463 Nomina
906 1416 1029 1481 quoque
1048 1395 1306 1483 presbyterorum
1322 1402 1498 1464 vestrorum
1512 1396 1783 1482 diaconorumque
1797 1415 1832 1462 ac

660 1512 885 1579 monachorum
906 1511 957 1578 sel
979 1512 1223 1579 monacharum·
1238 1513 1305 1580 siue
1321 1518 1508 1597 ceterorum,
1531 1532 1592 1597 qne
1605 1512 1752 1596 misistis,
1775 1532 1831 1598 per

659 1628 852 1694 monestede
880 1632 912 1694 et
933 1646 991 1713 per
1014 1626 1162 1695 ecclesias
1183 1632 1312 1695 nostrae
1334 1628 1467 1695 diocesis
1490 1627 1664 1695 direximus
1687 1628 1729 1693 sd
1752 1626 1832 1694 cele-

659 1742 797 1811 branda⁰
820 1762 879 1830 pro
902 1742 948 1808 eis
970 1742 1140 1809 missarum
1163 1742 1329 1811 sollemnia
1350 1749 1384 1811 et
1405 1745 1584 1810 orationum
1605 1742 1768 1828 suffragia
1799 1742 1832 1809 ld

658 1859 765 1947 ipsum
785 1858 890 1925 iacere
913 1863 1051 1925 uestram
1074 1859 1274 1926 sanctitatem
1296 1860 1482 1947 suppliciter
1503 1879 1672 1927 exoramus
1694 1880 1756 1947 pro
1776 1860 1832 1944 eis,

660 1994 795 2060 qnorum
816 1974 946 2040 nomina
975 1973 1064 2041 vobis
1094 1974 1245 2041 habemus
1272 1975 1453 2060 dirigenda,
1482 1981 1516 2043 et
1542 1976 1732 2041 nominatim
1761 1994 1833 2041 cnm

658 2090 803 2177 personis
827 2090 892 2157 suis
915 2090 1095 2175 scribenda,
1119 2110 1228 2158 eorum
1250 2090 1385 2175 scilicet,
1409 2091 1463 2176 qui
1485 2091 1564 2157 mihi
1586 2092 1716 2178 proprie
1738 2096 1833 2176 utque

659 2204 733 2271 huic
760 2204 927 2289 ecclesiae,
961 2204 1011 2272 cui
1041 2207 1161 2291 servio,
1194 2206 1380 2274 amicissimi
1411 2205 1463 2275 vel
1490 2206 1610 2273 subditi
1635 2204 1757 2273 iebant
1783 2204 1832 2273 vel

658 2319 785 2407 prelati.

749 2436 799 2503 De
825 2442 934 2504 nostro
963 2454 1086 2522 qnoque
1115 2436 1172 2503 vili
1197 2438 1314 2505 vestitu
1341 2456 1443 2524 parva
1468 2436 1630 2504 exseniola
1655 2437 1830 2505 direximus

659 2557 714 2619 tuo
736 2551 844 2637 cultui,
868 2572 1049 2638 quanquam
1070 2552 1212 2638 indigna,
1235 2557 1342 2619 tamen
1356 2552 1494 2639 petimus
1515 2553 1734 2636 accommodu3
1756 2552 1832 2620 lroc‘

660 2673 724 2735 est:
748 2668 855 2735 tonica
876 2666 969 2735 lanea
991 2668 1116 2755 aliaque
1137 2667 1232 2752 linea,
1255 2668 1428 2735 nouenos
1448 2673 1499 2735 est
1512 2668 1597 2755 apud
1610 2688 1669 2736 nos
1683 2668 1831 2753 habendi,

659 2780 792 2866 caligas3
816 2787 850 2849 et
869 2780 1117 2870 peripcemata¹t
1141 2784 1281 2849 orarium
1303 2789 1337 2849 et
1357 2780 1517 2851 coculam¹
1532 2790 1565 2851 et
1585 2780 1743 2869 gunnam⁸
1760 2785 1830 2851 bre·

659 2871 741 2983 vem,
764 2902 872 2965 nostro
895 2918 983 2967 more
1006 2905 1182 2984 consutam
1205 2899 1247 2965 ad
1267 2899 1419 2967 indicium
1434 2900 1638 2987 plenissimae
1652 2898 1829 2967 dilectionis

658 3018 795 3081 nostrae.
841 3012 928 3093 Quae
951 3020 982 3083 te
1005 3016 1167 3103 suscipere
1188 3034 1248 3102 pro
1269 3020 1326 3081 tua
1346 3015 1541 3100 humilitate,
1565 3015 1699 3083 obnixe·
1720 3035 1829 3103 preca·

658 3148 740 3214 mur,
763 3129 941 3216 habereque
963 3131 1004 3197 ad
1026 3131 1213 3199 memoriam
1233 3131 1298 3197 mei
1319 3132 1457 3198 nominis
1478 3130 1586 3198 saltim
1607 3132 1738 3217 aliquod
1758 3152 1829 3219 spa·

659 3245 740 3311 tium
762 3246 925 3332 temporis.
960 3245 1108 3314 Ceterum
1130 3248 1159 3313 si
1181 3268 1244 3333 qua
1265 3252 1341 3314 sunt
1361 3252 1436 3315 tuae
1455 3248 1617 3315 sanctitati
1629 3248 1829 3331 insinuanda,

658 3360 795 3446 portitor
816 3360 910 3427 huius
933 3360 1161 3449 epistiunculae
1182 3364 1257 3430 viva
1278 3382 1355 3430 voce
1376 3362 1461 3431 valet
1483 3384 1641 3431 eumuna

695 3475 729 3542 ·l·
750 3476 833 3563 Opto
856 3481 904 3561 te,
928 3496 946 3543 ο
969 3477 1138 3545 karissime
1158 3478 1272 3563 frater,
1297 3483 1440 3546 orantem
1461 3500 1520 3566 pro
1541 3500 1604 3564 me,
1627 3479 1753 3547 orante‘
1771 3498 1827 3566 pro

658 3594 701 3675 te,
724 3591 759 3658 in
774 3590 911 3658 Domino
933 3591 1013 3660 bene
1035 3594 1142 3661 valere
1163 3594 1350 3681 felicemque
1371 3614 1429 3661 evo
1447 3594 1591 3680 longiore
1605 3596 1766 3679 virutum,
1789 3594 1828 3660 ud

659 3725 808 3773 coronam
830 3707 954 3775 celestis
984 3708 1103 3793 gloriae
1130 3714 1244 3797 postea
1269 3716 1513 3797 perventurum,
1541 3710 1670 3781 domine
1695 3711 1826 3796 insignis

660 3826 692 3889 et
712 3827 805 3909 pater
827 3825 1087 3910 prestantissima
1135 3825 1248 3893 Amen.

664 4032 750 4104 111.
770 4036 884 4103 Mus
902 4036 1066 4125 Gregorio,
1091 4038 1200 4106 abbati
1217 4038 1520 4125 Traiectcnsifoctq
1534 4042 1728 4128 praem.
1755 4042 1825 4109 Ms-

771 4165 860 4219 mum
881 4176 1020 4221 amorem
1041 4158 1165 4222 amosa
1184 4156 1261 4221 uult
1314 4156 1413 4221 Vassis
1433 4158 1572 4225 madet.

1447 4270 1484 4351 (S
1498 4272 1554 4357 45,
1576 4270 1616 4339 W
1634 4274 1709 4357 103,
1730 4271 1761 4339 G
1775 4271 1825 4352 93)

501 4410 641 4467 tuo-757
749 4398 861 4468 Clarae
883 4400 1001 4469 Christi
1029 4403 1181 4471 ecclesiae
1207 4402 1350 4491 lampadi
1374 4402 1524 4472 lucilerae
1545 4425 1679 4491 meoque
1700 4406 1735 4473 in
1757 4406 1825 4473 doe·

659 4514 744 4581 trina
765 4516 892 4585 divinae
914 4517 993 4603 legis
1016 4518 1220 4586 devotissimo
1242 4519 1381 4587 adiutori
1402 4518 1571 4605 Gregorio,
1598 4521 1719 4609 duplici
1740 4540 1823 4609 pres-

731 4672 752 4705 a
776 4657 910 4707 adumV.
1002 4659 1024 4707 b.
1048 4659 1257 4708 monachorumV.
1350 4674 1370 4709 a.
1394 4660 1599 4711 celebrandurnr.
1691 4664 1715 4709 d.
1738 4660 1823 4727 hear.

659 4750 679 4783 a.
700 4736 795 4785 obnixae
813 4738 840 4785 V.
917 4738 934 4785 l.
954 4740 1056 4785 orantem
1074 4740 1102 4786 7.
1178 4756 1203 4803 g.
1224 4757 1253 4786 a
1271 4740 1295 4788 7
1307 4741 1435 4789 as-aoo.
1458 4744 1564 4789 buo.-
1578 4742 1635 4791 ltem
1650 4742 1749 4803 epistola
1761 4740 1823 4789 Iulli

731 4824 755 4878 1.
779 4824 870 4893 tricas,
890 4838 986 4893 nugas.
1059 4826 1085 4879 2.
1111 4840 1231 4895 „sagum
1249 4825 1426 4883 Hibernicum
1444 4828 1570 4883 villosum
1588 4826 1694 4898 absque
1712 4825 1820 4884 summ

658 4910 800 4982 Ducange.
888 4914 915 4967 8.
938 4912 1059 4968 tunicam
1077 4912 1222 4984 pelliciam,
1239 4913 1323 4984 Angl.
1344 4914 1479 4986 „gowu“.
