4342 6034
615 785 643 831 s.
660 783 837 831 normann
859 785 904 831 ur
924 785 1028 832 cunm
1048 784 1236 832 nursnonan
1260 783 1290 832 oo
1475 768 1538 834 139

375 927 470 991 tiones
494 930 527 992 et
548 925 731 991 inimicitias
754 928 787 991 et
806 924 1043 992 maledictiones
1071 925 1244 992 multorum
1271 925 1459 1012 populorum
1481 947 1538 1012 pa—

374 1041 432 1105 tior
458 1047 491 1106 et
518 1041 672 1108 aecclesia
688 1039 811 1106 Christi
838 1041 1100 1126 impedimentum
1122 1040 1195 1109 fidei
1219 1047 1251 1108 et
1272 1041 1433 1109 dochinae
1455 1047 1539 1108 reoto

373 1157 510 1223 sustinet

455 1271 577 1338 Dicunt
599 1272 700 1338 enim·
723 1271 763 1340 de
785 1272 1003 1356 Aldeberctol,
1033 1273 1117 1358 quod
1141 1274 1185 1340 eis
1209 1273 1442 1340 sanctissimum
1465 1293 1540 1359 apo-

374 1387 482 1452 stolum
512 1387 731 1472 abstulissem,
758 1393 929 1475 patronum
957 1395 990 1455 et
1011 1393 1185 1472 oratorem,
1214 1395 1247 1455 et
1267 1389 1419 1455 virtutum
1442 1389 1540 1454 facto-

374 1524 436 1570 rem
457 1508 489 1570 et
517 1499 681 1588 signorum
708 1509 901 1571 ostensorem
930 1504 1164 1571 abstraxissem.
1212 1503 1275 1571 Sed
1297 1505 1400 1590 pietas
1423 1509 1539 1588 vestra,

374 1619 499 1685 audiens
521 1620 622 1685 vitam
645 1619 723 1703 eius,
746 1620 864 1688 iudicet
887 1641 927 1686 ex
948 1621 1068 1686 fructu:
1093 1625 1200 1686 utrum
1221 1619 1418 1686 vestimentis
1434 1621 1539 1686 ovium

373 1735 506 1818 indutus,
530 1736 616 1801 intus
640 1741 763 1802 autem⁶
785 1735 880 1823 lupus
901 1756 1003 1822 rapax
1024 1731 1153 1802 fuisset¹
1176 1755 1217 1801 an
1239 1737 1323 1802 non?
1414 1735 1450 1802 ln
1474 1737 1539 1822 pri-

373 1869 460 1916 meva
495 1853 582 1917 enim
617 1856 720 1917 aetate
753 1852 920 1938 ypochrita
946 1851 1022 1935 luit,
1055 1852 1178 1917 dicens:
1209 1851 1292 1936 quod
1321 1852 1382 1918 sibi
1411 1851 1539 1935 angelus

373 1965 495 2032 Domini
522 1967 558 2032 in
588 1968 693 2053 specie
722 1967 858 2033 hominis
887 1969 927 2034 de
956 1967 1107 2034 extremis
1136 1965 1251 2033 finibus
1274 1967 1384 2032 mundi
1406 1967 1486 2033 mire
1509 1973 1541 2034 et

372 2088 473 2149 tamen
495 2083 618 2149 incerte
639 2083 817 2150 sanctitatis
839 2081 989 2168 reliquias
1013 2082 1185 2164 attulisset3
1210 2088 1242 2150 et
1257 2083 1370 2150 exinde
1385 2083 1541 2169 potuisset

1584 935 1636 990 745

1556 1011 1608 1055 ante
1617 1008 1667 1056 Oet.

373 2199 483 2282 omnia,
508 2218 725 2284 quaecumque
746 2198 960 2286 poposceretl,
985 2219 1004 2264 a
1025 2197 1094 2264 Deo
1118 2200 1297 2284 impetrare.
1331 2197 1375 2264 Et
1396 2203 1471 2264 tunc
1486 2199 1540 2266 de·
1607 2197 1608 2206 ’

374 2333 454 2379 mum
475 2334 537 2400 per
558 2314 647 2381 illam
669 2315 918 2399 simulationem,
942 2315 1025 2381 sicut
1046 2315 1208 2400 apostolus
1231 2313 1347 2380 Paulus
1370 2315 1539 2400 praedixit,

373 2432 548 2515 penebavit
569 2431 741 2497 multorum
764 2431 874 2498 domos
904 2437 936 2498 et
962 2431 1104 2517 captiuas
1133 2430 1224 2496 duxit
1251 2435 1324 2516 post
1351 2451 1385 2496 se
1412 2431 1540 2498 mulier·

372 2546 453 2612 aulas
476 2553 625 2613 oneratas
647 2547 800 2632 peccatis,
830 2567 911 2631 quae
940 2545 1134 2612 ducebantur
1160 2546 1258 2612 variis
1287 2543 1479 2631 desideriis²,
1509 2551 1541 2613 ot

371 2663 601 2729 multitudinem
623 2663 813 2728 rusticorum
836 2662 1017 2745 dicentium,
1042 2662 1126 2747 quod
1148 2663 1217 2748 ipse
1241 2669 1323 2730 esset
1343 2663 1392 2729 vir
1415 2669 1540 2750 aposto·

371 2777 443 2845 licae
465 2778 646 2845 sanctitatis
669 2783 702 2844 et
724 2779 815 2862 signa
837 2783 869 2844 et
890 2778 1036 2865 prodigia
1058 2777 1159 2843 multa
1186 2779 1321 2845 fecisset.
1411 2777 1535 2845 Deinde

373 2895 518 2961 conduxit
543 2896 706 2982 episcopos
728 2895 887 2976 indoctos,
917 2894 971 2978 qui
1000 2913 1035 2960 se
1062 2898 1173 2960 contra
1195 2899 1364 2980 praecepta
1385 2913 1540 2960 canormm

374 3009 509 3077 absolute
533 3006 746 3077 ordinarunt⁸.
793 3009 875 3076 Tum
904 3010 1031 3076 demum
1059 3010 1092 3075 in
1121 3015 1243 3076 tantam
1274 3009 1454 3096 superbiam
1477 3009 1540 3076 ela-

373 3131 499 3211 tuaest,
523 3133 562 3193 nt
584 3147 619 3194 se
642 3127 862 3213 aequiperaret
889 3125 1040 3212 apostolis
1063 3125 1190 3191 Christi.
1237 3124 1280 3191 Et
1302 3124 1539 3209 dedignabatur,

371 3243 402 3306 in
423 3243 557 3309 aliamue
579 3242 699 3310 honore
727 3242 940 3328 apostolorum
969 3241 1019 3307 vel
1047 3247 1223 3328 martyrum
1253 3241 1437 3308 aecclesiam
1466 3259 1540 3306 con-

373 3377 498 3425 secrare.
545 3359 590 3425 Et
609 3359 828 3442 interrogarit,
852 3357 927 3442 quid
949 3357 1124 3424 voluissent
1146 3357 1299 3441 homines,
1322 3357 1479 3423 visitando
1501 3357 1540 3422 li·

374 3474 456 3541 mina
478 3480 662 3541 sanctorum
685 3473 909 3561 apostolorum.
1000 3471 1115 3540 Postea
1136 3474 1170 3539 in
1191 3473 1320 3560 proprio
1343 3473 1461 3539 honore
1483 3493 1540 3538 suo

374 3589 528 3658 dedicavit
550 3591 689 3657 oratoria
710 3591 776 3675 vel,
800 3595 836 3656 at
858 3590 962 3656 verius
985 3589 1105 3674 dicam,
1129 3589 1312 3656 sordidavit.
1359 3587 1448 3655 Fecit
1469 3609 1539 3655 aru-

374 3706 484 3773 cicnlas
507 3713 543 3774 et
564 3707 735 3772 oratoriola
756 3706 790 3772 in
813 3707 950 3792 campis·
974 3711 1006 3772 et
1028 3706 1068 3771 ad
1089 3706 1190 3772 tontes
1211 3705 1261 3771 vel
1275 3703 1464 3789 ubicumque
1480 3704 1541 3770 sibi

374 3823 471 3888 visum
492 3823 566 3906 fnit,
589 3827 622 3888 et
642 3822 737 3888 iussit
756 3821 802 3888 ibi
816 3821 959 3908 publicas
975 3822 1133 3888 orationes
1149 3820 1322 3902 celebrare3
1346 3820 1445 3886 donec
1459 3819 1540 3886 mm-

374 3937 520 4006 ta‘tudines
544 3938 750 4024 populorum,
778 3939 894 4024 spretis
921 3937 1034 4004 ceteris
1063 3937 1220 4025 episcopis
1243 3941 1275 4003 et
1297 3936 1436 4002 dimissis
1459 3935 1540 4000 anti-

374 4055 439 4136 quis
461 4053 637 4138 aecclesiis,
666 4055 701 4120 in
729 4052 845 4120 talibus
868 4053 945 4120 locis
968 4059 1140 4121 conventus
1164 4052 1365 4121 celebrabant
1386 4051 1538 4118 dicentes:

375 4171 487 4237 Merita
518 4175 623 4236 sancta?
654 4171 819 4236 Alcetea·
850 4172 1046 4236 adiuvabant
1077 4193 1145 4236 noa.
1203 4194 1207 4202 ·
1236 4167 1378 4253 Ungulas
1407 4187 1479 4234 suas
1509 4173 1566 4244 et¹

375 4285 500 4371 capillos
529 4286 616 4353 dedit
650 4286 691 4351 ad
719 4283 988 4352 honorificandum
1016 4291 1048 4352 et
1074 4285 1265 4372 portandum
1299 4303 1370 4350 cam
1398 4281 1540 4368 reliquiis

376 4403 471 4467 sancti
485 4403 572 4470 Petri
593 4403 748 4489 principis
771 4401 994 4488 apostolorum.
1074 4401 1156 4468 Tum
1178 4401 1314 4485 demum,
1339 4400 1424 4484 quod
1438 4399 1540 4466 maxi·

442 4549 464 4582 ι.
483 4537 544 4584 enirn
563 4553 606 4582 om.
623 4538 650 4583 ι’.
725 4535 755 4581 'b.
775 4533 899 4581 aldeberto
917 4539 943 4582 c.
1024 4549 1045 4582 c.
1065 4551 1108 4581 om.
1126 4537 1152 4582 C.
1232 4535 1256 4580 d.
1276 4550 1334 4580 corr.
1349 4535 1372 4578 a‘n
1392 4535 1498 4592 posuerat
1514 4535 1540 4581 ι’.

378 4625 397 4658 e.
413 4615 529 4676 meropia
546 4618 572 4664 C.

443 4711 467 4765 1.
490 4709 586 4765 llatth
599 4711 625 4779 7,
638 4710 681 4764 15.
752 4711 778 4764 2.
803 4708 951 4764 alimoth.
964 4709 990 4778 3,
1003 4710 1035 4764 6:
1056 4709 1124 4780 ,qui
1142 4712 1287 4779 periebant
1304 4707 1400 4762 domos
1416 4711 1444 4760 et
1456 4706 1540 4776 capti·

380 4811 425 4852 ma
441 4798 542 4854 ducunt
556 4797 736 4868 mulierculas,
754 4801 881 4853 oneratas
892 4799 1021 4868 peccatis,
1041 4813 1112 4868 quae
1124 4797 1260 4852 ducuntur
1271 4795 1354 4850 variis
1366 4795 1508 4850 desideriis
1516 4793 1540 4852 “.

381 4883 404 4938 3.
424 4889 587 4960 episcopum.
