4342 6034
655 794 721 860 276
896 810 925 858 s.
940 808 1118 859 sennenn
1138 810 1183 859 nn
1204 810 1307 857 nonni
1328 808 1516 859 nrmnonnn
1539 810 1585 855 112

509 963 636 1033 pectet
655 950 812 1035 simulque
832 949 1002 1017 infantium
1024 970 1225 1017 numerosam
1247 948 1498 1033 multitudinem,
1522 948 1580 1017 sub
1602 947 1739 1015 Daniele
1763 948 1826 1035 epi-

654 1062 930 1153 scopo¹ma1ime
953 1067 1022 1131 sine
1044 1066 1203 1152 baptismo
1225 1066 1438 1149 morientium,
1462 1066 1586 1131 tristem
1607 1072 1640 1131 et
1653 1069 1824 1131 merentem

655 1182 797 1269 aspexit3
819 1180 988 1247 formulam
1010 1182 1105 1247 unius
1128 1182 1289 1266 cuiusque,
1313 1182 1485 1248 secundnm
1503 1179 1674 1267 specialem
1692 1178 1826 1262 effigiem

655 1298 796 1382 animae,
823 1296 968 1384 pristinis
997 1316 1167 1383 conparem
1193 1297 1359 1381 membris,
1391 1297 1555 1382 speciebus
1577 1316 1652 1361 vero
1676 1296 1825 1361 dirersis:

654 1410 734 1480 alias
757 1413 902 1495 claritate
924 1411 1016 1495 solis,
1047 1410 1126 1478 alias
1151 1411 1259 1494 lunae,
1290 1410 1369 1478 alias
1392 1412 1553 1478 stellarum
1578 1410 1676 1477 radiis
1700 1410 1827 1497 proprie

655 1529 942 1613 communiterque·
963 1526 1091 1593 subisse
1115 1528 1270 1611 cognorit.

743 1644 792 1711 De
813 1644 893 1731 ipsis
916 1648 1023 1709 summ
1043 1643 1137 1725 vivis,
1161 1644 1214 1728 qui
1236 1648 1407 1729 supersunt
1422 1642 1534 1725 adhuc,
1558 1642 1827 1727 contemptoribus

652 1766 719 1826 mm
742 1760 926 1847 profuturae
947 1758 1160 1841 revelationis,
1183 1758 1317 1825 Daniele
1340 1757 1460 1824 milite*
1480 1756 1650 1841 Breguulfo
1673 1756 1827 1841 collegiis-

655 1896 730 1961 que,
754 1896 862 1942 eorum
886 1876 1006 1962 stupris
1029 1874 1265 1941 communibus·
1289 1873 1492 1959 emeritisque
1514 1873 1640 1959 poeuis,
1664 1873 1775 1958 qualia
1797 1892 1828 1939 se

654 1990 772 2057 vidisse
793 1991 985 2074 testabatur,
1008 1990 1100 2056 nobis
1124 1988 1280 2056 silendum
1302 2008 1384 2055 reor.

742 2105 778 2172 In
800 2104 863 2172 line
886 2110 992 2172 autem
1014 2106 1109 2172 buius
1132 2105 1263 2171 visionis
1280 2103 1523 2171 inenarrabilem
1541 2104 1690 2188 sonitum,
1714 2105 1826 2190 quem⁴

653 2222 739 2287 trina
763 2222 821 2287 illa
848 2221 1029 2287 caelestium
1053 2221 1209 2287 luminum
1232 2221 1337 2306 spatia
1359 2225 1391 2287 et
1413 2240 1522 2286 omnes
1546 2220 1724 2286 arrimarum
1746 2220 1826 2287 mul-

652 2336 804 2404 titudiuee
826 2338 861 2402 iu
883 2336 933 2402 bis
955 2338 1152 2403 manentium
1165 2336 1390 2420 resultabant·,
1413 2336 1569 2421 superios,
1592 2341 1758 2422 umquam
1773 2356 1826 2403 vo-

654 2472 723 2519 cem
743 2452 892 2520 tubarum
913 2452 1086 2519 multarum
1107 2452 1143 2518 in
1162 2451 1313 2519 inferiora
1327 2450 1562 2518 discendentem
1577 2450 1825 2537 mirabiliterque

652 2568 847 2652 vincentem,
871 2567 1000 2634 audivit
1047 2567 1225 2652 Statimque
1253 2567 1431 2653 posthaec
1459 2567 1625 2633 resedente
1654 2564 1824 2652 oromate',

654 2682 804 2767 angelicis
827 2683 959 2749 ducibus
982 2688 1014 2750 et
1035 2704 1187 2767 germana
1209 2682 1304 2749 simul
1325 2682 1525 2748 monentibus
1526 2730 1706 2766 .......
1732 2690 1826 2770 atque

653 2799 836 2865 memoriter
864 2818 1005 2866 amorem
1032 2800 1183 2866 creatoris
1213 2803 1320 2865 mente
1346 2796 1433 2864 lideli
1460 2799 1665 2883 retenuisset‚
1701 2800 1825 2885 corpori

653 2913 778 2981 reddita
799 2920 857 2981 ost
904 2914 1024 2982 Tamen
1052 2914 1153 2981 intra¹
1175 2914 1317 2981 carnales
1340 2914 1502 2998 augustias
1526 2913 1709 2999 aliquandiu
1731 2916 1825 2981 innu-

651 3030 836 3097 merabilem
865 3030 1104 3098 multitudinem
1133 3030 1301 3116 spirituum
1330 3028 1553 3095 inmundorum
1575 3028 1751 3113 lugubriter
1772 3051 1824 3115 ge-

651 3152 792 3213 mentem
806 3146 896 3231 vidit,
920 3147 995 3231 qnia
1012 3146 1152 3212 detectas
1168 3164 1241 3211 suas
1256 3146 1413 3230 nequitias
1428 3145 1617 3229 bominibus,
1641 3166 1720 3232 quas
1735 3166 1825 3213 exer·

652 3266 795 3346 cuerunt,
818 3262 925 3328 diuino
947 3280 1079 3329 munere
1102 3282 1171 3327 esse
1193 3267 1413 3345 cognoverant

741 3376 794 3442 Ad
808 3376 1076 3444 confirmationem
1095 3382 1199 3443 autem
1215 3376 1308 3443 buius
1324 3376 1513 3443 ostensionis
1528 3376 1735 3461 aegritudinis
1750 3398 1824 3444 suae

652 3491 787 3559 salutem
810 3528 852 3539 -
877 3512 958 3578 quae
980 3493 1085 3580 prius,
1110 3512 1190 3579 pene
1213 3497 1279 3558 toto
1302 3512 1433 3579 corpore
1456 3492 1550 3559 simul
1572 3492 1745 3577 conligato,
1768 3514 1825 3581 per

651 3608 814 3674 biennium
842 3614 974 3675 entema
1001 3614 1051 3675 est
1073 3645 1114 3654 —
1140 3608 1224 3694 quod
1250 3608 1369 3674 iactum
1396 3628 1480 3674 nunc
1508 3628 1579 3675 cum
1607 3608 1825 3675 misericordia

651 3722 713 3791 Dei
734 3724 798 3791 late
821 3724 1054 3808 cognoscimus,
1083 3723 1234 3810 predixit.
1280 3722 1352 3790 Non
1374 3722 1433 3790 hoc
1456 3722 1575 3807 solum,
1605 3723 1661 3791 sed
1688 3729 1721 3791 et
1751 3744 1823 3791 con-

651 3839 862 3906 familiaribus
892 3839 1077 3923 singillatim
1106 3838 1256 3926 specialia
1283 3839 1458 3925 ceterisque
1484 3840 1660 3924 incognita,
1696 3844 1729 3905 et
1761 3860 1824 3905 non

651 3955 732 4041 ipsis
753 3960 898 4039 tantum,
922 3954 978 4021 sed
999 3955 1068 4038 regi
1090 3954 1280 4039 reginaeque
1303 3955 1522 4041 episcopisque
1545 3954 1724 4037 simultis,
1748 3974 1823 4041 quo·

652 4090 723 4136 rum
745 4070 875 4136 nomina
895 4069 1024 4154 longum
1048 4075 1098 4137 est
1120 4070 1255 4136 scribto⁸
1277 4070 1465 4155 maduere,
1488 4072 1655 4137 manifeste
1677 4072 1822 4137 innotuit

652 4184 808 4251 leiunium
830 4204 953 4270 quoque
975 4206 1034 4273 pro
1056 4186 1286 4253 communibos‘
1310 4186 1407 4253 totius
1426 4184 1565 4252 familiae
1580 4186 1741 4271 predicte*
1755 4206 1824 4253 rea·

651 4300 747 4384 tibus,
770 4303 815 4367 40
836 4300 960 4367 dierum
982 4302 1121 4388 spatium
1143 4302 1365 4386 continentem,
1389 4322 1429 4369 ex
1443 4301 1544 4387 ipsius
1559 4300 1676 4368 Iudicis
1690 4300 1823 4389 imperio

651 4415 777 4482 indixit
822 4415 1058 4503 Ventorumque
1079 4417 1253 4483 vindictam
1275 4416 1454 4485 bominibus
1482 4418 1621 4505 propriis
1650 4416 1824 4485 communi·

725 4641 746 4675 a.
768 4630 961 4689 commoniterqua
979 4631 1008 4678 7.
1101 4630 1124 4676 b.
1147 4630 1220 4677 milita
1239 4632 1266 4677 V.
1360 4644 1380 4677 e.
1400 4630 1555 4677 commonibus
1574 4630 1602 4677 V.
1696 4631 1719 4678 d.
1739 4630 1775 4690 qui
1793 4629 1823 4675 7.

652 4721 674 4754 s.
694 4708 842 4754 rorulentam
860 4710 887 4754 7.
956 4708 1052 4755 linter
1069 4710 1097 4756 V.
1167 4722 1189 4768 g.
1210 4690 1295 4771 scribto
1315 4710 1343 4757 V.
1409 4708 1433 4756 b.
1454 4712 1575 4757 contenere
1594 4711 1621 4757 V.
1688 4711 1704 4757 i.
1725 4722 1823 4757 mumo-

651 4786 718 4833 nibua
737 4788 765 4834 V.
841 4787 865 4834 k
885 4786 1002 4847 predicate
1020 4790 1048 4835 V.

724 4892 749 4946 1.
773 4890 955 4947 vintoniensi.
1044 4894 1071 4948 2.
1096 4906 1191 4949 oroma
1209 4892 1323 4969 (ὅραμα)
1341 4896 1385 4949 est
1402 4892 1482 4949 risio.
