4342 6034
662 766 732 835 430
975 783 1182 832 wmarusnm
1203 782 1283 831 vrrs
1306 784 1334 831 s.
1350 783 1528 831 munerun

662 912 807 1012 suscitet,
830 930 867 993 ut
889 924 930 993 ad
953 945 991 993 ea
1013 935 1111 1011 quae·
1132 924 1315 1009 cogentibus
1337 922 1426 991 uobis
1448 924 1585 991 invitata
1606 929 1657 992 est
1677 923 1818 991 munder*

662 1043 766 1111 uiuaci
788 1060 969 1109 sermonum
989 1040 1173 1109 narratione
1194 1039 1354 1107 reddatur.

752 1150 944 1244 Conpulistis
968 1157 1052 1224 enim
1079 1177 1148 1240 me,
1177 1161 1214 1222 ut
1242 1156 1283 1222 ad
1305 1175 1451 1221 normam
1473 1176 1598 1239 eorum,
1627 1175 1755 1241 quorum
1776 1161 1823 1222 aut

662 1274 746 1341 ritae
769 1273 986 1340 castimoniam
1010 1276 1081 1338 aut⁰
1096 1291 1222 1338 morum
1242 1272 1484 1337 sanctimoniam
1499 1272 1602 1337 sancti
1616 1270 1727 1359 procul
1739 1270 1822 1337 dubio

662 1396 771 1477 patres
798 1386 961 1473 elegante⁴¹
982 1388 1152 1455 verborum
1174 1388 1308 1472 ambago
1330 1389 1426 1455 cartis
1448 1386 1616 1454 inserendo
1639 1386 1825 1454 tradidmuut

663 1537 705 1554 ω-
722 1504 900 1592 petentibus
921 1504 1083 1588 relegionis
1107 1522 1145 1570 ac
1166 1503 1329 1571 catholicis
1343 1505 1432 1589 viris,
1455 1502 1569 1589 quibus
1589 1502 1641 1569 uel
1654 1503 1690 1568 iu
1705 1503 1826 1569 luscus

662 1620 804 1708 pertibus
832 1620 884 1687 vel
910 1621 944 1687 in
968 1619 1090 1688 Galbae
1111 1619 1258 1686 torminis
1279 1620 1330 1687 vel
1350 1620 1385 1686 iu
1408 1618 1599 1687 Germaniae
1620 1617 1759 1685 aditibus
1779 1623 1828 1683 aut

663 1739 758 1806 etiam
784 1738 819 1803 in
845 1736 1038 1803 Brittaniae·
1065 1734 1220 1802 limitibus
1253 1736 1356 1804 sancti
1384 1734 1536 1801 Bonifatii
1572 1734 1725 1820 marwis
1751 1734 1828 1799 tuma

661 1848 946 1938 miraculorumque
968 1850 1180 1918 choruscatio‘
1200 1854 1396 1940 perstrepuit
1416 1886 1458 1899 -—
1477 1852 1560 1917 siem
1580 1848 1748 1937 discipulis
1767 1850 1828 1916 eius

661 1988 768 2037 secum
796 1948 851 2034 diu
872 1966 1140 2034 commorantibus
1162 1966 1213 2034 vel
1235 1969 1325 2035 uobis
1347 1968 1428 2055 ipsis
1449 1966 1659 2034 referentibus
1682 1964 1829 2053 comperi-

661 2104 738 2168 rem,
761 2083 961 2171 prohemium
979 2083 1181 2168 mediumque
1198 2088 1255 2151 aut
1268 2082 1364 2151 tinem
1377 2084 1463 2150 vitae
1478 2084 1555 2167 eius,
1579 2087 1700 2167 quanta
1714 2082 1829 2148 valeam

660 2200 872 2283 indagatione,
895 2198 1010 2265 litteris
1033 2200 1182 2265 inseram,
1227 2196 1272 2266 Et
1294 2199 1574 2285 quemadmodum,
1597 2198 1724 2285 primae
1744 2216 1829 2285 prae-

661 2315 864 2383 varicationis
884 2314 1023 2382 resoluto
1045 2314 1210 2401 cyrograto
1233 2320 1267 2382 et
1286 2334 1381 2382 verae
1400 2315 1482 2382 lucis
1494 2313 1585 2380 radio
1599 2313 1830 2397 inluciseents⁸,

662 2430 875 2517 Aegesippm,
905 2429 960 2515 qui
982 2428 1040 2496 sub
1063 2427 1235 2497 Anacleto¹
1255 2430 1389 2497 Romam
1411 2431 1536 2497 uenisse
1557 2430 1674 2514 fertur,
1698 2432 1832 2515 quinque

663 2544 965 2615 aecclesiasticorum
989 2551 1116 2613 actuum
1137 2546 1236 2613 libros
1259 2548 1299 2613 ob
1319 2546 1492 2613 utilitatem
1514 2544 1686 2630 legentium
1702 2544 1833 2613 edidisse

661 2658 860 2750 perhibetur3
882 2660 1102 2747 Eusebiusqne
1116 2661 1321 2747 &sariemis
1343 2661 1615 2729 nominatissimus
1631 2660 1833 2745 historiogra-
1899 2731 1900 2744 q

662 2776 796 2866 phorum
819 2776 965 2863 scriptor,
988 2796 1060 2844 eum
1074 2776 1240 2865 Pamphilo
1262 2785 1403 2865 martyre
1425 2783 1459 2845 et
1477 2778 1620 2844 adiutore
1633 2796 1692 2842 suo
1707 2796 1832 2843 suorum

662 2888 785 2979 sibique
806 2892 1057 2961 antecedentium
1076 2898 1258 2981 tempomm
1280 2894 1428 2962 historias
1451 2894 1535 2959 mira
1556 2892 1672 2978 eloquii
1694 2892 1832 2959 disserti·

661 3009 789 3077 tudine*
813 3012 967 3094 texentes,
989 3006 1114 3077 infinita
1135 3011 1263 3098 scriptis
1285 3010 1446 3077 uolumina
1467 3005 1668 3091 edideruut¹3
1690 3028 1752 3075 nec
1774 3028 1831 3075 nou
1899 2995 1900 3028 c

662 3130 696 3194 ct
716 3124 902 3210 Gregorius,
932 3126 987 3211 qui
1014 3132 1083 3193 orat
1110 3128 1160 3192 uir
1187 3126 1299 3194 beatae
1323 3127 1496 3193 memoriae
1522 3125 1831 3192 httmarum'studiis
1899 3115 1900 3184 l

662 3240 894 3309 cruditissimus
916 3241 1053 3325 glorioso
1076 3242 1267 3328 apostolicae
1289 3243 1373 3309 sedis
1393 3241 1530 3309 culmine
1544 3240 1740 3328 praesidens,
1765 3242 1831 3309 bea-
1899 3225 1900 3238 ¹

662 3364 767 3425 torum
796 3358 937 3425 scribens
961 3358 1174 3425 confessorum
1197 3359 1312 3443 uitam,
1342 3356 1540 3425 dialceticum
1563 3358 1643 3427 miro
1665 3359 1830 3426 ostendum

661 3470 877 3541 moderamine
892 3492 1028 3559 morsm,
1054 3479 1264 3560 quattuorque
1285 3474 1389 3559 logica
1410 3474 1567 3561 expressit
1585 3472 1831 3541 ratiocinatione¹

661 3584 788 3674 libros',
811 3590 866 3675 qui
887 3588 949 3655 huc
971 3608 1081 3674 usque,
1105 3588 1330 3657 aecclesiarum
1351 3585 1482 3657 inserti'K
1497 3588 1703 3675 bibliothecis,
1727 3590 1831 3676 elugu·

662 3705 800 3773 bratum¹
822 3704 958 3791 posteris
982 3704 1133 3773 scientiae
1155 3705 1302 3773 adierunt
1321 3706 1524 3790 dignitatem
1545 3706 1593 3773 ita
1608 3706 1693 3774 beati
1712 3708 1776 3775 riri
1788 3708 1830 3774 ui·

661 3826 728 3889 tam
749 3819 989 3909 praecelsasque
1011 3821 1080 3889 eius
1095 3822 1227 3889 uirtutes
1250 3826 1283 3889 et
1304 3820 1425 3888 cultum
1447 3822 1601 3909 pietatis·
1623 3828 1719 3909 atque
1736 3822 1830 3891 ebeti-

733 4030 754 4063 a.
775 4018 809 4064 etc
830 4018 899 4064 codd.
913 4034 956 4076 pro
972 4017 1002 4065 ed
1017 4030 1087 4077 qum
1106 4022 1139 4075 ef.
1154 4021 1216 4075 infru
1232 4019 1347 4074 Bonifatii
1361 4018 1430 4064 cerba
1446 4019 1597 4065 Waltihrerdc
1614 4019 1693 4066 dietae
1712 4021 1739 4065 ut
1752 4033 1789 4066 ne
1802 4015 1828 4064 cd

662 4094 705 4143 lim
721 4108 777 4157 quas
793 4096 877 4145 missus
893 4110 943 4144 eum
958 4099 1032 4145 umes
1048 4098 1146 4157 direque.
1238 4096 1262 4145 b.
1281 4110 1364 4145 unsar
1380 4098 1438 4145 edd
1453 4100 1483 4145 Β.
1574 4112 1595 4145 e
1615 4101 1641 4145 ut
1655 4102 1683 4156 F.
1703 4101 1743 4145 eut
1756 4102 1790 4155 A,
1802 4099 1828 4144 a.

663 4176 687 4225 d.
708 4175 806 4234 eleganti
820 4179 850 4233 A,
865 4178 893 4225 B.
976 4191 996 4225 e.
1016 4176 1132 4225 Brituuise
1148 4180 1176 4225 A.
1256 4176 1274 4225 t
1294 4178 1423 4225 comestio
1437 4180 1467 4225 A.
1543 4189 1567 4235 ς.
1584 4177 1740 4227 inlucescente
1753 4182 1786 4235 A,
1802 4179 1827 4224 B.

663 4254 688 4303 h.
705 4254 866 4303 disertitudine
881 4259 916 4313 A,
931 4258 958 4303 B.
1038 4257 1055 4305 i.
1076 4257 1209 4304 rationed.
1284 4256 1308 4305 k.
1327 4257 1415 4305 ineerta
1429 4260 1457 4315 1,
1472 4259 1505 4313 B,
1520 4257 1647 4307 isserrtt.
1723 4256 1827 4306 umes

662 4334 750 4383 amm
766 4338 794 4383 a.
872 4349 903 4383 a
922 4336 1007 4400 piens
1021 4338 1049 4393 r,
1067 4336 1162 4396 pressas
1175 4339 1205 4392 A,
1220 4338 1250 4383 a.

736 4440 761 4494 1.
785 4439 969 4511 Hieronymus
992 4438 1027 4493 de
1044 4439 1112 4495 viris
1128 4437 1279 4494 ilustribue
1297 4452 1321 4494 c.
1334 4437 1370 4493 aa
1388 4439 1467 4508 (opp.
1487 4438 1530 4494 ed.
1544 4440 1696 4497 vallarsius
1713 4439 1826 4504 nauci:

666 4526 861 4599 „hegesippus
879 4558 913 4569 -
932 4528 1073 4597 multaque
1092 4526 1129 4582 sd
1146 4528 1291 4582 udbmtem
1308 4527 1457 4596 legentium
1474 4528 1639 4596 perimentia
1656 4540 1825 4600 congregans,

664 4616 784 4687 quinque
806 4616 889 4673 libros
913 4617 1075 4687 composuit.
1109 4616 1229 4687 merit,
1254 4614 1416 4671 sevenisse
1440 4614 1492 4671 sub
1514 4616 1663 4674 Auiecto
1688 4612 1824 4673 Romam·-

665 4706 691 4761 2.
715 4706 898 4777 Hieronymus
915 4704 934 4761 l.
946 4706 964 4760 l.
984 4720 1008 4760 c.
1020 4704 1054 4761 81
1073 4708 1147 4776 (cpp.
1158 4705 1186 4760 II
1197 4704 1275 4773 wel:
1295 4704 1455 4776 „Eusebius
1471 4700 1624 4761 &cumeae
1640 4706 1783 4776 episcopus
1794 4728 1823 4742 -·

665 4798 695 4849 st
710 4792 892 4850 bibliothecae
909 4792 1019 4849 divinae
1031 4808 1093 4850 oum
1105 4792 1247 4864 Pempmo
1256 4798 1379 4866 menyrc
1390 4792 1616 4864 missimus
1625 4795 1822 4865 peruastantes
1899 4829 1900 4870 q

665 4882 753 4940 edidit
768 4881 876 4939 infinita
892 4882 1062 4941 voluminat.
1152 4884 1179 4941 d.
1200 4882 1381 4955 Dialogorurn
1397 4882 1482 4940 libros
1499 4882 1549 4941 iv.
