<?xml version="1.0" encoding="UTF-8"?>
<!DOCTYPE html PUBLIC "-//W3C//DTD XHTML 1.0 Transitional//EN"
    "http://www.w3.org/TR/xhtml1/DTD/xhtml1-transitional.dtd">
<html xmlns="http://www.w3.org/1999/xhtml" xml:lang="en" lang="en">
 <head>
  <title>
</title>
<meta http-equiv="Content-Type" content="text/html;charset=utf-8" />
  <meta name='ocr-system' content='tesseract 3.04.00' />
  <meta name='ocr-capabilities' content='ocr_page ocr_carea ocr_par ocr_line ocrx_word'/>
</head>
<body>
  <div class='ocr_page' id='page_1' title='image "./monumentamogunt00lulgoog/monumentamogunt00lulgoog_0452.png"; bbox 0 0 4342 6034; ppageno 0'>
   <div class='ocr_carea' id='block_1_1' title="bbox 667 736 1599 805">
    <p class='ocr_par' dir='ltr' id='par_1_1' title="bbox 667 736 1599 805">
     <span class='ocr_line' id='line_1_1' title="bbox 667 736 1599 805; baseline -0.006 0"><span class='ocrx_word' id='word_1_1' title='bbox 667 736 734 805; x_wconf 79' lang='lat'>434</span> <span class='ocrx_word' id='word_1_2' title='bbox 907 754 1115 803; x_wconf 79' lang='lat' dir='ltr'>wmumsrmr</span> <span class='ocrx_word' id='word_1_3' title='bbox 1135 754 1217 803; x_wconf 77' lang='lat' dir='ltr'>vrrs</span> <span class='ocrx_word' id='word_1_4' title='bbox 1239 752 1267 801; x_wconf 89' lang='lat' dir='ltr'>s.</span> <span class='ocrx_word' id='word_1_5' title='bbox 1282 751 1459 801; x_wconf 75' lang='lat' dir='ltr'>normam</span> <span class='ocrx_word' id='word_1_6' title='bbox 1480 750 1555 801; x_wconf 78' lang='lat' dir='ltr'>oar.</span> <span class='ocrx_word' id='word_1_7' title='bbox 1572 751 1599 799; x_wconf 86' lang='lat' dir='ltr'>u</span> 
     </span>
    </p>
   </div>
   <div class='ocr_carea' id='block_1_2' title="bbox 667 892 1832 981">
    <p class='ocr_par' dir='ltr' id='par_1_2' title="bbox 667 887 1914 1002">
     <span class='ocr_line' id='line_1_2' title="bbox 667 892 1832 981; baseline -0.003 -18"><span class='ocrx_word' id='word_1_8' title='bbox 667 896 893 963; x_wconf 87' lang='lat' dir='ltr'>sanctimonia·</span> <span class='ocrx_word' id='word_1_9' title='bbox 916 895 1102 981; x_wconf 80' lang='lat' dir='ltr'>subdiderit,</span> <span class='ocrx_word' id='word_1_10' title='bbox 1125 894 1263 963; x_wconf 83' lang='lat' dir='ltr'>breviter</span> <span class='ocrx_word' id='word_1_11' title='bbox 1284 892 1489 981; x_wconf 89' lang='lat' dir='ltr'>protulimus;</span> <span class='ocrx_word' id='word_1_12' title='bbox 1513 899 1559 977; x_wconf 79' lang='lat' dir='ltr'>ut,</span> <span class='ocrx_word' id='word_1_13' title='bbox 1580 892 1721 961; x_wconf 84' lang='lat' dir='ltr'>fabricae</span> <span class='ocrx_word' id='word_1_14' title='bbox 1741 911 1763 957; x_wconf 88' lang='lat' dir='ltr'>s</span> <span class='ocrx_word' id='word_1_15' title='bbox 1782 912 1832 959; x_wconf 81' lang='lat' dir='ltr'>no</span> 
     </span>
    </p>
   </div>
   <div class='ocr_carea' id='block_1_3' title="bbox 664 1007 1919 4347">
    <p class='ocr_par' dir='ltr' id='par_1_3' title="bbox 664 1007 1919 4347">
     <span class='ocr_line' id='line_1_3' title="bbox 667 1007 1835 1096; baseline -0.004 -17"><span class='ocrx_word' id='word_1_16' title='bbox 667 1011 716 1079; x_wconf 90' lang='lat' dir='ltr'>bis</span> <span class='ocrx_word' id='word_1_17' title='bbox 730 1012 936 1079; x_wconf 87' lang='lat' dir='ltr'>fundamento</span> <span class='ocrx_word' id='word_1_18' title='bbox 951 1012 1104 1095; x_wconf 88' lang='lat' dir='ltr'>confecto,</span> <span class='ocrx_word' id='word_1_19' title='bbox 1125 1014 1283 1080; x_wconf 76' lang='lat' dir='ltr'>structure</span> <span class='ocrx_word' id='word_1_20' title='bbox 1298 1010 1453 1096; x_wconf 88' lang='lat' dir='ltr'>paulatim</span> <span class='ocrx_word' id='word_1_21' title='bbox 1467 1008 1646 1075; x_wconf 85' lang='lat' dir='ltr'>sublimitas</span> <span class='ocrx_word' id='word_1_22' title='bbox 1661 1007 1704 1075; x_wconf 88' lang='lat' dir='ltr'>sd</span> <span class='ocrx_word' id='word_1_23' title='bbox 1716 1028 1835 1075; x_wconf 84' lang='lat' dir='ltr'>summa</span> 
     </span>
     <span class='ocr_line' id='line_1_4' title="bbox 667 1124 1835 1213; baseline -0.004 -18"><span class='ocrx_word' id='word_1_24' title='bbox 667 1127 761 1195; x_wconf 89' lang='lat' dir='ltr'>altius</span> <span class='ocrx_word' id='word_1_25' title='bbox 785 1128 967 1213; x_wconf 79' lang='lat' dir='ltr'>erigeretur.</span> <span class='ocrx_word' id='word_1_26' title='bbox 1050 1125 1224 1211; x_wconf 89' lang='lat' dir='ltr'>Postquam</span> <span class='ocrx_word' id='word_1_27' title='bbox 1246 1126 1330 1193; x_wconf 91' lang='lat' dir='ltr'>enim</span> <span class='ocrx_word' id='word_1_28' title='bbox 1353 1130 1442 1193; x_wconf 86' lang='lat' dir='ltr'>aetas</span> <span class='ocrx_word' id='word_1_29' title='bbox 1464 1131 1497 1192; x_wconf 90' lang='lat' dir='ltr'>et</span> <span class='ocrx_word' id='word_1_30' title='bbox 1517 1125 1602 1191; x_wconf 87' lang='lat' dir='ltr'>mira</span> <span class='ocrx_word' id='word_1_31' title='bbox 1622 1125 1659 1191; x_wconf 92' lang='lat' dir='ltr'>iu</span> <span class='ocrx_word' id='word_1_32' title='bbox 1679 1144 1718 1191; x_wconf 90' lang='lat' dir='ltr'>eo</span> <span class='ocrx_word' id='word_1_33' title='bbox 1738 1124 1835 1191; x_wconf 78' lang='lat' dir='ltr'>sdan·</span> 
     </span>
     <span class='ocr_line' id='line_1_5' title="bbox 666 1239 1915 1336; baseline -0.004 -25"><span class='ocrx_word' id='word_1_34' title='bbox 666 1244 730 1311; x_wconf 92' lang='lat' dir='ltr'>tiae</span> <span class='ocrx_word' id='word_1_35' title='bbox 751 1243 930 1331; x_wconf 84' lang='lat' dir='ltr'>praevaluit</span> <span class='ocrx_word' id='word_1_36' title='bbox 949 1242 1101 1310; x_wconf 87' lang='lat' dir='ltr'>fortitudo</span> <span class='ocrx_word' id='word_1_37' title='bbox 1121 1242 1337 1326; x_wconf 68' lang='lat' dir='ltr'>infantiaeque</span> <span class='ocrx_word' id='word_1_38' title='bbox 1352 1245 1485 1327; x_wconf 84' lang='lat' dir='ltr'>septem,</span> <span class='ocrx_word' id='word_1_39' title='bbox 1508 1239 1640 1327; x_wconf 90' lang='lat' dir='ltr'>puerilis</span> <span class='ocrx_word' id='word_1_40' title='bbox 1655 1239 1837 1307; x_wconf 77' lang='lat' dir='ltr'>adveniente</span> <span class='ocrx_word' id='word_1_41' title='bbox 1914 1333 1915 1336; x_wconf 8' lang='grc' dir='ltr'><strong>Ἴ</strong></span> 
     </span>
     <span class='ocr_line' id='line_1_6' title="bbox 667 1339 1915 1442; baseline -0.004 -17"><span class='ocrx_word' id='word_1_42' title='bbox 667 1358 778 1426; x_wconf 90' lang='lat' dir='ltr'>decore</span> <span class='ocrx_word' id='word_1_43' title='bbox 801 1359 930 1442; x_wconf 88' lang='lat' dir='ltr'>aetatis,</span> <span class='ocrx_word' id='word_1_44' title='bbox 955 1357 1143 1425; x_wconf 79' lang='lat' dir='ltr'>evolvuntur</span> <span class='ocrx_word' id='word_1_45' title='bbox 1165 1358 1257 1440; x_wconf 90' lang='lat' dir='ltr'>anni,</span> <span class='ocrx_word' id='word_1_46' title='bbox 1280 1377 1397 1441; x_wconf 88' lang='lat' dir='ltr'>magna</span> <span class='ocrx_word' id='word_1_47' title='bbox 1418 1354 1575 1441; x_wconf 88' lang='lat' dir='ltr'>siquidem</span> <span class='ocrx_word' id='word_1_48' title='bbox 1597 1356 1715 1422; x_wconf 89' lang='lat' dir='ltr'>mentis</span> <span class='ocrx_word' id='word_1_49' title='bbox 1738 1362 1772 1423; x_wconf 90' lang='lat' dir='ltr'>et</span> <span class='ocrx_word' id='word_1_50' title='bbox 1793 1356 1836 1421; x_wconf 90' lang='lat' dir='ltr'>iu·</span> <span class='ocrx_word' id='word_1_51' title='bbox 1914 1339 1915 1370; x_wconf 59' lang='lat'>¹</span> 
     </span>
     <span class='ocr_line' id='line_1_7' title="bbox 667 1470 1838 1559; baseline -0.004 -18"><span class='ocrx_word' id='word_1_52' title='bbox 667 1472 783 1541; x_wconf 83' lang='lat' dir='ltr'>affabili</span> <span class='ocrx_word' id='word_1_53' title='bbox 805 1474 970 1559; x_wconf 67' lang='lat' dir='ltr'>gravitate,</span> <span class='ocrx_word' id='word_1_54' title='bbox 997 1472 1150 1541; x_wconf 63' lang='lat' dir='ltr'>caeleste*</span> <span class='ocrx_word' id='word_1_55' title='bbox 1173 1473 1348 1559; x_wconf 73' lang='lat' dir='ltr'>inspirante</span> <span class='ocrx_word' id='word_1_56' title='bbox 1369 1472 1489 1556; x_wconf 91' lang='lat' dir='ltr'>gratia,</span> <span class='ocrx_word' id='word_1_57' title='bbox 1512 1472 1595 1537; x_wconf 90' lang='lat' dir='ltr'>sieut</span> <span class='ocrx_word' id='word_1_58' title='bbox 1616 1470 1838 1556; x_wconf 86' lang='lat' dir='ltr'>subsequentia</span> 
     </span>
     <span class='ocr_line' id='line_1_8' title="bbox 665 1586 1838 1677; baseline 0 -22"><span class='ocrx_word' id='word_1_59' title='bbox 665 1589 758 1655; x_wconf 88' lang='lat' dir='ltr'>huius</span> <span class='ocrx_word' id='word_1_60' title='bbox 781 1590 886 1677; x_wconf 89' lang='lat' dir='ltr'>operis</span> <span class='ocrx_word' id='word_1_61' title='bbox 909 1589 1097 1655; x_wconf 90' lang='lat' dir='ltr'>documenta</span> <span class='ocrx_word' id='word_1_62' title='bbox 1119 1588 1297 1673; x_wconf 88' lang='lat' dir='ltr'>declarant,</span> <span class='ocrx_word' id='word_1_63' title='bbox 1328 1588 1447 1655; x_wconf 87' lang='lat' dir='ltr'>ditatus</span> <span class='ocrx_word' id='word_1_64' title='bbox 1469 1592 1518 1655; x_wconf 90' lang='lat' dir='ltr'>est</span> <span class='ocrx_word' id='word_1_65' title='bbox 1539 1593 1573 1654; x_wconf 89' lang='lat' dir='ltr'>et</span> <span class='ocrx_word' id='word_1_66' title='bbox 1592 1586 1770 1654; x_wconf 87' lang='lat' dir='ltr'>multarum</span> <span class='ocrx_word' id='word_1_67' title='bbox 1791 1606 1838 1655; x_wconf 82' lang='lat' dir='ltr'>ca·</span> 
     </span>
     <span class='ocr_line' id='line_1_9' title="bbox 666 1702 1838 1789; baseline -0.003 -16"><span class='ocrx_word' id='word_1_68' title='bbox 666 1706 815 1773; x_wconf 89' lang='lat' dir='ltr'>stimonia</span> <span class='ocrx_word' id='word_1_69' title='bbox 835 1706 989 1773; x_wconf 87' lang='lat' dir='ltr'>virtutum</span> <span class='ocrx_word' id='word_1_70' title='bbox 1005 1706 1155 1771; x_wconf 85' lang='lat' dir='ltr'>-iuxta</span> <span class='ocrx_word' id='word_1_71' title='bbox 1176 1710 1338 1771; x_wconf 91' lang='lat' dir='ltr'>ostensum</span> <span class='ocrx_word' id='word_1_72' title='bbox 1361 1709 1541 1771; x_wconf 87' lang='lat' dir='ltr'>sanctorum</span> <span class='ocrx_word' id='word_1_73' title='bbox 1563 1702 1729 1789; x_wconf 86' lang='lat' dir='ltr'>exemplar</span> <span class='ocrx_word' id='word_1_74' title='bbox 1750 1722 1838 1789; x_wconf 80' lang='lat' dir='ltr'>prae</span> 
     </span>
     <span class='ocr_line' id='line_1_10' title="bbox 666 1818 1840 1907; baseline -0.002 -18"><span class='ocrx_word' id='word_1_75' title='bbox 666 1821 844 1889; x_wconf 88' lang='lat' dir='ltr'>cedentium</span> <span class='ocrx_word' id='word_1_76' title='bbox 867 1826 900 1889; x_wconf 93' lang='lat' dir='ltr'>et</span> <span class='ocrx_word' id='word_1_77' title='bbox 921 1820 1149 1887; x_wconf 86' lang='lat' dir='ltr'>venerabilium</span> <span class='ocrx_word' id='word_1_78' title='bbox 1171 1820 1319 1887; x_wconf 89' lang='lat' dir='ltr'>instituta</span> <span class='ocrx_word' id='word_1_79' title='bbox 1339 1825 1466 1907; x_wconf 93' lang='lat' dir='ltr'>patrum</span> <span class='ocrx_word' id='word_1_80' title='bbox 1482 1856 1525 1867; x_wconf 94' lang='lat'>—</span> <span class='ocrx_word' id='word_1_81' title='bbox 1540 1819 1686 1887; x_wconf 88' lang='lat' dir='ltr'>subditus</span> <span class='ocrx_word' id='word_1_82' title='bbox 1701 1818 1840 1887; x_wconf 75' lang='lat' dir='ltr'>declara</span> 
     </span>
     <span class='ocr_line' id='line_1_11' title="bbox 664 1934 1916 2019; baseline -0.003 -14"><span class='ocrx_word' id='word_1_83' title='bbox 664 1941 716 2005; x_wconf 91' lang='lat' dir='ltr'>tus</span> <span class='ocrx_word' id='word_1_84' title='bbox 740 1958 777 2005; x_wconf 86' lang='lat' dir='ltr'>ao</span> <span class='ocrx_word' id='word_1_85' title='bbox 799 1937 973 2005; x_wconf 87' lang='lat' dir='ltr'>decoratus.</span> <span class='ocrx_word' id='word_1_86' title='bbox 1006 1936 1096 2003; x_wconf 84' lang='lat' dir='ltr'>Adeo</span> <span class='ocrx_word' id='word_1_87' title='bbox 1120 1937 1217 2003; x_wconf 89' lang='lat' dir='ltr'>etiarn</span> <span class='ocrx_word' id='word_1_88' title='bbox 1238 1936 1345 2003; x_wconf 89' lang='lat' dir='ltr'>divino</span> <span class='ocrx_word' id='word_1_89' title='bbox 1366 1935 1488 2003; x_wconf 89' lang='lat' dir='ltr'>exarsit</span> <span class='ocrx_word' id='word_1_90' title='bbox 1500 1936 1627 2019; x_wconf 90' lang='lat' dir='ltr'>ingenio</span> <span class='ocrx_word' id='word_1_91' title='bbox 1642 1954 1680 2001; x_wconf 89' lang='lat' dir='ltr'>ac</span> <span class='ocrx_word' id='word_1_92' title='bbox 1694 1934 1839 2002; x_wconf 86' lang='lat' dir='ltr'>lectionis</span> <span class='ocrx_word' id='word_1_93' title='bbox 1915 2001 1916 2014; x_wconf 59' lang='grc'>,</span> 
     </span>
     <span class='ocr_line' id='line_1_12' title="bbox 666 2050 1840 2139; baseline -0.002 -20"><span class='ocrx_word' id='word_1_94' title='bbox 666 2051 810 2139; x_wconf 76' lang='lat' dir='ltr'>adprime</span> <span class='ocrx_word' id='word_1_95' title='bbox 833 2072 868 2119; x_wconf 89' lang='lat' dir='ltr'>se</span> <span class='ocrx_word' id='word_1_96' title='bbox 883 2052 1024 2119; x_wconf 86' lang='lat' dir='ltr'>subdidit</span> <span class='ocrx_word' id='word_1_97' title='bbox 1039 2053 1199 2133; x_wconf 83' lang='lat' dir='ltr'>exercitio,</span> <span class='ocrx_word' id='word_1_98' title='bbox 1225 2058 1270 2137; x_wconf 67' lang='lat' dir='ltr'>ut</span> <span class='ocrx_word' id='word_1_99' title='bbox 1289 2051 1423 2135; x_wconf 88' lang='lat' dir='ltr'>singulis</span> <span class='ocrx_word' id='word_1_100' title='bbox 1438 2050 1614 2136; x_wconf 86' lang='lat' dir='ltr'>quibusque</span> <span class='ocrx_word' id='word_1_101' title='bbox 1628 2050 1748 2117; x_wconf 89' lang='lat' dir='ltr'>additis</span> <span class='ocrx_word' id='word_1_102' title='bbox 1765 2056 1840 2117; x_wconf 86' lang='lat' dir='ltr'>tem·</span> 
     </span>
     <span class='ocr_line' id='line_1_13' title="bbox 664 2166 1841 2255; baseline 0 -22"><span class='ocrx_word' id='word_1_103' title='bbox 664 2168 768 2255; x_wconf 76' lang='lat' dir='ltr'>poris‘</span> <span class='ocrx_word' id='word_1_104' title='bbox 791 2168 959 2235; x_wconf 89' lang='lat' dir='ltr'>momentis</span> <span class='ocrx_word' id='word_1_105' title='bbox 983 2174 1077 2253; x_wconf 90' lang='lat' dir='ltr'>atque</span> <span class='ocrx_word' id='word_1_106' title='bbox 1099 2168 1186 2235; x_wconf 90' lang='lat' dir='ltr'>boris</span> <span class='ocrx_word' id='word_1_107' title='bbox 1209 2187 1426 2252; x_wconf 86' lang='lat' dir='ltr'>annorumque</span> <span class='ocrx_word' id='word_1_108' title='bbox 1447 2166 1627 2251; x_wconf 91' lang='lat' dir='ltr'>curriculis,</span> <span class='ocrx_word' id='word_1_109' title='bbox 1651 2172 1841 2250; x_wconf 77' lang='lat' dir='ltr'>augerentur</span> 
     </span>
     <span class='ocr_line' id='line_1_14' title="bbox 666 2277 1916 2370; baseline 0 -19"><span class='ocrx_word' id='word_1_110' title='bbox 666 2284 762 2351; x_wconf 92' lang='lat' dir='ltr'>etiam</span> <span class='ocrx_word' id='word_1_111' title='bbox 789 2283 823 2349; x_wconf 94' lang='lat' dir='ltr'>in</span> <span class='ocrx_word' id='word_1_112' title='bbox 852 2303 889 2351; x_wconf 90' lang='lat' dir='ltr'>eo</span> <span class='ocrx_word' id='word_1_113' title='bbox 918 2284 1047 2370; x_wconf 89' lang='lat' dir='ltr'>eupemi</span> <span class='ocrx_word' id='word_1_114' title='bbox 1076 2282 1259 2351; x_wconf 90' lang='lat' dir='ltr'>adiumenta</span> <span class='ocrx_word' id='word_1_115' title='bbox 1280 2284 1449 2368; x_wconf 83' lang='lat' dir='ltr'>divinaque</span> <span class='ocrx_word' id='word_1_116' title='bbox 1471 2283 1626 2349; x_wconf 88' lang='lat' dir='ltr'>donorum</span> <span class='ocrx_word' id='word_1_117' title='bbox 1647 2282 1843 2351; x_wconf 87' lang='lat' dir='ltr'>incrementa</span> <span class='ocrx_word' id='word_1_118' title='bbox 1915 2277 1916 2280; x_wconf 48' lang='lat'>&#39;</span> 
     </span>
     <span class='ocr_line' id='line_1_15' title="bbox 664 2397 1917 2487; baseline 0.002 -22"><span class='ocrx_word' id='word_1_119' title='bbox 664 2398 862 2485; x_wconf 77' lang='lat' dir='ltr'>protesteris.</span> <span class='ocrx_word' id='word_1_120' title='bbox 901 2397 944 2465; x_wconf 88' lang='lat' dir='ltr'>Et</span> <span class='ocrx_word' id='word_1_121' title='bbox 966 2403 1083 2485; x_wconf 89' lang='lat' dir='ltr'>queuto</span> <span class='ocrx_word' id='word_1_122' title='bbox 1107 2398 1276 2485; x_wconf 90' lang='lat' dir='ltr'>pastoralis</span> <span class='ocrx_word' id='word_1_123' title='bbox 1299 2398 1474 2486; x_wconf 86' lang='lat' dir='ltr'>pedagogio</span> <span class='ocrx_word' id='word_1_124' title='bbox 1496 2398 1674 2483; x_wconf 76' lang='lat' dir='ltr'>magisterii</span> <span class='ocrx_word' id='word_1_125' title='bbox 1696 2404 1751 2467; x_wconf 90' lang='lat' dir='ltr'>est</span> <span class='ocrx_word' id='word_1_126' title='bbox 1775 2420 1842 2487; x_wconf 89' lang='lat' dir='ltr'>pro-</span> <span class='ocrx_word' id='word_1_127' title='bbox 1916 2457 1917 2482; x_wconf 64' lang='lat'>,</span> 
     </span>
     <span class='ocr_line' id='line_1_16' title="bbox 665 2487 1917 2601; baseline 0.002 -20"><span class='ocrx_word' id='word_1_128' title='bbox 665 2519 784 2597; x_wconf 86' lang='lat' dir='ltr'>vectus,</span> <span class='ocrx_word' id='word_1_129' title='bbox 807 2518 895 2579; x_wconf 89' lang='lat' dir='ltr'>tauto</span> <span class='ocrx_word' id='word_1_130' title='bbox 919 2513 959 2581; x_wconf 89' lang='lat' dir='ltr'>ad</span> <span class='ocrx_word' id='word_1_131' title='bbox 981 2514 1158 2601; x_wconf 87' lang='lat' dir='ltr'>profectum</span> <span class='ocrx_word' id='word_1_132' title='bbox 1180 2520 1327 2583; x_wconf 86' lang='lat' dir='ltr'>aeternae</span> <span class='ocrx_word' id='word_1_133' title='bbox 1349 2514 1553 2581; x_wconf 90' lang='lat' dir='ltr'>beatitudinis</span> <span class='ocrx_word' id='word_1_134' title='bbox 1570 2514 1711 2581; x_wconf 87' lang='lat' dir='ltr'>-siout</span> <span class='ocrx_word' id='word_1_135' title='bbox 1732 2514 1842 2583; x_wconf 87' lang='lat' dir='ltr'>fideles</span> <span class='ocrx_word' id='word_1_136' title='bbox 1916 2487 1917 2572; x_wconf 41' lang='lat'>3</span> 
     </span>
     <span class='ocr_line' id='line_1_17' title="bbox 665 2628 1917 2718; baseline 0.002 -21"><span class='ocrx_word' id='word_1_137' title='bbox 665 2628 950 2697; x_wconf 77' lang='lat' dir='ltr'>confamiliaritatis</span> <span class='ocrx_word' id='word_1_138' title='bbox 972 2628 1059 2697; x_wconf 90' lang='lat' dir='ltr'>illius</span> <span class='ocrx_word' id='word_1_139' title='bbox 1081 2631 1144 2697; x_wconf 85' lang='lat' dir='ltr'>viri</span> <span class='ocrx_word' id='word_1_140' title='bbox 1165 2652 1224 2718; x_wconf 95' lang='lat' dir='ltr'>pro</span> <span class='ocrx_word' id='word_1_141' title='bbox 1246 2636 1332 2697; x_wconf 85' lang='lat' dir='ltr'>certo</span> <span class='ocrx_word' id='word_1_142' title='bbox 1355 2631 1463 2697; x_wconf 89' lang='lat' dir='ltr'>testati</span> <span class='ocrx_word' id='word_1_143' title='bbox 1485 2635 1561 2697; x_wconf 87' lang='lat' dir='ltr'>suut</span> <span class='ocrx_word' id='word_1_144' title='bbox 1581 2664 1625 2675; x_wconf 90' lang='lat'><em>-</em></span> <span class='ocrx_word' id='word_1_145' title='bbox 1649 2650 1724 2697; x_wconf 90' lang='lat' dir='ltr'>eum</span> <span class='ocrx_word' id='word_1_146' title='bbox 1748 2632 1841 2699; x_wconf 84' lang='lat' dir='ltr'>cotti·</span> <span class='ocrx_word' id='word_1_147' title='bbox 1916 2629 1917 2632; x_wconf 66' lang='grc'>’</span> 
     </span>
     <span class='ocr_line' id='line_1_18' title="bbox 666 2743 1844 2833; baseline 0.002 -22"><span class='ocrx_word' id='word_1_148' title='bbox 666 2743 761 2811; x_wconf 89' lang='lat' dir='ltr'>diana</span> <span class='ocrx_word' id='word_1_149' title='bbox 788 2744 856 2811; x_wconf 88' lang='lat' dir='ltr'>eius</span> <span class='ocrx_word' id='word_1_150' title='bbox 886 2744 993 2813; x_wconf 89' lang='lat' dir='ltr'>studia</span> <span class='ocrx_word' id='word_1_151' title='bbox 1019 2746 1085 2829; x_wconf 87' lang='lat' dir='ltr'>iugi</span> <span class='ocrx_word' id='word_1_152' title='bbox 1107 2746 1175 2813; x_wconf 91' lang='lat' dir='ltr'>ludi</span> <span class='ocrx_word' id='word_1_153' title='bbox 1196 2746 1362 2815; x_wconf 70' lang='lat' dir='ltr'>litterariid</span> <span class='ocrx_word' id='word_1_154' title='bbox 1384 2746 1590 2815; x_wconf 86' lang='lat' dir='ltr'>meditatione</span> <span class='ocrx_word' id='word_1_155' title='bbox 1611 2746 1844 2833; x_wconf 74' lang='lat' dir='ltr'>desectoque</span> 
     </span>
     <span class='ocr_line' id='line_1_19' title="bbox 665 2860 1842 2948; baseline 0.004 -21"><span class='ocrx_word' id='word_1_156' title='bbox 665 2860 837 2927; x_wconf 84' lang='lat' dir='ltr'>incitavere</span> <span class='ocrx_word' id='word_1_157' title='bbox 865 2864 897 2927; x_wconf 88' lang='lat' dir='ltr'>et</span> <span class='ocrx_word' id='word_1_158' title='bbox 924 2865 1034 2928; x_wconf 89' lang='lat' dir='ltr'>contra</span> <span class='ocrx_word' id='word_1_159' title='bbox 1063 2862 1195 2929; x_wconf 85' lang='lat' dir='ltr'>infestas</span> <span class='ocrx_word' id='word_1_160' title='bbox 1218 2862 1393 2931; x_wconf 88' lang='lat' dir='ltr'>diabolicae</span> <span class='ocrx_word' id='word_1_161' title='bbox 1415 2862 1626 2946; x_wconf 85' lang='lat' dir='ltr'>suggestionis</span> <span class='ocrx_word' id='word_1_162' title='bbox 1647 2864 1842 2948; x_wconf 90' lang='lat' dir='ltr'>persecutio-</span> 
     </span>
     <span class='ocr_line' id='line_1_20' title="bbox 666 2976 1919 3067; baseline 0.004 -25"><span class='ocrx_word' id='word_1_163' title='bbox 666 2996 732 3061; x_wconf 90' lang='lat' dir='ltr'>nes,</span> <span class='ocrx_word' id='word_1_164' title='bbox 755 2997 816 3063; x_wconf 89' lang='lat' dir='ltr'>que</span> <span class='ocrx_word' id='word_1_165' title='bbox 838 2981 983 3043; x_wconf 90' lang='lat' dir='ltr'>tenerum</span> <span class='ocrx_word' id='word_1_166' title='bbox 1007 2996 1082 3063; x_wconf 86' lang='lat' dir='ltr'>sepe</span> <span class='ocrx_word' id='word_1_167' title='bbox 1106 2978 1191 3065; x_wconf 89' lang='lat' dir='ltr'>apud</span> <span class='ocrx_word' id='word_1_168' title='bbox 1213 2978 1362 3045; x_wconf 89' lang='lat' dir='ltr'>mortales</span> <span class='ocrx_word' id='word_1_169' title='bbox 1384 2979 1556 3045; x_wconf 86' lang='lat' dir='ltr'>inventutis</span> <span class='ocrx_word' id='word_1_170' title='bbox 1578 2976 1688 3045; x_wconf 87' lang='lat' dir='ltr'>florem</span> <span class='ocrx_word' id='word_1_171' title='bbox 1712 2998 1774 3047; x_wconf 83' lang='lat' dir='ltr'>ceu</span> <span class='ocrx_word' id='word_1_172' title='bbox 1791 3000 1840 3047; x_wconf 91' lang='lat' dir='ltr'>ue·</span> <span class='ocrx_word' id='word_1_173' title='bbox 1917 3022 1919 3067; x_wconf 69' lang='lat'>,</span> 
     </span>
     <span class='ocr_line' id='line_1_21' title="bbox 666 3090 1919 3179; baseline 0.002 -20"><span class='ocrx_word' id='word_1_174' title='bbox 666 3090 794 3159; x_wconf 87' lang='lat' dir='ltr'>bulosae</span> <span class='ocrx_word' id='word_1_175' title='bbox 825 3092 961 3179; x_wconf 86' lang='lat' dir='ltr'>quadam</span> <span class='ocrx_word' id='word_1_176' title='bbox 989 3093 1151 3161; x_wconf 89' lang='lat' dir='ltr'>caecitatis</span> <span class='ocrx_word' id='word_1_177' title='bbox 1178 3094 1313 3178; x_wconf 90' lang='lat' dir='ltr'>caligine</span> <span class='ocrx_word' id='word_1_178' title='bbox 1340 3094 1486 3177; x_wconf 85' lang='lat' dir='ltr'>obtegere</span> <span class='ocrx_word' id='word_1_179' title='bbox 1508 3093 1625 3177; x_wconf 90' lang='lat' dir='ltr'>solent,</span> <span class='ocrx_word' id='word_1_180' title='bbox 1652 3093 1841 3161; x_wconf 87' lang='lat' dir='ltr'>mirabiliter</span> <span class='ocrx_word' id='word_1_181' title='bbox 1917 3096 1919 3149; x_wconf 69' lang='lat' dir='ltr'>l</span> 
     </span>
     <span class='ocr_line' id='line_1_22' title="bbox 665 3208 1919 3296; baseline 0 -21"><span class='ocrx_word' id='word_1_182' title='bbox 665 3213 847 3295; x_wconf 89' lang='lat' dir='ltr'>protexere;</span> <span class='ocrx_word' id='word_1_183' title='bbox 869 3208 917 3275; x_wconf 90' lang='lat' dir='ltr'>ita</span> <span class='ocrx_word' id='word_1_184' title='bbox 938 3214 974 3275; x_wconf 90' lang='lat' dir='ltr'>ut</span> <span class='ocrx_word' id='word_1_185' title='bbox 996 3209 1092 3277; x_wconf 88' lang='lat' dir='ltr'>etiam</span> <span class='ocrx_word' id='word_1_186' title='bbox 1115 3215 1246 3296; x_wconf 86' lang='lat' dir='ltr'>propter</span> <span class='ocrx_word' id='word_1_187' title='bbox 1266 3209 1496 3277; x_wconf 84' lang='lat' dir='ltr'>indesinentem</span> <span class='ocrx_word' id='word_1_188' title='bbox 1518 3209 1667 3275; x_wconf 87' lang='lat' dir='ltr'>diuturne</span> <span class='ocrx_word' id='word_1_189' title='bbox 1688 3209 1841 3277; x_wconf 86' lang='lat' dir='ltr'>sollicitu-</span> <span class='ocrx_word' id='word_1_190' title='bbox 1917 3212 1919 3275; x_wconf 72' lang='lat'>5</span> 
     </span>
     <span class='ocr_line' id='line_1_23' title="bbox 666 3323 1919 3411; baseline 0.002 -20"><span class='ocrx_word' id='word_1_191' title='bbox 666 3323 750 3391; x_wconf 88' lang='lat' dir='ltr'>dinis</span> <span class='ocrx_word' id='word_1_192' title='bbox 773 3324 840 3391; x_wconf 90' lang='lat' dir='ltr'>eius</span> <span class='ocrx_word' id='word_1_193' title='bbox 863 3343 972 3391; x_wconf 89' lang='lat' dir='ltr'>curam</span> <span class='ocrx_word' id='word_1_194' title='bbox 995 3328 1028 3391; x_wconf 90' lang='lat' dir='ltr'>et</span> <span class='ocrx_word' id='word_1_195' title='bbox 1049 3325 1277 3411; x_wconf 90' lang='lat' dir='ltr'>sempiternam</span> <span class='ocrx_word' id='word_1_196' title='bbox 1299 3331 1480 3391; x_wconf 90' lang='lat' dir='ltr'>sanctarum</span> <span class='ocrx_word' id='word_1_197' title='bbox 1502 3324 1608 3409; x_wconf 89' lang='lat' dir='ltr'>legum</span> <span class='ocrx_word' id='word_1_198' title='bbox 1630 3326 1839 3393; x_wconf 85' lang='lat' dir='ltr'>examinatio-</span> <span class='ocrx_word' id='word_1_199' title='bbox 1917 3354 1919 3357; x_wconf 46' lang='lat'><strong>⁴</strong></span> 
     </span>
     <span class='ocr_line' id='line_1_24' title="bbox 667 3438 1840 3510; baseline 0.003 -5"><span class='ocrx_word' id='word_1_200' title='bbox 667 3458 740 3507; x_wconf 92' lang='lat' dir='ltr'>nem</span> <span class='ocrx_word' id='word_1_201' title='bbox 765 3438 961 3507; x_wconf 88' lang='lat' dir='ltr'>inlecebrosa</span> <span class='ocrx_word' id='word_1_202' title='bbox 982 3439 1016 3505; x_wconf 89' lang='lat' dir='ltr'>in</span> <span class='ocrx_word' id='word_1_203' title='bbox 1040 3460 1076 3507; x_wconf 90' lang='lat' dir='ltr'>eo</span> <span class='ocrx_word' id='word_1_204' title='bbox 1101 3440 1332 3510; x_wconf 81' lang='lat' dir='ltr'>adulescentiae</span> <span class='ocrx_word' id='word_1_205' title='bbox 1354 3441 1513 3509; x_wconf 78' lang='lat' dir='ltr'>incentiva</span> <span class='ocrx_word' id='word_1_206' title='bbox 1534 3447 1567 3509; x_wconf 88' lang='lat' dir='ltr'>et</span> <span class='ocrx_word' id='word_1_207' title='bbox 1588 3440 1766 3509; x_wconf 86' lang='lat' dir='ltr'>carnalium</span> <span class='ocrx_word' id='word_1_208' title='bbox 1789 3443 1840 3509; x_wconf 90' lang='lat' dir='ltr'>de·</span> 
     </span>
     <span class='ocr_line' id='line_1_25' title="bbox 666 3554 1839 3644; baseline 0.003 -23"><span class='ocrx_word' id='word_1_209' title='bbox 666 3554 852 3621; x_wconf 89' lang='lat' dir='ltr'>sideriornm</span> <span class='ocrx_word' id='word_1_210' title='bbox 876 3556 1013 3642; x_wconf 88' lang='lat' dir='ltr'>impetus</span> <span class='ocrx_word' id='word_1_211' title='bbox 1028 3556 1177 3642; x_wconf 91' lang='lat' dir='ltr'>primitus</span> <span class='ocrx_word' id='word_1_212' title='bbox 1195 3558 1406 3644; x_wconf 87' lang='lat' dir='ltr'>inpingentes,</span> <span class='ocrx_word' id='word_1_213' title='bbox 1430 3556 1557 3625; x_wconf 91' lang='lat' dir='ltr'>domino</span> <span class='ocrx_word' id='word_1_214' title='bbox 1571 3556 1640 3625; x_wconf 91' lang='lat' dir='ltr'>Deo</span> <span class='ocrx_word' id='word_1_215' title='bbox 1655 3558 1839 3641; x_wconf 84' lang='lat' dir='ltr'>auxiliante,</span> 
     </span>
     <span class='ocr_line' id='line_1_26' title="bbox 666 3670 1839 3757; baseline 0.003 -20"><span class='ocrx_word' id='word_1_216' title='bbox 666 3670 807 3737; x_wconf 83' lang='lat' dir='ltr'>maxima</span> <span class='ocrx_word' id='word_1_217' title='bbox 829 3690 868 3737; x_wconf 88' lang='lat' dir='ltr'>ex</span> <span class='ocrx_word' id='word_1_218' title='bbox 890 3676 982 3757; x_wconf 88' lang='lat' dir='ltr'>parte</span> <span class='ocrx_word' id='word_1_219' title='bbox 1006 3671 1181 3739; x_wconf 65' lang='lat' dir='ltr'>sedaverat</span> <span class='ocrx_word' id='word_1_220' title='bbox 1216 3672 1379 3757; x_wconf 86' lang='lat' dir='ltr'>Magisque</span> <span class='ocrx_word' id='word_1_221' title='bbox 1401 3692 1438 3739; x_wconf 89' lang='lat' dir='ltr'>ao</span> <span class='ocrx_word' id='word_1_222' title='bbox 1459 3673 1562 3757; x_wconf 88' lang='lat' dir='ltr'>magis</span> <span class='ocrx_word' id='word_1_223' title='bbox 1584 3672 1625 3739; x_wconf 88' lang='lat' dir='ltr'>ad</span> <span class='ocrx_word' id='word_1_224' title='bbox 1642 3692 1839 3741; x_wconf 88' lang='lat' dir='ltr'>communem</span> 
     </span>
     <span class='ocr_line' id='line_1_27' title="bbox 666 3784 1838 3875; baseline 0.005 -24"><span class='ocrx_word' id='word_1_225' title='bbox 666 3786 844 3873; x_wconf 88' lang='lat' dir='ltr'>provehunt</span> <span class='ocrx_word' id='word_1_226' title='bbox 868 3784 1072 3875; x_wconf 91' lang='lat' dir='ltr'>populorum¹</span> <span class='ocrx_word' id='word_1_227' title='bbox 1100 3788 1291 3870; x_wconf 82' lang='lat' dir='ltr'>doetrinam3</span> <span class='ocrx_word' id='word_1_228' title='bbox 1320 3808 1433 3874; x_wconf 90' lang='lat' dir='ltr'>quam,</span> <span class='ocrx_word' id='word_1_229' title='bbox 1462 3809 1525 3856; x_wconf 92' lang='lat' dir='ltr'>non</span> <span class='ocrx_word' id='word_1_230' title='bbox 1553 3788 1652 3857; x_wconf 92' lang='lat' dir='ltr'>multo</span> <span class='ocrx_word' id='word_1_231' title='bbox 1679 3795 1838 3857; x_wconf 84' lang='lat' dir='ltr'>trausacto</span> 
     </span>
     <span class='ocr_line' id='line_1_28' title="bbox 666 3901 1839 3991; baseline 0.007 -25"><span class='ocrx_word' id='word_1_232' title='bbox 666 3901 818 3987; x_wconf 89' lang='lat' dir='ltr'>temporis</span> <span class='ocrx_word' id='word_1_233' title='bbox 841 3901 1025 3988; x_wconf 89' lang='lat' dir='ltr'>intervallo,</span> <span class='ocrx_word' id='word_1_234' title='bbox 1054 3904 1227 3972; x_wconf 90' lang='lat' dir='ltr'>secundum</span> <span class='ocrx_word' id='word_1_235' title='bbox 1248 3904 1430 3991; x_wconf 85' lang='lat' dir='ltr'>pontificale</span> <span class='ocrx_word' id='word_1_236' title='bbox 1452 3904 1703 3989; x_wconf 74' lang='lat' dir='ltr'>aecclesiasticae</span> <span class='ocrx_word' id='word_1_237' title='bbox 1725 3905 1839 3973; x_wconf 85' lang='lat' dir='ltr'>diffini·</span> 
     </span>
     <span class='ocr_line' id='line_1_29' title="bbox 666 4014 1838 4107; baseline 0.005 -25"><span class='ocrx_word' id='word_1_238' title='bbox 666 4016 778 4083; x_wconf 82' lang='lat' dir='ltr'>tionie‘</span> <span class='ocrx_word' id='word_1_239' title='bbox 801 4014 979 4085; x_wconf 86' lang='lat' dir='ltr'>decretum¹</span> <span class='ocrx_word' id='word_1_240' title='bbox 1001 4019 1162 4087; x_wconf 87' lang='lat' dir='ltr'>inchoavit</span> <span class='ocrx_word' id='word_1_241' title='bbox 1184 4020 1329 4087; x_wconf 87' lang='lat' dir='ltr'>dilatavit</span> <span class='ocrx_word' id='word_1_242' title='bbox 1350 4040 1388 4086; x_wconf 90' lang='lat' dir='ltr'>ac</span> <span class='ocrx_word' id='word_1_243' title='bbox 1409 4020 1549 4107; x_wconf 83' lang='lat' dir='ltr'>perfecit</span> <span class='ocrx_word' id='word_1_244' title='bbox 1595 4019 1764 4105; x_wconf 79' lang='lat' dir='ltr'>Quoniam,</span> <span class='ocrx_word' id='word_1_245' title='bbox 1785 4040 1838 4088; x_wconf 90' lang='lat' dir='ltr'>ca·</span> 
     </span>
     <span class='ocr_line' id='line_1_30' title="bbox 667 4130 1837 4223; baseline 0.005 -26"><span class='ocrx_word' id='word_1_246' title='bbox 667 4130 748 4198; x_wconf 87' lang='lat' dir='ltr'>duca</span> <span class='ocrx_word' id='word_1_247' title='bbox 776 4132 868 4201; x_wconf 89' lang='lat' dir='ltr'>huius</span> <span class='ocrx_word' id='word_1_248' title='bbox 891 4134 1001 4201; x_wconf 90' lang='lat' dir='ltr'>mundi</span> <span class='ocrx_word' id='word_1_249' title='bbox 1024 4140 1249 4223; x_wconf 91' lang='lat' dir='ltr'>contempnens</span> <span class='ocrx_word' id='word_1_250' title='bbox 1272 4142 1471 4220; x_wconf 89' lang='lat' dir='ltr'>ornamenta,</span> <span class='ocrx_word' id='word_1_251' title='bbox 1501 4137 1733 4205; x_wconf 86' lang='lat' dir='ltr'>monasterialis</span> <span class='ocrx_word' id='word_1_252' title='bbox 1754 4137 1837 4203; x_wconf 86' lang='lat' dir='ltr'>ritae</span> 
     </span>
     <span class='ocr_line' id='line_1_31' title="bbox 669 4250 1919 4347; baseline 0.005 -34"><span class='ocrx_word' id='word_1_253' title='bbox 669 4268 814 4315; x_wconf 88' lang='lat' dir='ltr'>normam</span> <span class='ocrx_word' id='word_1_254' title='bbox 835 4250 869 4316; x_wconf 93' lang='lat' dir='ltr'>in</span> <span class='ocrx_word' id='word_1_255' title='bbox 892 4250 1027 4317; x_wconf 88' lang='lat' dir='ltr'>infantia</span> <span class='ocrx_word' id='word_1_256' title='bbox 1049 4272 1108 4319; x_wconf 92' lang='lat' dir='ltr'>sua</span> <span class='ocrx_word' id='word_1_257' title='bbox 1129 4254 1191 4319; x_wconf 89' lang='lat' dir='ltr'>rite</span> <span class='ocrx_word' id='word_1_258' title='bbox 1213 4272 1251 4319; x_wconf 90' lang='lat' dir='ltr'>ac</span> <span class='ocrx_word' id='word_1_259' title='bbox 1272 4252 1460 4337; x_wconf 88' lang='lat' dir='ltr'>regulariter</span> <span class='ocrx_word' id='word_1_260' title='bbox 1481 4253 1540 4320; x_wconf 93' lang='lat' dir='ltr'>sub</span> <span class='ocrx_word' id='word_1_261' title='bbox 1562 4254 1726 4320; x_wconf 86' lang='lat' dir='ltr'>moderata</span> <span class='ocrx_word' id='word_1_262' title='bbox 1745 4271 1836 4340; x_wconf 87' lang='lat' dir='ltr'>praa-</span> <span class='ocrx_word' id='word_1_263' title='bbox 1917 4288 1919 4347; x_wconf 41' lang='grc' dir='ltr'>ἰ</span> 
     </span>
    </p>
   </div>
   <div class='ocr_carea' id='block_1_4' title="bbox 667 4348 1919 4457">
    <p class='ocr_par' dir='ltr' id='par_1_4' title="bbox 667 4348 1919 4457">
     <span class='ocr_line' id='line_1_32' title="bbox 667 4348 1919 4457; baseline 0.006 -27"><span class='ocrx_word' id='word_1_264' title='bbox 667 4362 725 4431; x_wconf 87' lang='lat' dir='ltr'>fati</span> <span class='ocrx_word' id='word_1_265' title='bbox 746 4366 847 4452; x_wconf 88' lang='lat' dir='ltr'>patris</span> <span class='ocrx_word' id='word_1_266' title='bbox 868 4366 1096 4451; x_wconf 88' lang='lat' dir='ltr'>gubernatione</span> <span class='ocrx_word' id='word_1_267' title='bbox 1118 4387 1218 4435; x_wconf 86' lang='lat' dir='ltr'>annos</span> <span class='ocrx_word' id='word_1_268' title='bbox 1241 4389 1336 4457; x_wconf 92' lang='lat' dir='ltr'>quam</span> <span class='ocrx_word' id='word_1_269' title='bbox 1357 4368 1511 4457; x_wconf 91' lang='lat' dir='ltr'>plurimos</span> <span class='ocrx_word' id='word_1_270' title='bbox 1532 4368 1718 4453; x_wconf 79' lang='lat' dir='ltr'>custodirit3</span> <span class='ocrx_word' id='word_1_271' title='bbox 1740 4368 1836 4437; x_wconf 84' lang='lat' dir='ltr'>donec</span> <span class='ocrx_word' id='word_1_272' title='bbox 1917 4348 1919 4415; x_wconf 46' lang='lat' dir='ltr'>i</span> 
     </span>
    </p>
   </div>
   <div class='ocr_carea' id='block_1_5' title="bbox 640 4580 1833 4789">
    <p class='ocr_par' dir='ltr' id='par_1_5' title="bbox 640 4580 1833 4789">
     <span class='ocr_line' id='line_1_33' title="bbox 740 4580 1833 4640; baseline 0.003 -15"><span class='ocrx_word' id='word_1_273' title='bbox 740 4592 760 4625; x_wconf 78' lang='lat' dir='ltr'>a</span> <span class='ocrx_word' id='word_1_274' title='bbox 784 4580 933 4627; x_wconf 81' lang='lat' dir='ltr'>ametimouts</span> <span class='ocrx_word' id='word_1_275' title='bbox 948 4596 1005 4626; x_wconf 76' lang='lat' dir='ltr'>sorr.</span> <span class='ocrx_word' id='word_1_276' title='bbox 1022 4581 1044 4625; x_wconf 84' lang='lat' dir='ltr'>s’ss</span> <span class='ocrx_word' id='word_1_277' title='bbox 1061 4580 1224 4629; x_wconf 78' lang='lat' dir='ltr'>metimouiss</span> <span class='ocrx_word' id='word_1_278' title='bbox 1240 4586 1267 4640; x_wconf 73' lang='lat' dir='ltr'>F,</span> <span class='ocrx_word' id='word_1_279' title='bbox 1287 4582 1436 4629; x_wconf 86' lang='lat' dir='ltr'>ssuctimonls</span> <span class='ocrx_word' id='word_1_280' title='bbox 1451 4588 1484 4640; x_wconf 79' lang='lat' dir='ltr'>A,</span> <span class='ocrx_word' id='word_1_281' title='bbox 1500 4584 1529 4631; x_wconf 82' lang='lat' dir='ltr'>B.</span> <span class='ocrx_word' id='word_1_282' title='bbox 1606 4583 1630 4631; x_wconf 90' lang='lat' dir='ltr'>b.</span> <span class='ocrx_word' id='word_1_283' title='bbox 1653 4582 1743 4631; x_wconf 85' lang='lat' dir='ltr'>eselesti</span> <span class='ocrx_word' id='word_1_284' title='bbox 1756 4584 1789 4639; x_wconf 81' lang='lat'>1,</span> <span class='ocrx_word' id='word_1_285' title='bbox 1805 4582 1833 4629; x_wconf 78' lang='lat' dir='ltr'>B.</span> 
     </span>
     <span class='ocr_line' id='line_1_34' title="bbox 667 4658 1831 4721; baseline 0.003 -17"><span class='ocrx_word' id='word_1_286' title='bbox 667 4670 688 4705; x_wconf 86' lang='lat' dir='ltr'>a.</span> <span class='ocrx_word' id='word_1_287' title='bbox 712 4658 822 4719; x_wconf 89' lang='lat' dir='ltr'>temporis</span> <span class='ocrx_word' id='word_1_288' title='bbox 842 4662 925 4721; x_wconf 75' lang='lat' dir='ltr'>scripsi</span> <span class='ocrx_word' id='word_1_289' title='bbox 941 4676 984 4719; x_wconf 81' lang='lat' dir='ltr'>prs</span> <span class='ocrx_word' id='word_1_290' title='bbox 1004 4660 1145 4720; x_wconf 83' lang='lat' dir='ltr'>temporibus</span> <span class='ocrx_word' id='word_1_291' title='bbox 1160 4662 1231 4709; x_wconf 79' lang='lat' dir='ltr'>cedd.</span> <span class='ocrx_word' id='word_1_292' title='bbox 1315 4660 1338 4708; x_wconf 90' lang='lat' dir='ltr'>d.</span> <span class='ocrx_word' id='word_1_293' title='bbox 1363 4661 1424 4708; x_wconf 88' lang='lat' dir='ltr'>ludis</span> <span class='ocrx_word' id='word_1_294' title='bbox 1438 4660 1537 4709; x_wconf 78' lang='lat' dir='ltr'>litterari</span> <span class='ocrx_word' id='word_1_295' title='bbox 1551 4665 1578 4719; x_wconf 78' lang='lat' dir='ltr'>F,</span> <span class='ocrx_word' id='word_1_296' title='bbox 1599 4662 1675 4710; x_wconf 86' lang='lat' dir='ltr'>lsudis</span> <span class='ocrx_word' id='word_1_297' title='bbox 1689 4660 1788 4710; x_wconf 82' lang='lat' dir='ltr'>littersril</span> <span class='ocrx_word' id='word_1_298' title='bbox 1803 4663 1831 4717; x_wconf 84' lang='lat' dir='ltr'>A,</span> 
     </span>
     <span class='ocr_line' id='line_1_35' title="bbox 640 4736 1460 4789; baseline 0.007 -6"><span class='ocrx_word' id='word_1_299' title='bbox 640 4776 643 4783; x_wconf 92' lang='lat'>.</span> <span class='ocrx_word' id='word_1_300' title='bbox 668 4736 717 4785; x_wconf 87' lang='lat' dir='ltr'>ludi</span> <span class='ocrx_word' id='word_1_301' title='bbox 731 4736 836 4786; x_wconf 82' lang='lat' dir='ltr'>litteralis</span> <span class='ocrx_word' id='word_1_302' title='bbox 853 4740 881 4787; x_wconf 88' lang='lat' dir='ltr'>B.</span> <span class='ocrx_word' id='word_1_303' title='bbox 958 4753 979 4785; x_wconf 91' lang='lat' dir='ltr'>e.</span> <span class='ocrx_word' id='word_1_304' title='bbox 999 4738 1120 4787; x_wconf 78' lang='lat' dir='ltr'>sedassent</span> <span class='ocrx_word' id='word_1_305' title='bbox 1136 4744 1163 4789; x_wconf 78' lang='lat' dir='ltr'>A.</span> <span class='ocrx_word' id='word_1_306' title='bbox 1239 4738 1256 4787; x_wconf 88' lang='lat' dir='ltr'>f.</span> <span class='ocrx_word' id='word_1_307' title='bbox 1277 4738 1417 4787; x_wconf 84' lang='lat' dir='ltr'>definitionis</span> <span class='ocrx_word' id='word_1_308' title='bbox 1432 4746 1460 4789; x_wconf 80' lang='lat' dir='ltr'>A.</span> 
     </span>
    </p>
   </div>
   <div class='ocr_carea' id='block_1_6' title="bbox 739 4842 1442 4918">
    <p class='ocr_par' dir='ltr' id='par_1_6' title="bbox 739 4842 1442 4918">
     <span class='ocr_line' id='line_1_36' title="bbox 739 4842 1442 4918; baseline 0.004 -19"><span class='ocrx_word' id='word_1_309' title='bbox 739 4842 766 4899; x_wconf 89' lang='lat'>1.</span> <span class='ocrx_word' id='word_1_310' title='bbox 789 4858 828 4899; x_wconf 88' lang='lat' dir='ltr'>sc.</span> <span class='ocrx_word' id='word_1_311' title='bbox 844 4858 1023 4917; x_wconf 84' lang='lat' dir='ltr'>paganorum.</span> <span class='ocrx_word' id='word_1_312' title='bbox 1113 4846 1139 4901; x_wconf 79' lang='lat'>2.</span> <span class='ocrx_word' id='word_1_313' title='bbox 1164 4842 1328 4917; x_wconf 80' lang='lat' dir='ltr'>Gregoriill</span> <span class='ocrx_word' id='word_1_314' title='bbox 1343 4860 1442 4918; x_wconf 86' lang='lat' dir='ltr'>papas.</span> 
     </span>
    </p>
   </div>
   <div class='ocr_carea' id='block_1_7' title="bbox 0 0 2179 6034">
    <p class='ocr_par' dir='ltr' id='par_1_7' title="bbox 0 0 2179 6034">
     <span class='ocr_line' id='line_1_37' title="bbox 0 0 2179 6034; baseline 0 0"><span class='ocrx_word' id='word_1_315' title='bbox 0 0 2179 6034; x_wconf 95' lang='lat' dir='ltr'> </span> 
     </span>
    </p>
   </div>
  </div>
 </body>
</html>
