4342 6034
717 732 905 783 semrom
926 732 1169 851 rrooorrrnren‘
1179 732 1195 783 s
1478 719 1542 785 327

375 875 492 961 eligens
521 872 666 960 effectus,
696 876 911 943 mereenen'us
937 876 1044 963 potins
1067 896 1136 945 esee
1158 875 1268 943 videer
1291 897 1384 962 quom
1407 882 1518 964 postor
1527 873 1544 943 ¹.
1562 886 1616 943 set

375 991 517 1071 Quntitur
548 1011 684 1077 nemque
712 992 852 1075 grauiter
874 998 906 1059 et
928 991 1153 1061 dehonestatur
1176 992 1331 1080 primatus
1354 998 1387 1061 et
1409 992 1546 1077 dignitus

373 1108 439 1175 eins
465 1108 500 1176 in
523 1107 599 1175 esde
621 1108 723 1175 saneti
745 1106 849 1192 Petri,
879 1128 916 1175 eo
939 1108 1024 1193 qnod
1044 1108 1190 1175 inaudite
1211 1108 1347 1194 quedem
1371 1114 1403 1177 et
1425 1109 1548 1177 oooulte

371 1224 590 1310 perseeutione
619 1244 682 1291 non
711 1223 753 1290 eb
779 1222 958 1291 infidelibus
982 1228 1014 1291 et
1035 1222 1208 1291 Dominum
1231 1225 1460 1310 nescientibus,
1491 1225 1548 1293 sed

371 1339 410 1407 eb
439 1338 487 1405 eis
511 1375 553 1385 -
577 1338 663 1425 quod
690 1338 860 1407 dolendum
890 1344 923 1406 et
943 1338 1158 1427 plangendum
1182 1346 1231 1407 est
1254 1377 1296 1389 -
1320 1341 1375 1427 qui
1398 1341 1493 1409 doses
1515 1344 1548 1409 et

370 1459 510 1521 restores
532 1454 644 1543 populi
662 1454 725 1523 Dei
747 1475 817 1523 esse
839 1451 1043 1539 debuerunt',
1066 1455 1192 1525 iniuriis
1216 1457 1387 1544 appetitur,
1410 1457 1549 1525 humens

370 1570 488 1638 divinis
510 1571 672 1658 praeferre
693 1571 891 1639 sonantibus.
926 1570 970 1638 Et
991 1592 1121 1639 neeesse
1143 1578 1202 1657 est
1226 1573 1377 1657 dolorem,
1401 1574 1455 1659 qui
1475 1592 1548 1641 oon-

370 1692 433 1754 stet
455 1688 494 1754 in
515 1686 630 1775 eapite,
653 1687 716 1753 nisi
738 1686 873 1753 salubris
897 1692 930 1754 st
951 1688 1044 1755 velox
1065 1688 1224 1756 medieine
1245 1694 1415 1774 suoourrnt,
1439 1688 1549 1777 peuls·

369 1803 426 1869 tim
448 1823 513 1890 per
534 1802 679 1869 membre
698 1801 841 1869 diffundi.
876 1802 987 1888 Igitur,
1012 1804 1156 1891 quemvis
1172 1806 1325 1889 noverim,
1347 1804 1550 1893 prudentiam

369 1925 512 1987 vestrm
533 1918 681 1985 humenis
704 1918 972 1986 admonitionibus
994 1940 1057 1986 non
1082 1940 1184 2005 egere,
1208 1940 1288 2006 quee
1303 1920 1549 1987 sincerissimum

369 2036 408 2102 de
430 2035 540 2119 gretie
555 2033 693 2122 Spiritus
719 2034 821 2101 saneti
842 2032 951 2101 hausit
965 2034 1151 2121 doetrinern,
1174 2038 1237 2104 mei
1252 2042 1360 2104 temen
1376 2034 1471 2103 offleii
1486 2040 1548 2105 est:

368 2156 401 2218 et
421 2157 500 2219 eote
521 2151 699 2239 patefecere
721 2155 754 2217 et
776 2150 899 2235 egendo
921 2151 1147 2219 demonstrare.
1184 2150 1287 2220 Soitis‘
1302 2152 1477 2239 peniculum
1492 2174 1549 2240 po·

368 2267 437 2356 poli
467 2268 544 2351 Dei,
574 2267 659 2352 qnod
685 2266 869 2334 terribiliter
898 2268 1051 2335 imminet
1085 2267 1195 2353 Neque
1223 2268 1322 2336 latere
1350 2288 1406 2335 vos
1433 2274 1549 2356 potest,

369 2382 457 2471 quod
485 2383 603 2469 ubique
626 2383 771 2450 nuditum
791 2383 865 2470 ipse
887 2403 1026 2469 qnoque,
1055 2389 1093 2451 ut
1114 2384 1233 2469 diuum,
1264 2384 1419 2452 elemento
1440 2385 1549 2452 tremi-
1620 2368 1622 2373 ¹

367 2504 476 2584 esunt,
499 2504 537 2567 ut
558 2504 708 2583 rectores,
731 2500 787 2585 qui
809 2498 904 2565 soluti
926 2498 1123 2567 infirmorum
1147 2500 1274 2569 studere
1294 2501 1477 2586 debuerunt,
1500 2522 1550 2570 re-

368 2616 447 2685 lioto
472 2614 586 2683 solutis
607 2616 746 2701 tremite,
770 2620 847 2683 eunt
867 2615 902 2681 in
923 2634 1076 2703 preeoeps
1099 2621 1131 2683 et
1154 2616 1356 2703 sequentibus
1377 2636 1412 2685 ss
1426 2616 1550 2685 foveam

369 2732 563 2821 perditionis
585 2732 741 2819 aperiunt

465 2848 557 2917 Unde
579 2848 782 2935 prudentiam
805 2853 954 2932 vestram,
978 2846 1121 2914 veritatis
1145 2852 1178 2915 et
1198 2847 1339 2915 iustitiae
1356 2840 1551 2935 amatricem,

370 2966 543 3034 exhortor:
573 2970 609 3031 ot
636 2964 807 3031 seeundum
835 2964 943 3031 dotem
971 2962 1060 3031 robis
1089 2962 1240 3031 divinitus
1267 2965 1457 3053 sapientiem
1480 2984 1552 3033 oum

370 3079 550 3150 scientibus
571 3080 675 3165 legem
694 3079 756 3147 Dei
777 3086 811 3147 et
831 3079 988 3147 iustitium
1010 3080 1077 3145 eius
1101 3078 1304 3163 diligentibus
1326 3086 1464 3149 nonime
1485 3087 1553 3149 stu·

370 3197 496 3281 dentis,
519 3196 686 3281 quomodo,
709 3196 841 3263 remotis
863 3195 1096 3263 dissensionum
1119 3194 1287 3281 scandulis,
1310 3217 1391 3283 quse
1415 3197 1553 3263 zizanio-

370 3334 448 3381 rum
476 3317 564 3380 sotor
586 3311 719 3379 subdolo
740 3312 973 3379 meohinetione
996 3331 1146 3398 spargere
1168 3312 1295 3398 nititur,
1323 3334 1387 3400 per
1411 3312 1551 3380 eeclesiis

372 3436 407 3497 ot
429 3429 539 3495 unitus
562 3432 671 3515 optete
692 3428 858 3509 reddetur3
883 3432 915 3493 et
935 3426 1080 3494 eeleriter
1100 3426 1282 3511 vigilantius
1302 3433 1479 3516 protentus·
1495 3429 1551 3496 ed·

371 3546 534 3629 bibentur,
555 3564 597 3612 ne
619 3543 801 3612 vulneribus
816 3544 920 3611 looum
934 3543 1086 3630 preebeet
1100 3543 1229 3612 inoeuts
1243 3545 1406 3614 securitas.
1440 3542 1551 3630 Neque

373 3662 464 3731 enim
496 3666 599 3727 totum
632 3659 735 3727 sdbno
767 3679 881 3747 oorpns
916 3658 1066 3727 eoelesiso
1098 3659 1220 3729 laesum
1249 3666 1312 3747 est,
1348 3680 1549 3747 quemquem,

372 3778 483 3865 ospits
504 3776 629 3843 iniuriis
651 3775 787 3862 pulsato,
811 3775 953 3842 membro
974 3774 1130 3861 quaedem
1154 3774 1318 3843 debilitato
1338 3796 1408 3844 esse
1422 3776 1551 3845 videsn-

373 3892 458 3961 tor⁸.
496 3891 540 3959 Et
560 3892 643 3975 ideo,
666 3910 738 3957 oum
760 3890 835 3975 illis,
858 3910 939 3976 quas
960 3908 1039 3957 sene
1061 3911 1131 3957 esse
1153 3892 1339 3977 eonstiterit,
1362 3890 1551 3959 infirmanti-

373 4010 448 4094 bus,
472 4007 501 4075 si
521 4008 604 4075 forte
625 4007 816 4074 medisinam
838 4006 998 4093 suscipere
1021 4007 1195 4093 potiuntur,
1219 4008 1462 4075 suoourrendum
1478 4008 1547 4075 erit

374 4124 530 4211 Alioquin
552 4122 745 4211 amputando
769 4128 862 4189 erunt
883 4122 1055 4189 seeundum
1069 4123 1139 4189 veri
1153 4124 1268 4192 medioi
1282 4124 1384 4191 nostri
1398 4144 1549 4212 praesop-

376 4235 477 4325 tum'‚
499 4260 540 4307 ne
562 4244 665 4307 totum
687 4258 802 4325 eorpus
824 4244 877 4305 eet
897 4239 932 4305 in
953 4238 1174 4325 perditionem.

467 4355 667 4443 Quapropter
688 4354 899 4422 neeessarium
921 4354 1000 4421 mibi
1022 4354 1147 4421 videtur
1170 4359 1202 4421 et
1216 4354 1310 4422 utile:
1333 4360 1370 4422 nt
1382 4354 1548 4439 religiosus

378 4472 527 4560 princeps
554 4467 708 4539 Gerolue⁴
733 4470 833 4537 freter
861 4476 983 4554 vester,
1017 4468 1131 4555 legetis
1162 4476 1256 4557 etque
1282 4470 1384 4537 literis
1413 4491 1432 4537 o
1459 4471 1548 4539 vobis

452 4654 473 4688 ι
491 4640 608 4701 protertur
623 4642 660 4689 ed.
736 4639 759 4687 b.
778 4638 883 4685 ridentur
896 4639 933 4687 ed.

452 4748 477 4801 1.
498 4744 669 4815 lon10,1u.
768 4744 794 4798 2.
818 4742 986 4798 Guntborius
1008 4742 1179 4799 coloniensis
1201 4747 1230 4799 et
1250 4740 1431 4813 Teutgsndns
1453 4742 1548 4799 Trevi-

382 4834 467 4891 reneis
484 4833 689 4905 mobiepisoop‘e
778 4834 805 4889 3.
827 4832 863 4891 V.
881 4832 964 4888 llere.
976 4832 1003 4905 9,
1014 4833 1059 4889 44.
1148 4832 1175 4889 4.
1199 4832 1225 4887 II
1242 4830 1343 4891 Celeus
1360 4846 1418 4889 ren
