4342 6034
511 756 716 807 wruumsunr
738 756 818 803 vrrs
840 755 868 803 a.
885 752 1061 805 scurnum
1084 756 1161 805 cur.
1177 758 1221 803 vu
1234 757 1283 803 vn
1415 738 1482 807 455

326 898 504 985 diversisque
542 902 722 965 sanctornm
756 896 898 983 reliquiis
930 896 1051 981 legatos
1084 896 1255 966 honorilice
1287 898 1411 967 remisit
1442 898 1483 967 ad
1500 924 1524 963 c.
1538 908 1591 965 732

324 1014 458 1102 pomam.
1458 1098 1463 1106 .

400 1128 649 1199 Advenientibus
672 1148 746 1213 ergo
769 1130 888 1197 nuntiis
912 1148 949 1197 ac
971 1134 1163 1217 spontanea·
1177 1128 1239 1196 viri
1253 1128 1418 1215 apostolici
1433 1149 1484 1196 ro-

322 1246 481 1315 lercntibus
496 1264 660 1333 respousa,
684 1246 748 1313 iam
764 1245 1023 1332 gratulabundus,
1044 1245 1236 1333 apostolieae
1250 1245 1334 1312 sedis
1349 1246 1483 1313 nimium

322 1361 503 1429 conlometns
530 1362 706 1429 devotimie
740 1360 904 1447 suffragio,
939 1382 1060 1449 opeque
1094 1362 1219 1429 divinae
1247 1361 1484 1429 misericordiae

320 1479 496 1565 inspiratus,
532 1477 611 1545 duas
640 1477 786 1545 videlicet
813 1478 980 1545 aecclesias
1009 1477 1146 1545 Domino
1173 1478 1355 1545 fabricarit:
1385 1498 1483 1545 nnam

320 1595 427 1681 qnippe
461 1595 494 1662 in
521 1592 716 1677 Frideslare,
751 1614 846 1679 quam
875 1594 909 1659 in
936 1595 1054 1661 honore
1082 1593 1185 1661 saneti
1211 1592 1299 1662 Petri
1328 1594 1482 1681 principis

319 1709 524 1796 apostolorum
541 1709 751 1791 consecravit3
776 1716 808 1777 et
822 1709 955 1777 alteram
970 1711 1004 1775 in
1018 1708 1275 1793 Amanoburohl,
1289 1709 1372 1777 hane
1387 1710 1483 1777 otiam

318 1826 345 1891 in
369 1826 487 1893 honore
515 1825 617 1893 sancti
638 1824 818 1893 Michaelis⁰
841 1825 1021 1909 archangeli
1052 1825 1218 1893 dedicarit
1264 1824 1336 1891 Duo
1358 1845 1483 1910 quoqne

316 1940 533 2009 monasteriola
554 1941 693 2009 duobusd
715 1942 854 2009 iniunxit
876 1942 1046 2028 aecclesiis,
1068 1942 1209 2025 hiisque·
1231 1960 1296 2007 non
1317 1942 1482 2009 minimam

316 2058 512 2127 servientium
535 2056 603 2125 Deo
626 2056 865 2131 multitudinem
896 2058 1096 2142 subrogavit,
1123 2058 1171 2123 ita
1199 2062 1237 2125 ut
1262 2077 1362 2141 usque
1388 2057 1483 2123 hodie

315 2173 406 2256 gloria
428 2178 461 2241 et
484 2173 660 2241 benedictio
684 2178 717 2241 et
737 2174 912 2257 gratiarum
936 2174 1018 2241 actio
1039 2174 1165 2240 domiuo
1185 2172 1255 2241 Deo
1277 2172 1390 2241 devote
1407 2190 1483 2239 eon·

314 2288 413 2357 ierim.

391 2404 515 2489 Hisque
547 2402 692 2471 omnihus
726 2405 787 2471 rite
822 2405 987 2489 coniectis,
1023 2404 1258 2471 Baioariornm‘
1272 2403 1482 2491 temporibus

314 2520 479 2607 Hucperti⁸
507 2516 611 2587 ducis*
640 2524 741 2587 terras
770 2520 850 2587 adiit
881 2521 1187 2609 praedicationisque
1221 2521 1362 2587 studium
1396 2521 1482 2607 apud

314 2656 359 2703 eos
380 2636 623 2721 diligentissime
646 2636 785 2701 exercuit
807 2641 839 2703 et
862 2636 979 2705 multos
994 2636 1222 2705 considerando
1237 2637 1350 2705 circuit
1364 2636 1482 2704 aeccle·

314 2753 377 2818 eins.
423 2752 589 2837 'lentoque
612 2750 738 2819 divinae
759 2752 953 2819 fortitudinis
978 2753 1045 2819 zelo
1067 2757 1209 2819 armatus
1233 2758 1297 2837 est,
1325 2758 1364 2819 nt
1384 2772 1482 2837 quen·

313 2866 377 2935 dam
404 2868 537 2954 quidem
566 2866 778 2933 scismaticum
808 2868 947 2935 heretica
973 2869 1131 2955 pravitate
1159 2868 1326 2954 deceptum
1352 2868 1482 2937 nomine

312 2982 529 3051 liremrrlfuml
551 2984 643 3049 iuxta
664 3002 821 3049 canonum
842 2982 970 3050 decreta
991 2984 1156 3054 damnarit
1177 2989 1272 3069 atque
1294 2984 1423 3064 abiecit3
1447 2988 1481 3050 et

312 3100 457 3185 populum
489 3118 686 3186 aperuerso
713 3100 827 3167 sectae¹
855 3100 924 3167 eius
952 3098 1102 3167 idolatria
1128 3099 1275 3165 correxit
1364 3098 1410 3165 Et
1437 3099 1479 3165 ad

312 3214 433 3299 iratres,
470 3213 529 3282 snb
563 3235 639 3283 suae
673 3214 838 3283 diecesoon
871 3214 1109 3299 gubomationis
1134 3215 1336 3299 constitutos,
1368 3235 1479 3281 uersus

312 3330 471 3415 minavit,
500 3332 590 3399 iuxta
616 3331 696 3399 illud
724 3330 860 3418 apostoli
887 3331 1092 3418 cupiditatem
1120 3330 1240 3398 habens
1268 3330 1415 3399 veniendi
1438 3330 1479 3399 ac

312 3444 444 3515 hatres’.

391 3564 478 3631 VH¹.
514 3562 613 3647 Igitur
634 3562 727 3629 huius
749 3562 811 3629 riri
833 3562 1060 3650 aliquantisper
1082 3563 1269 3629 meritorum
1289 3562 1481 3629 documenta

312 3681 535 3767 excerpsimus,
564 3684 615 3763 ut,
644 3678 773 3763 quanto¹
802 3699 837 3745 se
864 3678 1032 3762 relegionis
1059 3679 1215 3763 regimine
1242 3699 1300 3766 per
1324 3685 1476 3747 conuictos·n

312 3798 416 3865 notans
440 3816 517 3863 suao
539 3794 655 3879 gratim
678 3794 892 3863 indesinenter
913 3795 1047 3878 rexerit,
1064 3795 1154 3862 brevi
1175 3794 1322 3863 videlieet
1335 3796 1477 3882 profera-

375 3998 395 4029 ι
412 3984 540 4043 spontaneo
556 3984 582 4028 F.
647 3980 670 4025 b.
691 3980 858 4037 hamanaburch
874 3984 899 4037 F,
920 3981 1073 4039 hammeburg
1089 3984 1121 4037 A,
1142 3981 1286 4043 Amanapurg
1303 3984 1330 4028 B.
1392 3996 1412 4028 a
1433 3981 1475 4027 hli-

311 4060 405 4109 rhahelia
415 4067 445 4110 A.
501 4062 524 4109 d.
540 4059 629 4108 buohm
639 4062 666 4115 F,
682 4059 770 4106 duabus
782 4062 809 4106 Α.
865 4072 885 4105 e.
901 4060 1024 4120 hisqueA.
1074 4060 1091 4107 i.
1106 4060 1269 4119 Begnarlorrm
1279 4065 1308 4107 A.
1359 4074 1382 4119 q.
1398 4060 1476 4120 Hngo-

310 4139 363 4187 berti
378 4146 406 4198 A,
421 4141 548 4200 flamberti
563 4144 591 4187 B.
653 4138 676 4185 h.
692 4138 828 4185 Erenrrlinm
844 4140 871 4186 B.
934 4140 949 4185 i.
969 4142 1033 4186 secia
1047 4144 1073 4187 F.
1135 4140 1158 4186 k.
1179 4140 1316 4198 Qualiter
1340 4140 1475 4200 expulsis

311 4218 449 4269 hereticis
463 4219 675 4279 Bagoariorum
695 4219 878 4279 provinciam
894 4220 922 4269 in
937 4221 1077 4280 quattuor
1093 4220 1203 4267 dividit
1217 4219 1393 4280 parrochias
1407 4222 1475 4277 ΑΒ,

310 4298 323 4345 l.
342 4304 423 4361 quanta
438 4305 464 4349 F.
541 4314 571 4347 m.
591 4303 672 4347 cuntes
687 4303 715 4347 A.

376 4407 399 4459 1.
423 4420 505 4475 quom
517 4403 618 4459 obiisse
630 4419 655 4459 a
669 4404 728 4473 739,
741 4402 842 4458 docent
853 4401 1015 4458 Auctarium
1027 4402 1177 4459 Garateuse
1187 4407 1217 4457 et
1226 4402 1350 4459 Annalm
1361 4402 1390 4457 S.
1399 4402 1474 4457 Rud-

311 4488 374 4547 herti
392 4493 614 4563 Salisburgenses
633 4494 721 4557 (Mon.
735 4491 826 4547 Germ.
839 4490 887 4546 SS.
901 4491 941 4545 lx
953 4492 1006 4545 563
1024 4496 1053 4547 ct
1070 4494 1149 4559 768).
1176 4492 1234 4547 Nec
1256 4490 1369 4560 probem
1390 4491 1472 4546 ratio

311 4596 475 4653 remquam
493 4582 554 4639 iniit
570 4582 693 4639 Mederer
712 4580 856 4649 (Beitrige
875 4596 923 4635 eur
941 4580 1105 4637 Geschicbte
1122 4596 1179 4637 von
1195 4579 1308 4648 Boiam,
1326 4579 1367 4635 IV
1385 4578 1473 4634 Str'tck

311 4682 334 4735 p.
346 4672 425 4741 218),
450 4686 483 4727 ex
507 4670 591 4735 dubio
613 4670 725 4727 tabulae
748 4668 890 4725 cuiusdam
913 4684 1026 4725 numero
1044 4674 1160 4725 mortem
1177 4668 1309 4738 Hucperti
1326 4668 1362 4722 ad
1381 4684 1407 4722 a
1419 4668 1472 4723 735

311 4758 350 4813 rel
368 4760 418 4816 736
436 4756 565 4817 referens.
637 4760 663 4815 2.
687 4759 765 4815 Rom.
780 4760 822 4828 15,
835 4760 884 4815 23:
904 4757 1104 4829 ,cupiditatem
1122 4763 1214 4814 onoem
1226 4755 1332 4813 habens
1343 4756 1471 4813 veniendi

312 4844 343 4899 ad
359 4848 437 4903 vcs“.
