4342 6034
656 802 845 852 mmmm
866 801 1096 867 moounrnuan
1117 802 1171 851 ee
1432 784 1496 851 321

347 941 499 1011 Monet
519 948 623 1027 terna,
645 943 685 1011 de
706 944 767 1011 bue
787 943 858 1011 lnoe
879 948 972 1031 potor
992 964 1082 1012 mene
1105 944 1334 1011 interueniente
1357 947 1498 1011 musmo

345 1058 386 1125 die
403 1058 595 1125 substractus
617 1064 675 1127 est
713 1058 758 1126 Et
777 1060 932 1127 remansit
952 1059 1022 1129 solu
1042 1065 1145 1127 mater
1167 1079 1239 1127 mea
1260 1065 1293 1127 et
1314 1078 1371 1143 ego
1394 1078 1498 1126 seror·

344 1193 393 1259 qne
408 1194 495 1257 mea;
518 1180 551 1243 et
572 1174 674 1241 adbuo
687 1173 755 1243 Deo
770 1176 942 1243 miserante
962 1180 1100 1243 nostres
1117 1176 1302 1261 superstites
1319 1175 1494 1243 existimus.
1515 1194 1539 1236 o.
1551 1180 1605 1235 815

342 1288 399 1355 Non
417 1294 527 1357 men
548 1290 751 1378 pervenimus
773 1290 815 1357 ad
836 1296 1002 1377 paternam
1024 1290 1233 1359 hereditatem
1256 1296 1407 1358 nostram.

413 1405 566 1493 ideoque,
600 1406 744 1493 piissime
769 1408 957 1493 imperator,
988 1407 1044 1492 qni
1071 1406 1218 1475 omnibus
1245 1406 1439 1494 pauperibus
1467 1412 1500 1473 et

341 1522 393 1589 inm
410 1523 534 1591 eunetis
556 1522 770 1607 indigentibus
792 1522 906 1590 stabile
927 1522 1086 1607 refugium
1110 1542 1168 1609 pro
1191 1521 1252 1591 Dei
1275 1542 1383 1590 umore
1404 1523 1499 1589 mise·

341 1638 492 1707 munditer
512 1638 686 1727 inpendere
707 1658 772 1707 non
794 1638 953 1723 oessatin
975 1638 1067 1705 nobis
1092 1658 1231 1725 quoque,
1254 1644 1389 1725 paterna
1410 1637 1500 1707 here-

340 1754 425 1821 dote
446 1754 644 1841 despoliatis,
666 1774 725 1841 pro
746 1760 853 1823 vestra
874 1754 1051 1842 elymosina
1073 1754 1222 1821 auxiliari
1245 1753 1303 1821 sub
1325 1754 1386 1821 hee
1400 1753 1500 1821 reela·

340 1872 466 1939 natione
487 1876 597 1937 nostra
615 1876 785 1956 utonmqne
799 1871 943 1954 laobtis3
966 1877 1000 1939 et
1013 1890 1071 1957 per
1085 1868 1195 1937 fideles
1210 1875 1332 1937 veros
1347 1869 1501 1957 idipsum

339 1986 519 2071 inumtigare
540 1987 731 2073 dignemini,
760 1992 870 2055 utrum
890 1988 974 2055 inste
997 1986 1038 2053 nd
1059 2006 1119 2053 nos
1142 1987 1302 2073 pertinere
1324 1986 1438 2053 debeat
1459 2005 1501 2053 an

339 2122 407 2186 non3
433 2104 592 2170 situmen
614 2102 700 2189 apud
723 2108 860 2171 umbem
882 2102 1119 2171 sanctissimum
1142 2102 1302 2171 decretum
1326 2102 1424 2169 fuerit
1446 2120 1501 2169 ex·

339 2218 516 2287 nolentiam
550 2216 643 2285 Multi
665 2220 750 2287 enim
773 2224 871 2287 tostos
893 2219 933 2286 de
955 2219 1035 2305 ipsis
1057 2219 1150 2306 pagis
1173 2218 1351 2306 superbae
1374 2218 1446 2305 ipsa
1465 2237 1502 2284 re

338 2334 470 2405 adhiberi
497 2341 648 2422 possunt,
676 2334 730 2420 qni
758 2335 841 2403 bano
866 2354 935 2403 rem
962 2334 1043 2403 bene
1072 2334 1178 2403 seiont
1206 2340 1239 2401 et
1261 2354 1332 2401 eum
1355 2333 1501 2417 detegere

275 2473 281 2483 ’
338 2452 482 2519 renuiter
509 2450 668 2519 valebunt
715 2449 742 2519 0
764 2451 1009 2519 elementissimo
1031 2470 1069 2519 ao
1093 2450 1295 2519 serenissime
1317 2450 1500 2537 imperator.

340 2664 369 2733 5.
394 2667 579 2753 Mopuntim'
599 2692 622 2733 o
643 2666 806 2733 Ludooa‘co
830 2666 855 2731 I
871 2668 1062 2753 inaperutore
1078 2677 1208 2753 pomer,
1231 2678 1266 2731 ot
1291 2664 1424 2752 opo-ro
1447 2687 1501 2733 or·

395 2784 610 2871 oliepo'eeopea
630 2796 704 2871 poet
725 2783 899 2849 ubrmtiom
920 2785 1079 2849 diutinam
1100 2783 1145 2847 ad
1166 2782 1270 2849 oedem
1291 2804 1383 2847 worn
1397 2802 1501 2847 reuer-

394 2893 525 2967 mosoll

337 3028 512 3119 Epistola
545 3030 829 3099 reelematorio
862 3030 908 3097 ob
945 3030 1178 3117 episeopum
1207 3027 1502 3115 impetrandum

818 3146 1014 3231 Olgerunn

417 3262 554 3331 Domino
581 3263 616 3329 in
642 3262 770 3329 domino
800 3262 1000 3330 dominorum
1023 3261 1142 3329 obtimo
1165 3260 1339 3345 vietorique
1361 3259 1501 3327 maximo
1519 3274 1661 3331 ean-829

339 3376 492 3465 Hlndoieo
514 3378 702 3467 imperatori
725 3378 964 3463 gloriosissimo,
986 3378 1088 3445 virtus
1111 3376 1178 3444 vite
1199 3376 1332 3443 notoria
1354 3374 1503 3461 salusque

340 3496 488 3581 motinus,
508 3494 651 3579 longerie
673 3492 868 3582 temporibus
890 3515 949 3582 per
969 3494 1218 3581 omnipotentem
1233 3491 1406 3559 Dominum
1425 3491 1504 3561 haee

341 3613 437 3679 omnia
456 3611 547 3679 vobis
569 3610 720 3679 emunita

418 3726 557 3795 litteras
590 3727 716 3813 quidem
749 3727 944 3795 humillimos
970 3745 1114 3793 summae
1140 3724 1351 3809 magnitudini
1379 3729 1503 3793 voras

341 3841 553 3930 adpresenture
581 3844 768 3932 suppbeiter
796 3863 948 3911 eonamur
970 3848 1003 3909 et
1024 3841 1280 3928 probatissimum
1303 3840 1503 3909 elementiam

342 3965 469 4027 restam
490 3959 688 4048 appellamus
710 3965 796 4027 tobis
818 3960 923 4027 olenus
945 3958 1110 4042 omnisque
1128 3957 1227 4045 plebs,
1251 3957 1310 4025 sub
1326 3956 1504 4025 clarissima

342 4072 545 4145 deminutione
573 4081 681 4144 vestm
702 4076 819 4162 degens
840 4076 876 4143 in
897 4074 1065 4162 pnrroobia
1086 4072 1313 4158 Mogontiensis
1336 4072 1502 4156 eeclesiam

342 4208 397 4257 non
417 4192 495 4260 baeu
515 4193 635 4261 faoiens
657 4213 716 4280 per
739 4192 906 4259 audaoiam
927 4210 1031 4277 neque
1050 4210 1110 4276 per
1131 4190 1418 4278 presumptionem,
1447 4188 1503 4256 sed

341 4314 460 4395 propter
485 4308 619 4375 nimiam
645 4309 884 4391 neeessitutem,
917 4326 999 4393 quae
1029 4307 1145 4375 ootidie
1171 4306 1205 4373 in
1235 4307 1307 4394 ipsu
1334 4304 1504 4392 parroobie

342 4430 509 4509 maur,
539 4424 671 4493 &sente
698 4424 755 4491 diu
776 4427 810 4491 et
830 4422 942 4510 prooul
963 4428 1110 4491 nemante
1133 4443 1190 4489 suo
1213 4426 1350 4509 pastore.
1397 4420 1503 4490 Odo-

342 4538 596 4628 strepituum,
624 4560 729 4609 nonne
750 4544 857 4607 vestm
878 4538 1057 4607 planissima
1077 4542 1219 4626 potestas
1242 4538 1503 4621 sanctissimaque

405 4722 425 4755 ι.
444 4702 544 4757 tenebis
562 4708 590 4755 V.
666 4706 690 4755 b.
709 4726 740 4755 es
758 4710 783 4757 S.
798 4710 914 4765 Bonifatii
932 4708 1078 4767 epistolam
1095 4708 1147 4753 cod.
1161 4706 1329 4753 deedonenrr'
1342 4706 1387 4763 fol.
1398 4704 1502 4752 'lb-¹17.

406 4814 430 4867 1.
453 4814 531 4869 Hane
553 4812 699 4883 epistolem
722 4812 844 4883 signarit
866 4810 992 4868 beurim
1010 4810 1167 4882 (Epistulae
1191 4808 1219 4867 S.
1237 4806 1382 4879 Bonifatii)
1400 4826 1427 4864 n.
1442 4808 1502 4877 111,Ι

345 4893 543 4959 thrdtrreinins
561 4919 589 4957 n.
602 4902 663 4970 139,
681 4898 800 4959 Gilesius
818 4918 845 4957 n
860 4902 920 4957 129,

384 4996 455 5049 ιιηί.
470 5002 613 5047 stenelum
628 5001 668 5045 ιιι.
1253 4997 1287 5051 21
