4342 6034
635 850 809 899 succuum
831 850 911 897 vrrs
934 849 1108 898 Betthorus
1391 830 1457 898 529

300 993 379 1059 rasit.
411 990 545 1076 Deinde,
566 990 711 1059 Conrado
733 992 996 1059 christianissimo
1017 990 1209 1078 imperatore
1233 991 1362 1075 eiusque
1385 1008 1459 1055 con·

298 1108 362 1191 iuge
375 1104 463 1174 Gisla
483 1107 686 1194 imperatrice
707 1114 843 1191 angusta
861 1117 925 1174 nna
939 1126 1012 1174 oum
1027 1125 1136 1173 eorum
1152 1104 1355 1173 serenissima
1370 1103 1459 1191 prole

297 1223 422 1290 Henrico
448 1224 544 1291 tertio
569 1244 644 1308 rege
666 1230 699 1290 et
719 1222 818 1290 nobili
841 1223 973 1306 coniuge
996 1242 1054 1290 saa
1075 1220 1283 1307 Gonegunde·
1305 1220 1458 1304 invitatis,

298 1340 394 1406 decem
416 1345 450 1406 et
470 1344 593 1426 septem
617 1338 773 1426 episcopis
796 1338 1082 1421 conlaborantihus,
1106 1336 1239 1404 eandem
1255 1336 1383 1403 domum
1399 1335 1461 1403 Dei

297 1453 455 1521 honorilice
483 1455 656 1539 dedicavit,
684 1456 801 1522 veteris
824 1455 955 1521 ecclesie
977 1454 1072 1521 rebus
1095 1453 1215 1520 cunctis
1239 1460 1310 1519 oum
1333 1452 1406 1519 dote
1429 1456 1462 1518 et

298 1570 547 1655 congregatione*
574 1572 608 1637 in
636 1590 752 1637 novam
780 1570 953 1637 translatis.
1043 1568 1160 1638 Postea
1187 1568 1359 1635 claustrum
1388 1587 1461 1634 curn

298 1687 459 1772 porticibus
481 1693 514 1754 et
536 1682 670 1753 officinis
692 1686 733 1752 ad
755 1687 815 1754 hoc
836 1685 1068 1773 pertinentibus
1091 1685 1268 1751 construxit
1288 1688 1377 1751 tamto
1392 1684 1460 1750 fere

298 1808 426 1889 sumptu,
449 1802 534 1887 quod
556 1801 689 1869 ecclesia
709 1803 782 1889 ipsa
802 1802 932 1868 maioris
954 1821 1018 1868 non
1040 1806 1209 1868 constaret.
1300 1800 1337 1866 lu
1361 1800 1461 1866 veteri

297 1917 428 2002 ecclesia,
451 1918 491 1984 de
514 1936 577 2003 qua
598 1918 738 2003 priorem
760 1918 1033 2002 congregationem
1049 1915 1222 2001 transtulit,
1247 1936 1305 2003 pro
1320 1914 1461 1983 remedio

297 2034 392 2099 anime
413 2052 470 2099 sue
491 2034 526 2098 in
548 2033 698 2099 honorem
720 2032 783 2101 Dei
805 2044 838 2100 et
859 2034 962 2100 sancti
984 2032 1124 2117 Martini,
1148 2052 1207 2099 sua
1228 2030 1386 2098 industria
1409 2050 1462 2097 ac·

296 2148 412 2233 quisitis
433 2148 563 2235 prediis,
587 2148 721 2215 alteram
743 2150 1016 2233 congregationem
1039 2148 1189 2216 restituit.
1225 2147 1262 2214 ln
1277 2168 1361 2214 nova
1374 2167 1460 2231 vero,

297 2284 383 2348 quam
411 2265 481 2351 ipse
509 2265 719 2349 consecravit,
750 2264 905 2332 ciborium
933 2284 1011 2331 auro
1038 2272 1071 2332 et
1093 2268 1224 2348 argento
1247 2262 1408 2330 decorarit
1430 2266 1462 2329 et

296 2400 386 2467 supra
412 2378 512 2447 altare
541 2380 644 2447 sancti
665 2379 796 2447 hlartini
821 2380 971 2448 fabricari
998 2381 1150 2468 precepit
1185 2378 1349 2447 Postremo
1376 2378 1462 2445 circa

295 2496 433 2563 ultimum
460 2496 526 2563 vite
553 2516 610 2562 sue
636 2494 732 2564 finem
760 2496 894 2563 honesta
920 2497 1045 2583 pictura
1072 2496 1227 2579 insignire
1253 2496 1330 2563 iecit
1358 2495 1461 2562 eidem

296 2611 380 2678 altari
403 2611 628 2679 occidentalem
652 2632 760 2679 arcum
782 2613 1000 2679 inminentem.
1300 2598 1303 2609 ’

374 2728 533 2812 Tandem,
564 2727 665 2794 felicis
693 2730 774 2795 vite·
798 2748 892 2794 cursu
919 2728 1060 2814 expleto,
1093 2726 1246 2811 longevus
1275 2732 1307 2794 et
1336 2726 1458 2793 dierum
1488 2738 1556 2793 1051

295 2842 399 2928 plenus
422 2844 456 2911 in
479 2848 639 2910 senectute
661 2844 745 2910 hona
766 2844 959 2911 obdormivit
979 2843 1013 2908 in
1035 2842 1183 2909 Domino.
1218 2843 1332 2909 Amen.
1477 2810 1525 2859 Μ’
1536 2814 1564 2858 ¹¹

398 3235 621 3314 ΜΟΝΑΟΗΙ
649 3234 917 3312 FULDENSIS
944 3232 1062 3312 VITA
1088 3230 1344 3310 BARDONIS.

372 3421 492 3489 Beatus
510 3420 633 3488 Bardo⁴
646 3456 687 3467 -
704 3420 759 3507 qui
781 3426 814 3487 et
835 3416 911 3487 ὑπ’
932 3424 990 3487 dcc
1011 3419 1046 3485 id
1068 3424 1118 3486 est
1133 3416 1243 3504 „filins
1266 3413 1342 3483 dei“
1359 3416 1457 3483 inter·

294 3539 405 3621 pretori
432 3542 540 3625 potest
562 3574 604 3586 -
627 3556 668 3603 ex
697 3546 768 3603 ...·
798 3536 915 3623 oppido
943 3534 1149 3619 Germaniae,
1178 3532 1315 3601 secundo
1344 3530 1459 3599 Ottone
1476 3538 1618 3593 973-983

295 3650 461 3720 Romanam
484 3652 699 3719 monarchiam
723 3652 986 3736 amministrante,
1008 3650 1100 3717 honis
1123 3648 1361 3736 exponentibus
1377 3648 1459 3735 opti·

294 3787 357 3834 mus
383 3775 480 3836 natus
508 3774 557 3835 est
584 3767 677 3835 lilius.
713 3766 810 3833 Cuius
838 3773 930 3853 pater
952 3766 1128 3850 Adelhero,
1159 3771 1261 3833 mater
1289 3784 1363 3832 vero
1388 3772 1458 3829 ...·

295 3891 424 3966 qomtae
446 3884 624 3951 sanctitatis
645 3884 780 3967 fuerint,
807 3882 926 3967 absquo
946 3902 1018 3948 meo
1039 3881 1148 3949 labore
1169 3881 1341 3965 loquuntur
1362 3880 1458 3945 mira-

294 3997 373 4085 hiha,
396 4020 478 4086 quae
500 3999 543 4066 ad
563 4018 671 4065 eorum
686 3996 854 4085 sepulchra
866 3996 948 4065 liunt
961 3996 1195 4065 inenarrabilia
1231 3996 1331 4079 Igitur
1344 3984 1458 4067 iratres

294 4116 355 4183 cius
376 4115 487 4184 Helico
503 4150 546 4163 —-
562 4113 821 4181 barbarismatics
843 4132 918 4179 vero
941 4113 982 4179 ah
1004 4132 1041 4179 eo
1064 4113 1148 4199 qnod
1163 4110 1318 4199 Helyseus
1342 4116 1400 4194 est,
1423 4116 1460 4176 ut

293 4231 455 4317 oredimus,
481 4235 638 4297 mutatum
655 4234 746 4297 —et
766 4227 955 4312 Hammath,
978 4229 1143 4314 omnisque
1166 4228 1223 4294 illa
1244 4228 1403 4314 prosapia,
1427 4231 1460 4293 et

293 4347 323 4411 in
348 4347 502 4415 catholica
528 4346 591 4412 lide
617 4345 841 4432 probatissima
863 4350 896 4412 et
917 4364 1031 4431 expers
1053 4344 1157 4410 omnis
1180 4342 1368 4429 suspicionis
1390 4362 1458 4407 ma·

293 4461 368 4547 culs,
389 4468 499 4530 tautae
520 4460 649 4528 uirtutis
670 4460 779 4529 hahita
799 4466 858 4544 est,
881 4465 926 4543 ut,
949 4459 1113 4545 sialiquid
1128 4459 1236 4543 generi
1251 4458 1370 4540 demas,
1394 4458 1458 4523 vir-

293 4578 406 4645 tutihus
428 4578 537 4645 addas
571 4575 683 4644 Fortes
704 4577 739 4643 in
762 4576 869 4660 armis,
891 4577 927 4641 in
947 4574 1009 4642 fide
1031 4575 1185 4662 precipui,
1209 4574 1293 4660 quod
1314 4572 1382 4657 regi
1403 4572 1458 4639 de·

357 4733 380 4766 ι
399 4718 524 4778 contunde
538 4734 560 4764 e.
630 4716 654 4764 h.
675 4718 838 4776 macedone
854 4734 874 4762 c.
949 4728 970 4761 e.
989 4715 1036 4763 fine
1051 4734 1072 4762 c.
1142 4716 1165 4763 d.
1186 4719 1209 4763 sis
1225 4716 1277 4762 cod.
1293 4716 1350 4761 arth
1364 4724 1398 4763 est
1413 4716 1459 4761 aas

294 4794 360 4846 ΒΕΔ.
368 4832 375 4846 .
383 4832 407 4847 ..
431 4801 461 4847 7.
470 4800 591 4861 inopina
602 4798 667 4845 idos
677 4799 726 4844 loci
735 4814 750 4843 a
763 4795 938 4843 tremescere
946 4799 1039 4853 factu
1049 4792 1124 4851 (nos.
1134 4798 1207 4843 Gan.
1216 4797 1260 4845 SS.
1271 4798 1310 4843 11
1318 4795 1352 4841 ad
1360 4812 1386 4854 p.
1395 4790 1457 4851 162).

295 4877 629 4925 aramue-arbee&

359 4975 384 5028 1.
408 4972 536 5027 Hebraea
550 4988 607 5027 uox
625 4969 717 5041 „har“
736 4974 818 5026 sonat
833 4968 927 5026 lilium.

334 5068 410 5120 suri.
426 5071 570 5117 Bibliotheca
585 5071 625 5117 ul.
1207 5066 1244 5121 34
