4342 6034
654 758 722 827 684
897 774 1094 825 oneremur
1116 773 1317 823 unnonrcon
1339 772 1574 821 monurrrnrurs

486 916 762 985 rrae-rruamultis
790 914 960 983 virtutibus
990 914 1114 997 dotato,
1145 914 1303 997 diabolus,
1332 914 1386 999 qui
1414 914 1473 981 boc
1494 914 1579 981 ferre
1600 934 1665 981 non
1687 912 1822 997 valebas

652 1034 718 1121 ipsi
745 1032 918 1099 venerabili
944 1032 1031 1113 viro,
1059 1031 1134 1115 qnia
1157 1030 1299 1097 veritatis
1323 1031 1723 1117 superconsuerent,
1750 1028 1823 1095 lites

653 1154 687 1217 ot
706 1147 906 1215 incommoda
933 1146 1092 1213 excitavit.
1127 1145 1226 1229 Nam.
1255 1146 1330 1230 quia
1357 1166 1482 1233 semper
1510 1146 1540 1212 si
1563 1150 1634 1212 erat
1654 1145 1758 1227 cordi,
1789 1151 1825 1209 ut

652 1264 754 1332 clerus
775 1264 895 1329 honore
915 1261 1021 1329 debito
1043 1262 1211 1345 gauderet,
1234 1262 1369 1348 populus
1392 1262 1515 1329 iustitia
1535 1266 1715 1344 regeretur,
1738 1266 1825 1327 terra

653 1399 731 1466 pace
744 1378 872 1465 publica
886 1378 1052 1461 exultaret,
1074 1397 1146 1445 ecce
1162 1382 1326 1443 accusatur
1341 1378 1425 1463 apud
1441 1398 1573 1463 papam:
1598 1377 1682 1462 qnod
1697 1396 1825 1443 somno·

652 1494 756 1563 lentus
787 1499 821 1560 et
845 1493 968 1559 inutilis
996 1494 1174 1560 haberetur.
1213 1492 1302 1571 Quod
1324 1494 1374 1559 vir
1397 1492 1585 1561 venerabilis
1607 1498 1644 1559 ut
1666 1492 1825 1576 cognorit

653 1610 809 1677 solemnes
837 1609 968 1675 nuncios
995 1629 1054 1695 pro
1082 1628 1140 1675 sna
1169 1609 1369 1675 excusatione
1397 1609 1437 1675 ad
1460 1628 1619 1675 summum
1641 1606 1825 1695 pontificem

653 1726 793 1793 decrevit
819 1726 963 1811 protinus
993 1724 1161 1791 destinare.
1198 1722 1287 1789 Misit
1309 1744 1382 1806 ergo
1406 1725 1546 1791 omnium
1569 1744 1699 1791 snorum
1721 1744 1824 1789 sacre

652 1842 811 1908 tissimum
833 1841 1037 1925 cognitorem,
1064 1839 1222 1925 quendam
1244 1838 1421 1907 Amoldnm
1443 1840 1608 1923 clericum,
1637 1860 1734 1925 quem
1755 1840 1823 1925 ipsc

652 1957 905 2043 archiepiscopus
928 1955 968 2021 ad
991 1956 1245 2041 praeposituram
1270 1956 1421 2021 maiorem
1445 1952 1662 2040 promoverat¹
1686 1956 1751 2021 iam
1774 1976 1823 2021 re-

652 2080 773 2155 center,
804 2078 956 2156 tanquam
984 2091 1073 2153 eum,
1106 2071 1245 2155 quinon
1269 2076 1377 2155 posset
1399 2090 1468 2137 esse
1491 2071 1658 2137 immemor
1681 2069 1822 2139 beneficii

651 2196 716 2257 tam
744 2188 868 2255 nouiter
895 2187 1072 2267 consecuti;
1101 2192 1133 2252 et
1161 2190 1330 2272 propterea
1356 2186 1457 2253 eidem
1482 2187 1544 2253 iam
1569 2188 1820 2274 praeposituram

652 2305 753 2371 sancti
775 2303 863 2369 Petri
885 2303 981 2369 etiam
1004 2302 1195 2384 contulerat,
1225 2301 1355 2387 insuper
1377 2306 1409 2367 et
1430 2303 1637 2369 camerarium
1659 2304 1822 2370 constitnit

652 2420 788 2487 civitatis
803 2417 1063 2501 Magantinsnsis.
1097 2417 1178 2485 Erat
1200 2422 1306 2483 eutem
1329 2416 1412 2483 idem
1435 2417 1595 2483 Arnoldus
1615 2420 1689 2485 miri
1704 2420 1821 2503 ingenii

652 2543 685 2603 et
705 2534 871 2602 facundiae
894 2538 988 2618 utque
1010 2538 1177 2617 congestet
1199 2533 1350 2618 pecuniae
1372 2530 1523 2599 infinitae.

739 2650 770 2717 Is
797 2650 919 2735 itaque,
947 2649 1076 2717 veniens
1104 2648 1145 2715 ad
1174 2648 1293 2715 curiam
1320 2647 1511 2733 Romanam,
1541 2648 1821 2737 pontificatumque

652 2767 795 2833 ambiens
816 2764 1106 2849 Maguntinsnsem‚
1136 2764 1274 2850 primum
1297 2764 1358 2831 sibi
1381 2764 1556 2831 cardinales
1578 2766 1714 2851 pecnnia
1734 2767 1820 2831 ferc-

651 2882 767 2950 rabiles
791 2881 967 2966 acquisivit
1001 2880 1134 2963 Deinde,
1157 2880 1235 2947 duos
1258 2879 1439 2965 specialiter
1458 2859 1592 2966 pecunia
1606 2900 1817 2968 corrumpens,

652 2991 788 3085 qualiter
817 2997 856 3063 ds
883 3016 942 3061 sua
968 2996 1099 3081 propria
1120 2995 1319 3081 promotione
1342 3000 1449 3079 ageret
1471 3002 1503 3062 et
1525 2996 1725 3081 postmodum
1748 3016 1816 3063 con·

652 3117 840 3195 summersi,
863 3131 934 3177 cum
957 3110 1022 3177 illis
1042 3110 1230 3177 familiarius
1254 3110 1476 3195 pertractabat
1512 3110 1668 3195 Tandem,
1695 3112 1736 3179 ab
1757 3112 1814 3178 iilis

651 3232 824 3297 instructus
848 3232 880 3293 et
901 3227 941 3293 de
963 3247 997 3293 sa
1019 3224 1224 3310 certificatus,
1248 3226 1353 3311 coepit
1373 3227 1407 3291 in
1431 3247 1521 3293 suum
1544 3227 1707 3293 dominum
1730 3248 1813 3295 accu-

651 3345 784 3411 sationis
806 3343 910 3410 iacula
931 3343 1077 3427 dirigere,
1107 3362 1201 3427 quem
1223 3347 1353 3409 venerat
1375 3362 1535 3409 excusare.
1573 3341 1727 3428 Breviter,
1749 3350 1813 3410 tan·

652 3467 720 3529 tum
747 3462 780 3527 in
810 3480 869 3527 sua
895 3458 1051 3545 processit
1071 3457 1229 3541 andacia·‚
1258 3462 1294 3525 ut
1316 3458 1393 3523 duos
1416 3458 1535 3541 legatos
1559 3458 1711 3526 destinari
1733 3466 1811 3545 pete·

652 3583 711 3662 ret,
733 3577 826 3643 huius
847 3575 895 3642 rei
917 3575 1096 3658 cognitores
1119 3579 1151 3639 et
1172 3572 1300 3639 iudices.
1335 3573 1540 3659 Obtinuitqne
1564 3575 1690 3643 eosdem
1712 3574 1808 3657 duos',

653 3712 731 3779 quos
753 3696 946 3778 corruperat.

741 3806 880 3874 Tandem
909 3811 1012 3873 tractu
1040 3806 1192 3891 temporis
1218 3803 1318 3871 multa
1340 3804 1578 3873 intervenerunt
1598 3804 1711 3888 factv,
1739 3824 1807 3889 quse

652 3924 735 3991 sicut
762 3922 971 3990 scribentibus
999 3920 1124 3988 essent*¹
1147 3940 1280 3988 onerosa
1305 3921 1352 3987 ita
1378 3919 1553 4004 legentibus
1575 3921 1721 3988 tediosa·.
1754 3918 1805 3984 Ve-

565 4049 634 4104 1153
653 4040 745 4105 niunt
766 4058 841 4122 ergo
863 4032 976 4121 legati¹
991 4036 1213 4103 Wormaciam.
1247 4036 1402 4103 Henricus
1426 4036 1590 4123 episcopus
1606 4037 1718 4103 citatus
1730 4055 1803 4102 oom-

700 4275 704 4281 ·
725 4275 746 4307 n.
768 4263 792 4307 et
808 4259 883 4307 edocit
898 4259 958 4305 add.
973 4260 1009 4306 ed.
1086 4260 1109 4306 b.
1131 4260 1243 4317 dominos,
1260 4273 1317 4319 quos
1333 4259 1523 4315 sanctificaverat,
1541 4258 1582 4305 sod
1598 4258 1627 4307 de
1643 4259 1676 4307 illi
1691 4256 1801 4305 macun-

652 4340 721 4395 tioni,
743 4354 787 4400 qne
807 4353 853 4386 non
874 4353 915 4399 per
935 4338 1050 4385 Christum
1071 4340 1112 4386 sed
1133 4354 1174 4400 per
1194 4340 1329 4387 comcrcium
1350 4340 1380 4385 sit
1397 4344 1415 4385 Τ
1426 4358 1469 4399 pro
1490 4339 1547 4385 dnos
1563 4352 1621 4399 quos
1637 4334 1799 4399 ecrrupontd·

652 4434 673 4467 e.
692 4419 765 4467 liclia
779 4419 817 4466 bic
832 4419 985 4466 interveniunt
1000 4419 1061 4466 iacta
1076 4422 1100 4465 ct
1116 4422 1180 4477 gesta
1195 4424 1263 4480 Tpro
1273 4418 1373 4465 Tandem
1388 4442 1413 4451 -
1424 4418 1492 4465 isch,
1554 4418 1577 4464 d.
1598 4421 1660 4465 must
1674 4418 1719 4471 ed,-
1733 4432 1768 4461 un.
1778 4414 1800 4459 T.

653 4515 673 4550 e.
694 4514 813 4548 onerosum
833 4522 856 4532 -·
873 4500 988 4547 udiosum
1002 4500 1052 4557 ed.,·
1073 4513 1116 4559 quo
1137 4500 1197 4545 sicut
1217 4499 1369 4547 scribentibus
1389 4512 1485 4545 onerosa
1502 4499 1535 4545 itu
1550 4500 1574 4545 ct
1588 4498 1712 4557 lugentibus
1724 4494 1799 4541 tedio·

652 4579 727 4626 iurent
742 4583 766 4625 T.

724 4685 749 4739 l.
773 4682 912 4738 Amoldus
929 4698 985 4738 non
1001 4680 1055 4737 fnit
1070 4682 1243 4752 praepositus
1261 4681 1289 4737 S.
1302 4682 1418 4751 Martini,
1437 4681 1486 4737 sed
1504 4679 1558 4737 fuit
1574 4681 1731 4737 cammerinos
1743 4674 1797 4731 ciri·

652 4772 719 4826 tatis
742 4776 770 4825 et
789 4771 962 4842 praepositus
980 4771 1112 4826 ecclesiae
1131 4769 1158 4825 S.
1171 4770 1245 4826 Petri
1263 4770 1447 4840 Mogontinae.
1537 4772 1563 4825 2.
1585 4768 1749 4826 Bomberdns
1762 4778 1795 4835 pr·

653 4859 727 4914 card.
745 4860 787 4915 tit
806 4859 834 4915 S.
847 4860 995 4916 Clementis
1012 4863 1041 4913 et
1059 4858 1207 4929 Gregorius
1225 4860 1295 4915 diac.
1315 4858 1387 4915 cnud.
1408 4858 1436 4914 S.
1449 4857 1558 4929 Angeli.
