4342 6034
619 739 664 807 56
869 756 1090 807 naumann
1110 759 1156 806 nr
1177 758 1281 807 nunni
1301 758 1490 808 nemnem
1512 760 1543 806 le

460 902 602 963 tlt-'118
619 918 700 989 pera
712 898 920 967 nefandorum
936 904 1062 969 aetuum
1077 904 1300 986 memorantes,
1322 900 1444 987 eadem,
1460 919 1541 987 qnae
1557 904 1690 988 peecata
1702 899 1791 968 dixe-

619 1020 709 1101 runt,
744 1014 977 1083 conclamantes
1010 1016 1196 1104 probabant
1286 1016 1376 1083 neit
1408 1036 1533 1103 quaque
1559 1016 1605 1085 ibi
1630 1016 1792 1084 bominem

621 1132 788 1217 quendam,
812 1132 873 1217 eui,
895 1132 959 1199 iam
982 1133 1017 1199 in
1039 1132 1175 1199 seculari
1196 1132 1308 1200 babitu
1329 1132 1457 1217 degens,
1478 1132 1593 1199 vulnus
1613 1130 1732 1199 inflixit
1747 1168 1790 1179 -
1934 1133 1940 1154 ¹

621 1268 713 1333 quern
738 1246 840 1315 adhue
861 1248 894 1315 in
917 1248 977 1315 hae
998 1248 1065 1315 vita
1086 1268 1252 1335 superesse
1273 1248 1433 1317 referebat
1449 1284 1491 1295 —-
1512 1248 1555 1316 ad
1575 1248 1791 1316 testimemnm

620 1362 776 1430 malorum
799 1382 927 1430 suorum
950 1364 1136 1447 adduetnm3
1158 1365 1249 1431 euius
1270 1369 1471 1432 cruentatum
1493 1368 1526 1431 et
1546 1369 1660 1451 patens
1677 1363 1792 1431 uulnus

620 1484 653 1548 et
675 1480 803 1564 sangnis
824 1479 909 1567 ipse,
932 1480 1063 1567 propria
1084 1499 1162 1547 roee
1183 1479 1339 1564 alamans,
1361 1480 1589 1567 inproperabat
1609 1485 1644 1547 et
1664 1479 1792 1567 inputa·

619 1594 676 1662 bat
703 1596 732 1662 ei
760 1593 885 1661 erudele
914 1592 1004 1661 effusi
1031 1596 1194 1680 sanguinis
1215 1596 1344 1663 crimen.
1435 1594 1479 1664 Et
1500 1596 1547 1663 sie
1568 1595 1737 1663 summatis
1760 1600 1793 1665 et

620 1711 798 1799 conputatis
826 1710 1011 1797 sedenibus,
1043 1712 1166 1796 antiqui
1191 1712 1299 1779 hostes
1325 1709 1549 1779 adfirmabant:
1583 1732 1672 1797 enm,
1701 1732 1792 1781 reum

619 1833 826 1914 peecatorem,
849 1827 928 1894 iuris
952 1846 1061 1894 eorum
1083 1832 1116 1894 et
1138 1827 1331 1895 condicionis
1352 1828 1569 1896 indubitanter
1588 1828 1697 1895 inisse

708 1944 743 2011 Ε
768 1957 878 2010 uonna
912 1956 1015 2011 amera
1038 1982 1080 1993 -
1104 1942 1251 2010 dixit-
1276 1958 1455 2012 emanantes
1487 1968 1552 2027 me,
1588 1945 1793 2013 cummiani

618 2082 718 2149 purae
739 2064 867 2127 simne
889 2063 1025 2140 animae,
1050 2082 1130 2146 qaae
1153 2082 1209 2147 eqo
1231 2065 1328 2127 miser
1339 2064 1471 2149 indipne
1487 2074 1517 2128 et
1533 2062 1704 2149 inperfecte
1714 2083 1791 2150 per·

620 2180 679 2265 epi.
720 2176 885 2258 Quaedam
906 2178 1022 2241 dane
1051 2176 1144 2262 „Epa
1166 2198 1237 2243 enm
1259 2178 1469 2259 oboedientia,
1498 2200 1595 2264 paam
1616 2178 1792 2245 senioribus

619 2292 818 2381 spiritalibus
841 2292 1019 2369 enbibait“,·
1046 2294 1218 2377 quaedum:
1241 2294 1335 2380 „Epo
1357 2316 1428 2359 eam
1448 2297 1612 2375 ieianbnn,
1636 2315 1699 2380 qne
1721 2314 1792 2361 een-

615 2431 681 2496 pae
703 2430 795 2474 sarna
818 2420 927 2473 eontra
949 2409 1139 2473 desideriam
1161 2412 1266 2475 menna
1284 2432 1437 2498 pnqnane
1459 2410 1664 2497 anabasii&
1689 2407 1791 2475 eliel:

620 2524 719 2611 „qu
754 2526 856 2591 oratio
884 2546 987 2610 para,
1023 2545 1121 2610 qaam
1153 2525 1330 2611 effundebat
1357 2529 1394 2592 in
1421 2539 1587 2614 eenrpeene
1612 2525 1792 2605 Damini⁴‘,·

621 2640 704 2705 alia:
735 2639 832 2727 „Epo
855 2649 940 2705 sans·
964 2640 1146 2726 obsequium
1166 2642 1380 2725 infirmariae,
1410 2644 1499 2729 qaod
1518 2642 1681 2709 elementer
1702 2666 1791 2731 eyne-

621 2756 759 2823 tantibae
789 2756 967 2834 enbiduit“,·
1000 2758 1173 2843 quaedam:
1203 2758 1302 2845 „Epa
1328 2780 1400 2824 earn
1420 2758 1583 2845 psalmas,
1613 2781 1706 2846 pum
1731 2782 1792 2848 pro

580 2888 585 2897 '
623 2875 721 2940 otiam
736 2894 877 2939 annone
891 2874 1090 2959 satisfaciens
1104 2872 1176 2939 Dee
1192 2875 1334 2941 eeeinit“.
1360 2875 1406 2940 Et
1418 2877 1465 2940 eia
1478 2898 1545 2940 aare
1559 2896 1680 2962 qusque
1692 2878 1792 2943 wan

622 3004 732 3059 sonna
759 2991 894 3059 ennium
917 3012 1008 3055 saum
1028 3003 1205 3077 peccatam,
1231 2992 1409 3057 eamnande
1430 3012 1496 3072 nae,
1520 2990 1712 3058 clamitabat.
1749 2992 1794 3059 Iit

621 3108 679 3174 bas
706 3108 759 3174 illi
784 3111 943 3173 inmensae
971 3106 1125 3171 claritatis
1147 3106 1285 3193 anpeliei
1304 3110 1436 3194 spirutu
1457 3108 1722 3193 maqnifieenda„
1738 3108 1792 3173 de-

612 3224 779 3309 fendentes
801 3246 860 3304 ms,
885 3222 1104 3305 adfinnabunt.
1139 3223 1183 3288 ln
1199 3226 1279 3288 istae
1292 3225 1421 3289 anuas
1436 3227 1602 3289 aniversae
1616 3224 1710 3309 valde
1722 3246 1792 3289 ma·

622 3337 708 3405 etae‘¹
731 3352 760 3404 et
786 3339 883 3404 multo
912 3340 1046 3403 maiores
1075 3352 1104 3403 et
1131 3338 1377 3405 enaellentieres·
1400 3361 1465 3405 nae
1489 3339 1571 3405 mibi
1594 3340 1792 3422 distenas,

623 3476 720 3541 quesn
742 3476 892 3541 umquam
913 3454 1033 3519 viribus
1055 3457 1132 3519 rnen
1154 3456 1250 3540 diune
1265 3468 1448 3544 perpetrate
1459 3456 1611 3541 sabaeas.
1732 3532 1745 3549 .

711 3568 797 3637 Inter
820 3588 859 3637 ea
879 3568 1045 3653 referebat,
1070 3588 1115 3652 se,
1138 3570 1229 3654 quasi
1250 3569 1300 3637 in‘
1313 3570 1527 3656 interioribus,
1549 3571 1584 3637 in
1600 3570 1660 3637 hee
1674 3570 1793 3637 munda

622 3684 740 3754 uidisse
767 3686 876 3771 igneos
899 3690 1011 3773 puteus
1033 3684 1224 3752 horrendam
1246 3690 1425 3753 ernetantes
1446 3684 1608 3753 dammam
1630 3685 1792 3774 plurimus.

622 3800 667 3869 Et
688 3807 873 3890 erumpente
894 3807 995 3869 tetra⁸
1017 3800 1169 3869 terribilis
1190 3800 1337 3869 flamma*
1357 3802 1454 3887 iguis,
1476 3802 1627 3870 volitasse
1648 3808 1681 3870 et
1698 3803 1794 3871 mue-

622 3938 729 3985 remm
763 3918 926 3985 hominum
959 3916 1090 4005 spiritns
1117 3918 1153 3984 in
1180 3918 1386 3987 similitudine
1412 3918 1577 4004 nigrarum
1604 3920 1710 3987 avium
1736 3940 1795 4007 per

623 4032 794 4119 flammam,
817 4034 978 4122 plorantes
1001 4038 1033 4100 et
1054 4032 1212 4101 ululantes
1234 4040 1268 4102 et
1287 4036 1392 4103 uerbis
1415 4040 1448 4103 et
1469 4055 1546 4103 reue
1567 4037 1707 4103 humana
1720 4036 1794 4105 stri·

624 4150 745 4235 dentes‚
769 4156 801 4217 et
821 4150 977 4235 lugentes*
1000 4149 1131 4236 propria
1149 4151 1265 4219 merita
1278 4157 1311 4219 et
1323 4172 1475 4240 praesens
1490 4152 1697 4240 supplicium
1719 4172 1795 4220 een·

625 4267 744 4334 sedisse
766 4265 945 4354 paululum,
968 4266 1115 4333 herentes
1136 4266 1171 4332 in
1192 4268 1389 4353 marginibus
1410 4274 1595 4356 puteorum3
1624 4273 1657 4335 et
1677 4269 1795 4335 iterum
1938 4245 1939 4280 ³

624 4382 801 4450 heiulantes
835 4380 985 4449 eeeidisse
1017 4382 1052 4448 in
1085 4388 1208 4471 puteos.
1297 4384 1342 4451 Et
1370 4406 1454 4453 unns
1481 4404 1522 4453 ex
1549 4384 1670 4470 angelis
1697 4384 1793 4451 dixit:

625 4500 825 4566 Paruisaima
850 4498 926 4565 baua
946 4502 1068 4587 requies
1091 4502 1229 4583 indicat,
1259 4506 1337 4590 qnia
1359 4505 1553 4591 ornnipetene
1574 4502 1665 4571 Deae
1686 4504 1723 4569 in
1744 4503 1796 4569 die

698 4710 891 4760 andem.
975 4710 1151 4760 belinam<
1236 4716 1387 4764 aeracV.
1472 4714 1796 4770 immemorata

625 4792 736 4838 retunt
799 4804 819 4837 a
836 4788 1047 4840 araedentianesc.
1109 4792 1230 4841 temti.
1291 4806 1314 4853 ς.
1328 4795 1455 4851 tamenn
1471 4797 1569 4844 tama
1630 4793 1654 4841 Ιι.
1668 4787 1796 4842 temnit*-
1937 4853 1938 4858 Ἰ

625 4871 641 4922 i.
662 4870 783 4919 hammam
799 4871 925 4919 strlndenta
940 4872 1044 4933 ingemet
1062 4873 1091 4921 7,
