4342 6034
638 754 665 800 s,
682 754 857 801 sonmurn
879 755 924 801 uc
946 756 1048 801 nuum
1070 755 1258 803 Eplswbnlt
1276 756 1306 803 ee
1492 740 1554 805 tet

384 894 566 979 confortabo
595 896 745 961 adoneus
773 898 980 963 oontmoones
1010 918 1132 978 emam,
1163 910 1193 963 ct
1218 901 1278 965 crit
1295 898 1422 983 sortior
1445 894 1556 985 petro¹

384 1013 561 1077 constantio
583 1023 647 1075 troo.

468 1124 533 1191 Pro
556 1124 717 1209 sacrilege
740 1126 1064 1213 itaquepresbiteris,
1088 1131 1125 1191 ut
1146 1126 1304 1211 scripsisti
1318 1163 1360 1173 -
1378 1128 1433 1212 qui
1448 1132 1556 1193 tauros

380 1245 412 1307 et
435 1239 554 1326 hyrcos
582 1241 644 1307 diis
671 1261 868 1328 paganorum
896 1241 1119 1325 immolabant,
1146 1244 1375 1311 manducantes
1402 1242 1557 1310 sacrificia

379 1360 589 1440 mortuorum,
612 1356 764 1425 habentos
787 1363 820 1425 et
840 1356 997 1442 pollutum
1018 1358 1259 1443 ministerium,
1282 1359 1407 1445 ipsique
1422 1357 1557 1425 adulteri

380 1491 447 1539 esse
469 1472 595 1539 inventi
623 1478 698 1540 sunt
725 1478 757 1541 et
784 1473 924 1539 defuncti
954 1508 997 1519 —-
1026 1474 1119 1539 modo
1148 1494 1223 1539 vero
1251 1475 1447 1557 incognitum
1475 1494 1556 1558 esse,

379 1592 486 1653 utrum
518 1587 716 1674 baptizantes
739 1588 928 1655 Trinitatem
957 1588 1113 1655 dixissent
1141 1609 1181 1655 an
1209 1609 1290 1670 non3
1319 1596 1352 1655 et
1373 1591 1487 1657 timent
1508 1589 1556 1655 illi

379 1704 432 1787 qui
453 1704 524 1769 vivi
547 1710 635 1788 suut,
660 1704 743 1789 quod
766 1706 799 1770 iu
822 1704 880 1771 tali
901 1704 1098 1770 ministeriob
1120 1724 1185 1771 non
1208 1705 1274 1771 sint
1295 1705 1464 1792 baptizati,
1487 1705 1557 1789 qui·

379 1819 435 1887 bus
458 1819 675 1904 respondens,
705 1820 826 1887 iussisti
855 1838 963 1885 omnes
993 1819 1173 1905 baptizere3
1203 1820 1263 1887 boc
1285 1816 1427 1906 quoque²
1449 1820 1557 1887 obser·

378 1936 445 2002 vari
468 1937 508 2001 in
531 1934 714 2022 supradicta
735 1935 855 2021 syuodo
879 1934 1067 2019 sacerdotes,
1091 1941 1128 2001 ut
1150 1936 1206 2020 qui
1222 1936 1273 2003 vel
1288 1956 1385 2003 unam
1399 1936 1439 2003 de
1454 1936 1557 2002 Trini-

377 2057 442 2119 tate
465 2071 641 2139 personam
662 2051 696 2117 in
718 2050 877 2137 baptismo
894 2071 956 2117 uon
974 2051 1162 2134 nominet,
1185 2051 1263 2117 illud
1279 2052 1472 2138 baptismum
1488 2071 1557 2119 cese

378 2188 440 2235 nou
464 2188 578 2255 posse3
603 2166 685 2251 quod
707 2186 766 2253 pro
786 2172 872 2233 certo
887 2186 997 2233 verum
1018 2171 1076 2250 est,
1101 2166 1186 2250 quia,
1209 2167 1265 2252 qui
1279 2187 1378 2233 unum
1392 2186 1432 2233 ex
1447 2172 1557 2233 sancta

378 2284 538 2351 Trinitate
566 2283 727 2349 consessus
755 2302 819 2349 non
845 2282 957 2366 fuerit,
986 2281 1146 2369 perlectus
1174 2281 1365 2350 christianus
1395 2303 1465 2350 esso
1491 2303 1556 2349 non

377 2405 496 2487 potest
532 2398 592 2477 Qui
615 2398 700 2465 euim
723 2397 888 2465 confinem
910 2396 1038 2465 Patrem
1061 2402 1094 2465 et
1108 2396 1236 2482 Filium,
1258 2399 1287 2466 si
1310 2399 1471 2467 confessus
1492 2419 1557 2465 uon

377 2516 478 2583 fuerit
502 2520 550 2583 et·
573 2514 728 2601 Spiritum
751 2518 910 2597 sanctum,
939 2532 999 2581 uec
1020 2512 1149 2581 Patrem
1171 2513 1268 2581 babet
1287 2534 1347 2581 neo
1368 2514 1501 2596 Filium3
1525 2520 1558 2582 et

378 2633 431 2717 qui
458 2631 624 2699 confessus
646 2631 744 2697 fuerit
757 2628 885 2696 Patrem
909 2634 941 2695 et
956 2628 1112 2716 Spiritum
1127 2635 1282 2714 sanctum,
1306 2635 1340 2696 et
1353 2630 1469 2697 Filium
1492 2650 1557 2697 uon

377 2746 478 2815 luerit
502 2747 678 2829 confessus,
707 2765 766 2813 neo
788 2745 916 2813 Patrem
938 2744 1035 2813 habet
1056 2764 1115 2811 neo
1138 2744 1291 2832 Spiritum
1316 2752 1476 2827 sonetum,
1500 2746 1556 2813 sed

378 2882 502 2931 uacuus
526 2868 575 2929 eet
598 2882 617 2929 a
639 2863 743 2947 gratia
765 2862 881 2929 diune.

470 2978 537 3047 Eos
560 2983 676 3063 subm,
700 2998 778 3063 quos
800 2977 978 3064 repperisse
1001 2974 1098 3043 affata
1121 2980 1172 3043 est
1192 2976 1374 3043 fraternitas
1394 2983 1557 3063 tuepseu·

379 3096 603 3163 dosacerdotes
631 3094 731 3161 multo
761 3093 891 3159 maioris
919 3093 1043 3159 numeri
1071 3113 1168 3177 quam
1194 3092 1379 3160 cstbolicos:
1409 3112 1557 3159 erroneos

380 3210 583 3279 simulatores
617 3210 676 3277 sub
708 3210 836 3275 nomine
869 3209 1090 3295 episcoporum
1120 3209 1171 3275 uel
1201 3209 1466 3295 presbiterorum,
1502 3208 1557 3295 qui

380 3346 557 3412 numquam
580 3326 620 3393 ab
643 3326 800 3413 episcopis
823 3325 985 3391 catholicis
1000 3324 1130 3391 fuerunt
1144 3324 1292 3409 ordinati,
1314 3324 1483 3393 illudentes
1498 3346 1556 3412 po

380 3442 458 3530 pulo
494 3448 527 3511 et
558 3441 755 3509 ministeria*
784 3440 953 3509 aecclesiae
981 3440 1208 3507 confundentes
1238 3446 1271 3507 et
1297 3440 1555 3523 conturbantes·;

382 3564 439 3627 aut
452 3558 551 3625 falsos
566 3556 771 3644 gyrobagos‘‚
793 3557 963 3639 adulteros,
985 3556 1187 3640 homicidas⁸‚
1205 3556 1328 3640 molles,
1343 3556 1557 3623 masculorum

382 3674 617 3757 cambitores,
646 3672 830 3756 sacrilegos,
853 3672 1051 3759 ypochritas3
1081 3677 1115 3738 ct
1141 3672 1258 3739 multoe
1281 3692 1389 3739 servos
1411 3676 1557 3739 tomma-

382 3796 449 3874 tos,
480 3790 535 3874 qui
556 3790 705 3873 fugerunt
727 3788 862 3855 dominis
886 3788 966 3868 suis3
996 3808 1105 3855 servos
1133 3786 1267 3871 diaboli,
1296 3786 1557 3873 transfigurantes

385 3926 419 3975 so
441 3906 476 3973 iu
498 3905 680 3973 ministros'¹
696 3904 829 3985 Christi3
853 3904 918 3989 qui,
942 3903 1010 3971 sine
1032 3904 1181 3990 episcopo
1205 3904 1334 3990 proprio
1356 3903 1486 3971 arbitrio
1510 3905 1557 3969 vi·

385 4028 494 4089 venas
522 4022 565 4089 eti
588 4020 758 4108 populures
787 4021 965 4087 defensores
994 4019 1145 4087 babentes
1173 4025 1284 4087 contra
1312 4020 1494 4107 episcopos,
1521 4026 1558 4087 ιιι

385 4138 553 4207 sceleratos
576 4156 681 4203 moros
705 4156 812 4203 corum
835 4156 900 4201 uon
922 4135 1131 4219 confringant
1154 4154 1297 4201 seorsum
1316 4136 1469 4222 populum
1483 4156 1557 4202 cou-

386 4260 570 4321 sentaneum
593 4257 799 4337 congmgaut,
828 4250 971 4317 stillum
995 4270 1162 4318 erroneum
1184 4250 1416 4319 ministeriumk
1437 4270 1501 4317 nou
1522 4252 1557 4317 in

456 4418 477 4451 a.
498 4404 655 4463 miuysterium
674 4406 707 4451 dt.
785 4402 807 4448 b.
827 4402 960 4461 miuysterio
977 4406 1011 4449 Μ.
1091 4416 1111 4448 c.
1131 4404 1155 4449 et
1171 4418 1213 4447 oss.
1232 4404 1265 4449 tt.
1340 4401 1363 4447 d
1379 4401 1512 4461 minysteria
1522 4405 1557 4448 Μ.

387 4498 406 4531 e.
427 4484 572 4533 conuentus
589 4488 616 4533 C.
677 4483 693 4529 t.
715 4500 771 4529 corr.
787 4484 810 4529 tn
826 4494 951 4541 gyrovagos
969 4484 995 4529 C.
1057 4494 1079 4540 g.
1099 4480 1226 4527 homicidas
1245 4504 1269 4512 -
1288 4480 1447 4529 concubitores
1462 4498 1505 4527 οι
1522 4484 1556 4527 dt.

387 4563 409 4611 b.
428 4564 551 4625 minystros
569 4568 603 4611 rr.
681 4564 697 4609 i.
718 4565 742 4609 et
756 4580 799 4609 om.
817 4566 851 4608 Μ.
927 4558 950 4607 k.
970 4561 1127 4621 minysterium
1143 4565 1178 4607 bt.

456 4670 480 4723 1.
504 4667 605 4723 Erech.
618 4668 644 4736 3,
656 4668 682 4722 8.
695 4668 712 4722 9
725 4666 827 4735 (versio
841 4666 972 4735 antiqua).
1000 4666 1035 4723 V.
1048 4664 1175 4720 Sabatier
1185 4662 1336 4719 Bibliorum
1352 4663 1493 4718 versiones
1509 4678 1557 4719 an·

388 4756 568 4827 dquam
586 4757 647 4811 760.
737 4756 763 4811 i.
790 4754 872 4825 „Hoc
894 4768 1003 4823 quoque
1026 4752 1168 4809 observari
1185 4782 1219 4793 -
1237 4767 1343 4807 vacuus
1365 4757 1409 4807 est
1428 4767 1446 4806 a
1463 4751 1558 4807 divine

391 4846 493 4915 grew
513 4850 579 4901 suut
596 4845 625 4899 iu
643 4843 766 4899 Gratiani
785 4842 857 4897 decr.
876 4844 906 4899 P.
920 4843 960 4898 111
978 4842 1014 4897 de
1032 4856 1154 4899 consecr.
1172 4842 1208 4897 D.
1220 4841 1260 4897 1v
1277 4856 1302 4896 o.
1317 4842 1361 4897 83.

1583 906 1636 960 748

1572 977 1627 1025 lisa
1636 979 1650 1025 1
