4342 6034
642 780 804 831 nossem
823 780 1011 830 rnnnnusrs
1033 782 1114 829 vrrs
1138 780 1310 829 annnoms
1493 736 1558 831 5‘41

390 942 459 989 sem
485 922 571 1006 exigi
597 926 772 1009 pastorem3
801 941 839 989 eo
865 921 948 1007 quod
970 922 1102 989 tercium
1126 922 1301 991 antistitem
1323 922 1407 989 sedis
1430 922 1648 1007 lingon-1031

389 1036 458 1105 tine
478 1037 606 1105 mittere
619 1035 776 1105 Fuldense
798 1038 927 1105 deberet
947 1037 1038 1105 ovile
1073 1036 1197 1105 Plaouit
1217 1038 1324 1123 itaque
1345 1038 1414 1123 regi
1434 1037 1561 1106 differre

389 1152 567 1237 eonsilium,
591 1172 752 1239 quousque
775 1174 945 1237 congruum
970 1153 1010 1219 de
1030 1152 1091 1219 boe
1106 1158 1255 1239 saperent
1269 1153 1443 1221 eonsilium.
1479 1153 1561 1221 (ion-

388 1268 474 1337 suita
494 1269 592 1353 igitur
614 1269 781 1357 privilegia
802 1268 912 1337 eadem
933 1268 1153 1354 loquebantur,
1176 1273 1209 1334 et
1230 1269 1372 1355 priorum
1394 1290 1504 1353 regum
1526 1270 1561 1335 in

388 1384 451 1452 hoo
471 1404 659 1453 remensum
680 1386 886 1453 testabantur.
921 1383 1089 1451 Communi
1110 1404 1185 1451 vero
1208 1385 1338 1451 oonsilio
1362 1392 1489 1453 senatus
1507 1406 1560 1452 eu·

388 1520 448 1587 per
476 1499 537 1567 boe
556 1500 720 1569 habendus
742 1500 860 1568 dilatus
881 1506 945 1582 est3
974 1500 1123 1586 quoniam
1146 1500 1248 1567 adhue
1270 1501 1363 1569 home
1386 1522 1449 1569 nou
1472 1502 1560 1569 inve·

388 1616 541 1701 nitetur,
563 1636 657 1702 quem
680 1616 776 1685 vellet
797 1616 893 1683 Dens.

479 1730 578 1816 Igitur
600 1737 633 1800 et
655 1732 753 1801 abbas
774 1732 960 1816 Richardus,
983 1728 1153 1797 addootusb
1177 1750 1217 1797 ex
1240 1730 1424 1817 privilegiis,
1449 1732 1560 1799 eadem
1576 1748 1652 1796 reu.

387 1852 479 1917 ratus
500 1853 645 1933 ventura,
667 1850 822 1936 disposita
842 1848 935 1915 domo
956 1868 1025 1929 sua,
1048 1846 1220 1913 multorum
1241 1846 1359 1915 ibidem
1380 1868 1451 1914 enm
1467 1847 1559 1913 leeri-

387 1964 453 2031 mis
473 1964 751 2051 prosequentibus,
779 1965 894 2031 curtim
916 1982 1048 2051 pergere
1069 1963 1131 2029 iter
1154 1982 1320 2045 aggressus
1344 1968 1401 2029 est.
1491 1962 1562 2029 Ibat

389 2079 519 2165 quidem
540 2080 648 2164 gravis
668 2078 925 2149 meditationibus
948 2084 980 2145 et
1003 2079 1132 2162 anxius,
1156 2098 1212 2165 ape
1235 2078 1362 2145 biformi
1384 2079 1419 2145 in
1439 2078 1562 2145 ineerta

387 2200 545 2283 raptatus,
568 2216 650 2263 anne
671 2194 761 2263 fieret
783 2216 822 2261 ex
845 2194 979 2262 decretis
1002 2194 1176 2280 episeopus.
1213 2192 1275 2261 Sed
1296 2214 1409 2280 parum
1425 2195 1559 2281 rupidus

387 2316 535 2379 terrenae
557 2312 740 2398 poteratis,
768 2310 955 2398 exportabat
977 2315 1101 2377 tantum
1124 2308 1204 2377 velle
1227 2310 1411 2379 divinitatis·
1447 2310 1559 2395 Quare,

387 2428 474 2494 sieut
495 2428 541 2493 ait
562 2426 681 2514 psaltes
703 2428 864 2512 egregius:
894 2428 934 2493 Ia
957 2440 986 2493 te
1007 2428 1147 2493 Domine
1167 2430 1309 2514 spondi,
1338 2450 1403 2493 ooo
1426 2428 1559 2511 eonfoe-

387 2546 453 2609 dor
472 2546 509 2609 io
530 2539 716 2625 aeternam',
740 2544 780 2611 de
802 2543 932 2609 ineertis
954 2524 1017 2609 aito
1040 2548 1144 2611 eertna
1167 2542 1279 2626 faetus,
1303 2560 1340 2608 eo
1362 2542 1446 2626 quod
1460 2542 1561 2609 inrio-

386 2657 457 2725 lata
478 2678 536 2745 spe
557 2659 703 2726 omuibus
725 2660 791 2725 suis
807 2658 910 2725 Deum
933 2658 1101 2725 advocaret
1124 2656 1260 2741 sedulus,
1284 2656 1323 2723 de
1341 2656 1400 2742 his,
1425 2677 1505 2742 quae
1520 2658 1562 2725 ad

387 2794 425 2843 se
447 2794 512 2841 non
532 2774 744 2861 pertinebant,
767 2775 950 2861 pregravari
971 2774 1027 2840 diu
1046 2774 1221 2860 permisere
1236 2793 1300 2839 non
1315 2779 1372 2839 eet.
1408 2773 1561 2861 Tempore

388 2890 478 2959 enim
496 2890 668 2957 umbrifero
683 2910 765 2973 oum,
788 2890 855 2957 sole
868 2890 1000 2955 inferius
1015 2888 1238 2975 hemisperinm
1257 2889 1433 2972 emetiente,
1456 2895 1561 2957 terras

388 3006 563 3073 diametros
590 3006 641 3073 sui
668 3005 855 3074 obsistentia
880 3006 1028 3074 tenebras
1056 3006 1090 3069 iu
1113 3004 1233 3071 eaelum
1257 3004 1403 3071 funderet
1418 3040 1460 3051 -
1477 3004 1561 3089 quod

387 3142 455 3189 nox
482 3122 597 3189 dieitur
620 3160 662 3172 -
686 3141 816 3190 somnus
843 3124 955 3206 etiam,
985 3120 1151 3188 oblivionis
1179 3121 1338 3204 minister,
1369 3120 1408 3187 ad
1432 3120 1560 3187 diurnas

388 3256 483 3305 ouras
501 3238 622 3321 ingenii
642 3244 816 3325 reparator,
838 3240 954 3306 virium
978 3248 1118 3323 qnoque⁰
1133 3236 1236 3323 pridie
1257 3235 1512 3303 lrrssesoentinmd
1527 3236 1561 3305 in

388 3354 564 3421 ormfinnm
586 3354 828 3438 redintegrator,
855 3354 939 3439 egris
961 3374 996 3421 se
1017 3352 1203 3419 mortalibus
1226 3352 1414 3436 infunderet,
1436 3352 1560 3439 predio-

388 3475 443 3539 tus
466 3469 564 3537 abbas
585 3475 660 3556 post
680 3470 858 3553 vigiliarum
881 3470 1000 3537 bestias
1019 3468 1101 3553 leste
1116 3468 1268 3552 redditus,
1291 3467 1462 3535 seeundum
1478 3468 1561 3554 quod

389 3586 510 3653 dietum
538 3590 601 3653 est:
626 3586 766 3653 lavem
797 3590 894 3654 esst-i
924 3590 1059 3653 vermo
1093 3568 1254 3667 videbant,
1286 3598 1316 3651 et
1348 3608 1434 3651 renea
1465 3588 1562 3653 oeetn'

389 3698 755 3785 commemoratore,
776 3701 932 3769 somnium
948 3701 1038 3767 vidit
1105 3700 1318 3787 Experreetns
1333 3700 1430 3784 igitur
1446 3720 1560 3767 aurora

389 3816 596 3906 prooedente,
628 3817 695 3883 iam
723 3823 828 3885 eertus
856 3817 983 3884 divinae
1010 3816 1199 3900 voluntatis,
1228 3816 1297 3902 quis
1325 3816 1449 3883 tuturus
1477 3821 1561 3884 esset

391 3934 572 4022 episeopus,
599 3938 673 4020 post
693 3934 824 4001 iteratas
847 3932 999 3999 orationis
1020 3932 1167 4000 viotimas
1190 3950 1296 3999 eoram
1318 3932 1474 3999 stantibus
1497 3932 1558 3999 ait:

390 4050 443 4117 Ns
463 4050 596 4117 moltam
617 4053 843 4117 oontnbterm'aa'
853 4050 979 4134 fratrea
1000 4050 1040 4115 de
1059 4072 1119 4129 me,
1144 4051 1238 4135 quasi
1254 4048 1423 4115 absurdior
1437 4072 1458 4115 o
1471 4049 1559 4114 oobs'e

391 4168 590 4254 episcopatus
611 4189 719 4231 roasa.
752 4166 877 4233 Dioobo
898 4166 1050 4252 lorpime
1069 4164 1475 4251 praemandaverat
1489 4165 1558 4251 aas·

383 4284 477 4366 ficiat
509 4282 641 4359 solitom
673 4304 750 4347 nam
777 4283 999 4368 Maponts'oum
1030 4293 1171 4368 espectet
1198 4282 1306 4347 oliam.
1347 4280 1391 4347 Et
1419 4280 1559 4347 divinam

390 4398 614 4485 prescientiam
628 4395 833 4465 ammiratis¹z
849 4398 924 4464 Hae
944 4396 1049 4482 inquit
1068 4408 1158 4463 notae
1171 4400 1207 4462 in
1222 4398 1426 4483 quodamsed
1436 4418 1557 4483 oaospo,

390 4515 447 4582 abi
467 4538 485 4581 e
506 4528 617 4583 coebo
642 4526 774 4581 omrem
799 4516 879 4579 mire
907 4513 1101 4579 celsitads‘oie
1131 4514 1200 4580 asili
1226 4526 1375 4595 mmmm,
1406 4515 1442 4577 io
1470 4515 1558 4577 caiae

463 4704 484 4738 ι.
502 4690 617 4740 invenitur
632 4709 653 4739 c.
713 4690 737 4737 b.
756 4649 904 4737 adductus-c.
960 4702 981 4736 c.
1001 4702 1091 4749 quoquo
1107 4693 1252 4737 corruatis
1268 4688 1413 4750 quidquido.
1470 4687 1492 4735 (l.
1513 4687 1558 4734 las·

393 4772 569 4820 marne.
645 4784 666 4818 s.
686 4788 766 4817 om.
842 4769 1047 4817 imitatura.

463 4876 650 4947 amma
739 4874 946 4945 amam
