4342 6034
660 752 726 819 624
862 772 943 817 rma
965 770 1120 819 nannoni
1141 770 1402 821 enomurrecom
1424 771 1621 821 noconnnu

558 922 627 977 noo
660 912 796 978 domnas
817 933 914 999 papa,
938 912 968 978 ei
991 932 1175 997 assurgens,
1198 913 1409 979 cudateralem
1433 914 1496 981 sibi
1518 918 1682 1001 acceptum
1704 912 1812 997 magni·

537 996 643 1054 ¹¹²⁸*
659 1027 754 1093 ticum
776 1034 809 1095 et
829 1028 999 1111 gloriosum
1023 1028 1169 1095 omnibus
1184 1028 1372 1113 exhibetur,
1396 1030 1561 1115 omniaque
1575 1032 1664 1097 curia
1678 1030 1813 1115 chamaio

660 1142 969 1225 magnificentissimo
999 1143 1060 1210 sibi
1086 1143 1280 1211 inclinaretl.
1316 1144 1397 1222 Quid
1419 1144 1532 1231 plura?
1561 1146 1697 1213 Omnem
1717 1145 1816 1213 volun·

659 1264 757 1325 tatem
778 1279 869 1324 snam
893 1278 912 1324 a
933 1258 1007 1325 sede
1030 1260 1204 1345 apostolica
1225 1261 1409 1347 impetrans,
1432 1262 1534 1327 ricem
1556 1262 1664 1327 domni
1685 1261 1816 1348 papulu-

659 1375 878 1459 gntionemque
905 1395 1000 1461 super
1027 1395 1153 1442 omnem
1173 1374 1393 1458 Magoutinam
1415 1376 1617 1463 metropolim
1638 1376 1755 1443 ibidem
1774 1396 1817 1443 re-

546 1512 603 1568 eug.
613 1512 641 1555 11
660 1491 754 1576 cepit,
777 1496 809 1556 et
826 1490 991 1557 ecclesiam
1008 1511 1099 1557 suem
1114 1491 1153 1559 da
1168 1492 1300 1574 subiugo
1315 1490 1449 1557 aliorum
1465 1493 1583 1559 exemit
1591 1488 1609 1557 ¹.
1638 1491 1818 1574 Novissime,

660 1607 749 1671 curia
783 1606 1004 1672 decentissima
1030 1606 1197 1689 largitione
1226 1606 1357 1689 donata,
1392 1606 1461 1693 ipse
1490 1626 1615 1692 quoque
1645 1608 1817 1694 apostolicis

660 1720 790 1787 mirifice
818 1722 953 1789 donatus
982 1722 1135 1805 oxenbs‘,
1165 1720 1264 1787 multo
1294 1727 1401 1788 umen
1427 1722 1535 1789 labore
1564 1728 1596 1789 et
1623 1722 1820 1789 inestimabili

660 1843 788 1924 sumptu
810 1838 893 1905 lovis
914 1837 1069 1903 altiesima
1090 1838 1165 1921 iuga
1186 1836 1361 1920 deculcans,
1385 1858 1457 1904 cum
1480 1839 1567 1905 omni
1589 1840 1741 1926 tripudio,
1762 1838 1820 1904 Do·

659 1954 746 2019 mino
768 1954 952 2037 comitante,
976 1954 1147 2019 honoratus
1168 1954 1322 2021 remcavit
1344 1954 1385 2020 ad
1406 1955 1546 2041 propria.

748 2068 868 2135 Eodem
897 2074 1039 2155 tempore
1060 2068 1341 2137 Mediolaneneium
1370 2072 1483 2137 sevitia
1510 2076 1543 2137 et
1570 2072 1699 2157 propria
1729 2070 1821 2137 domi·

660 2184 757 2250 nandi
777 2184 876 2251 libido
895 2191 1005 2251 contra
1018 2184 1169 2252 finitimae
1185 2186 1328 2253 dvitatm
1344 2191 1376 2252 et
1390 2186 1542 2273 populum
1557 2186 1618 2253 sibi
1634 2186 1821 2271 adiacentem

659 2302 693 2366 in
720 2305 844 2366 tantum
873 2301 1008 2385 exarsit,
1037 2302 1121 2387 quod
1148 2302 1266 2369 elamor
1294 2301 1482 2368 afflictorum
1504 2302 1630 2369 omnesd
1652 2302 1740 2369 orbis
1766 2304 1822 2368 iam

660 2532 823 2617 imperiale
838 2532 977 2598 tribunal
992 2532 1192 2618 querelarum
1207 2533 1317 2599 sedula
1330 2533 1541 2600 cumulatione
1553 2533 1707 2619 pulsabat
1735 2533 1823 2600 Gum-

660 2668 721 2732 que
748 2654 821 2734 post
846 2654 1024 2735 temporum
1051 2649 1147 2732 longa
1174 2650 1361 2715 interstitia·
1385 2650 1513 2716 monitis
1535 2649 1754 2735 imperialibus
1778 2668 1824 2715 ac·

661 2764 821 2847 quiescere
842 2763 972 2848 nollent,
996 2770 1029 2830 et
1050 2765 1251 2831 invictissimi
1273 2766 1391 2831 cesaris
1407 2785 1497 2831 arma
1511 2772 1584 2851 post
1598 2771 1723 2849 tergum
1739 2765 1823 2850 qnasi

660 2881 847 2967 proicerent,
870 2881 1068 2965 accirentque
1092 2880 1152 2945 sibi
1174 2900 1342 2964 regnorum
1366 2881 1506 2947 omnium
1529 2880 1690 2965 invidiam,
1714 2882 1823 2948 obmit-

661 2997 790 3063 tendum
817 3016 880 3062 non
908 3002 992 3079 erat,
1020 2997 1097 3080 quin
1119 2996 1259 3079 gladium
1281 2996 1479 3083 imperialem
1501 3032 1543 3043 -
1567 2997 1622 3080 qui
1645 2996 1685 3063 sd
1707 2998 1822 3063 vindic-

660 3118 727 3177 tam
754 3112 937 3195 gestabatur
964 3111 1217 3195 malefactorum,
1246 3112 1370 3178 laudern
1393 3132 1467 3179 vero
1490 3111 1643 3179 bonorum
1667 3148 1707 3159 -
1733 3132 1821 3200 expe

575 3242 643 3296 1158
660 3228 807 3293 urentur.
843 3227 942 3310 Igitur
964 3226 1149 3295 Frederious
1172 3228 1399 3294 invictissimus
1421 3227 1635 3294 Romanorum
1658 3229 1823 3315 imperator

662 3348 695 3409 ut
715 3363 840 3429 semper
862 3348 1024 3426 augustus,
1047 3344 1087 3409 ad
1112 3364 1201 3409 arma
1222 3344 1399 3430 preciliana,
1423 3350 1533 3411 contra
1548 3344 1820 3411 Mediolananeinrn

661 3460 865 3526 rebellionem
893 3464 1021 3525 acutum
1051 3460 1227 3526 vibrantem
1249 3460 1541 3545 inmoderatumque
1563 3459 1704 3543 gladium
1728 3460 1822 3525 Tbeu·

661 3576 837 3642 ionicorum
858 3576 1017 3660 totosque
1039 3576 1166 3661 imperii
1189 3576 1238 3641 sui
1268 3576 1442 3662 principer,
1476 3576 1510 3641 in
1540 3578 1681 3642 maxima
1703 3577 1820 3655 virtum,

662 3693 744 3759 sicut
770 3691 938 3757 multitudo
966 3691 1083 3757 harene
1106 3710 1166 3775 que
1189 3696 1238 3771 est
1259 3692 1292 3757 in
1315 3691 1421 3757 littore
1451 3688 1575 3775 maris¹,
1604 3694 1743 3759 virorum
1763 3693 1820 3757 ior·

661 3808 742 3875 dum
763 3813 795 3873 et
816 3812 1037 3894 pugnatorum,
1061 3806 1120 3873 sub
1134 3806 1308 3893 imperialis
1324 3806 1418 3873 edicti
1435 3807 1635 3893 expeditione
1651 3808 1818 3875 commorit

624 3944 627 3948 ’
751 3923 836 3989 Inter
858 3943 937 4007 quoe
957 3921 1170 3989 venerabilem
1192 3922 1383 3989 Arnoldum¹
1404 3922 1635 4007 Magantinum,
1660 3926 1741 3991 sicut
1760 3944 1818 3989 ma·

663 4039 782 4105 nimum
813 4038 1081 4124 sapientissimum
1110 4044 1142 4105 et
1163 4038 1354 4105 ditissimum
1376 4039 1473 4105 totius
1495 4040 1621 4126 imperii
1644 4040 1816 4128 principem,

663 4155 813 4221 evocarit
845 4154 918 4241 Ipse
939 4174 1013 4221 vero
1036 4153 1239 4238 Mogentiana
1261 4154 1412 4241 proinde⁸
1434 4156 1535 4223 multa
1555 4158 1708 4223 instantia
1728 4158 1817 4241 impe·

663 4270 773 4337 rialem
796 4272 985 4358 precabatur
1006 4270 1216 4353 clementiam,
1239 4276 1275 4337 ut
1296 4271 1326 4338 ei
1348 4272 1380 4337 in
1403 4272 1508 4355 gratia
1529 4294 1588 4339 sua
1601 4274 1686 4339 intra
1701 4270 1817 4358 proriu-

663 4387 744 4453 ciam
766 4386 919 4454 remorari
940 4386 1063 4469 liceret3
1087 4386 1180 4453 etatis
1203 4408 1259 4455 sue
1281 4386 1468 4455 exhaustum
1491 4388 1624 4472 senium,
1648 4393 1679 4454 et
1700 4386 1737 4453 ed
1757 4382 1816 4450 bel·

662 4502 759 4570 licum
786 4524 877 4569 usum
906 4504 1049 4589 ineptum
1078 4508 1111 4569 et
1132 4502 1282 4570 hactenus
1305 4502 1473 4590 multiplici
1494 4504 1601 4571 labore
1623 4504 1657 4569 in
1679 4498 1815 4585 obsequio

735 4704 756 4737 a.
776 4688 897 4737 exhibebat
912 4691 934 4736 1.
1022 4689 1045 4736 b.
1066 4690 1191 4737 inclinabat
1205 4691 1227 4737 1.
1313 4704 1333 4737 c.
1354 4690 1427 4737 xeniis
1443 4691 1466 4737 a.
1555 4690 1579 4736 d.
1599 4702 1675 4737 omnes
1689 4688 1813 4747 cathrin·

664 4772 764 4817 ommam
781 4774 802 4827 1,
818 4772 840 4815 2.
918 4783 938 4815 e.
958 4769 1095 4816 intristieiu
1111 4770 1132 4817 1.
1208 4769 1225 4817 t.
1244 4770 1370 4817 Amuldnm
1386 4771 1409 4817 1.
1485 4782 1507 4828 g.
1527 4768 1622 4829 perinde
1639 4772 1660 4827 1,
1675 4770 1695 4815 i.

735 4876 759 4929 1.
785 4874 819 4930 V.
837 4874 925 4942 Epist.
943 4874 1065 4943 liogunt
1078 4874 1114 4930 55
1131 4890 1214 4944 supra
1230 4890 1258 4943 p.
1271 4876 1332 4929 404.
1422 4875 1448 4929 2.
1472 4872 1572 4929 Genea.
1585 4874 1628 4945 22,
1641 4876 1664 4929 t.
