4342 6034
545 891 614 945 1024

498 966 551 1011 tuto
566 964 658 1011 little

543 1814 614 1869 1024

497 1889 550 1935 ante
565 1887 657 1934 mm

667 722 735 789 360
977 738 1164 787 nrmuonsn
1187 736 1415 785 moounnnrsn
1441 735 1478 781 aa.
1496 735 1526 781 aa
1595 695 1600 704 ¹

667 881 749 949 roris
771 879 911 947 tumultu
932 878 990 945 sod
1011 878 1163 946 orationis
1178 879 1307 947 obtentu
1322 842 1433 947 eontra
1447 876 1627 963 pulsantum
1642 895 1826 963 opponamus
1918 952 1919 955 Ἴ

667 996 876 1065 eommuniter
898 994 1055 1082 elypeum.

668 1206 730 1277 24.
753 1208 857 1275 Ariho
892 1210 1146 1296 archiepiscopus
1181 1208 1387 1293 Mopaatinao
1421 1205 1608 1293 Canopundi
1644 1208 1831 1293 imperatrici

754 1326 863 1390 aoridit
884 1327 923 1390 do
948 1328 1113 1390 interdicto
1137 1348 1157 1387 a
1175 1347 1268 1411 papo
1290 1324 1353 1389 eidi
1373 1324 1462 1389 illato
1487 1335 1515 1387 et
1537 1324 1576 1387 de
1598 1322 1763 1409 Piliprimi
1784 1346 1830 1386 ur·

754 1441 947 1527 ohiopiaoopi
967 1439 1161 1505 Colonionaio
1184 1426 1301 1503 honoro
1323 1451 1424 1504 aucto.
1461 1438 1577 1523 Kopai,
1602 1450 1678 1524 opat
1699 1450 1734 1503 ar
1753 1437 1830 1503 Pili-
1918 1462 1919 1529 ι

751 1559 874 1641 primae
904 1568 933 1621 ot
959 1554 1168 1621 Theodericuo
1184 1553 1227 1619 ΙΙ
1246 1557 1409 1641 epiecopuo
1432 1554 1593 1619 Metteraio
1621 1555 1742 1639 ayrodo
1765 1574 1833 1617 ouoe

754 1674 926 1737 imment&

754 1803 856 1871 Dirae
879 1803 1026 1869 dominae
1048 1823 1125 1869 suae
1140 1800 1325 1885 Gunegundi
1347 1801 1456 1869 divina
1471 1802 1658 1889 disponente
1672 1800 1834 1888 prudentia

664 1920 878 1987 Romanorum
905 1919 1102 2005 imperatrici
1132 1922 1284 2001 augustae
1308 1917 1449 2000 Abibo),
1480 1916 1541 1984 Dei
1566 1918 1670 2001 gratia
1692 1918 1834 2003 quioquid

666 2042 730 2120 est,
754 2034 868 2102 affeetu
890 2035 994 2101 cordis
1017 2034 1201 2100 avidissimo
1224 2032 1348 2099 debitae
1371 2034 1534 2100 servitutis
1557 2039 1589 2101 et
1612 2033 1765 2101 orationis
1788 2034 1834 2099 de
1918 2018 1919 2095 ἶ

665 2152 846 2219 votissimas
869 2149 1078 2217 exhibitiones
1100 2150 1134 2215 in
1157 2148 1293 2215 Christo.

753 2266 789 2333 ln
817 2266 930 2353 primis
953 2264 1115 2347 desidero,
1146 2264 1316 2331 karissima
1338 2264 1482 2349 domins,
1511 2270 1547 2331 nt
1569 2264 1674 2331 nullus
1697 2264 1763 2329 nisi
1783 2264 1835 2331 tibi

663 2382 831 2449 familiaris
861 2430 959 2447 .....
988 2380 1074 2464 legat
1102 2380 1195 2447 huius
1224 2380 1376 2467 epistolae
1405 2380 1510 2447 verba.
1547 2428 1665 2446 ......
1689 2380 1836 2447 seruitute

664 2498 724 2564 tibi
747 2496 882 2581 alligari,
905 2501 1022 2580 quanto
1046 2496 1115 2562 sino
1134 2495 1254 2579 gratiae
1272 2516 1348 2562 suae
1364 2495 1529 2561 dulcedine
1543 2495 1622 2561 nihil
1637 2494 1716 2561 mihi
1731 2496 1836 2561 iuonn·

666 2613 739 2679 dum
768 2617 875 2699 potest
902 2611 951 2677 vel
982 2610 1073 2679 dnloe
1099 2612 1209 2678 videri.
1245 2610 1342 2697 Nam,
1373 2632 1412 2678 ex
1436 2632 1497 2697 quo
1519 2610 1658 2698 primum
1680 2612 1836 2678 iuoundis·

666 2729 746 2795 simo
769 2728 891 2812 gratiae
913 2732 987 2794 tuae
1009 2748 1139 2795 munere
1156 2728 1290 2793 donatus
1306 2748 1387 2811 snm,
1410 2732 1475 2793 tam
1491 2726 1658 2815 multiplex
1672 2727 1748 2795 inde
1763 2728 1836 2795 mihi
1918 2754 1919 2809 3

665 2843 802 2911 fluxerat
829 2844 1045 2928 commodum,
1076 2850 1113 2911 nt
1141 2842 1237 2909 nullis
1260 2844 1362 2930 possit
1383 2843 1503 2909 divitiis
1525 2844 1760 2930 recompensari
1782 2862 1836 2909 noo
1918 2834 1919 2901 l

665 2960 884 3027 facundissimi
906 2960 1062 3026 sermonis
1078 2964 1192 3025 ornatu
1208 2958 1302 3041 digne
1315 2957 1450 3041 laudari,
1474 2964 1510 3027 nt
1533 3007 1606 3024 ....
1630 2958 1710 3025 nihil
1725 2959 1835 3025 exinde

666 3076 755 3161 mihi,
778 3076 862 3163 quod
884 3076 953 3141 sino
977 3081 1030 3141 tuo
1053 3075 1170 3141 iudioio
1193 3074 1284 3141 dulce
1306 3072 1466 3141 videretur
1481 3080 1514 3141 et
1527 3074 1656 3159 laetum,
1678 3074 1760 3141 nihil
1773 3081 1835 3141 tam

666 3192 859 3261 eontrarium
884 3190 933 3257 vel
955 3211 1114 3277 asperum,
1139 3190 1221 3275 quod
1244 3210 1307 3255 non
1332 3190 1530 3256 aestimarem
1554 3196 1610 3256 tua
1624 3190 1772 3257 clementi
1786 3190 1835 3257 be

666 3308 822 3391 nignitate
844 3312 961 3391 tuoque
983 3306 1115 3373 oonsilio
1137 3304 1304 3373 facillimeb
1328 3326 1478 3392 superare

757 3422 923 3489 Caeterum
947 3423 1100 3489 moeroris
1124 3424 1266 3489 anxietas
1289 3427 1427 3489 mentem
1450 3422 1528 3487 mihi
1547 3420 1668 3507 aliquot
1682 3422 1749 3489 dies
1764 3441 1835 3508 apo·

668 3537 789 3611 stoliois
816 3538 1026 3623 legationibus
1055 3537 1211 3619 turbavit3
1241 3538 1297 3604 sed
1325 3538 1536 3603 eonscientiae
1557 3537 1729 3605 oonsolatio
1752 3543 1834 3603 trau-

668 3654 799 3741 quillam
823 3654 909 3721 fauit
929 3653 1073 3737 ldoirco,
1097 3653 1266 3721 karissima
1281 3654 1418 3737 domina,
1442 3652 1626 3721 abscondita
1640 3659 1690 3721 est
1704 3660 1769 3719 tam
1783 3653 1835 3719 diu

667 3771 781 3858 pietati
803 3775 893 3854 tuae,
916 3771 991 3855 quia
1013 3770 1154 3856 speravi:
1182 3768 1281 3853 illam,
1305 3774 1474 3854 antequam
1497 3769 1537 3835 ad
1561 3789 1652 3835 aures
1675 3774 1745 3835 tuas
1766 3788 1835 3855 por-

667 3887 801 3971 veniret,
824 3885 1022 3971 aliquatenus
1045 3905 1138 3971 posse
1160 3884 1263 3953 leniri.
1298 3884 1370 3951 Non
1388 3885 1471 3951 enim
1487 3886 1597 3969 ignoro
1612 3884 1834 3972 compassionis

668 4009 743 4069 tuae
769 4001 948 4069 mirandum
975 4022 1012 4068 ao
1033 4000 1224 4069 laudabilem
1248 3999 1410 4085 allodtum,
1439 4022 1530 4087 quem
1555 4000 1653 4067 solius
1675 4001 1736 4068 Dei
1757 4000 1833 4067 dono

668 4118 726 4185 tibi
749 4118 815 4184 soio
837 4136 1035 4199 conoessum3
1059 4118 1193 4203 ideoque
1215 4116 1300 4183 solus
1324 4116 1440 4183 doloris
1463 4116 1549 4183 volui
1571 4117 1701 4184 aalioem
1722 4117 1832 4197 bibero,

668 4252 710 4299 ne
742 4254 832 4299 mens
864 4239 920 4299 tua
948 4234 1129 4300 turbaretur
1157 4233 1383 4319 compassionis
1411 4253 1544 4299 merore.
1584 4232 1646 4299 Sed
1675 4234 1831 4318 quianon

669 4354 775 4437 potest
796 4350 857 4416 iste
878 4350 1033 4434 mansne,
1054 4350 1118 4415 nisi
1141 4354 1176 4414 tu
1198 4348 1287 4415 bibas
1310 4346 1440 4435 paulum
1463 4348 1547 4433 inde,
1570 4348 1640 4415 fao.
1655 4398 1684 4414 ..
1708 4346 1831 4416 confido.

670 4464 751 4545 Quid
782 4466 923 4531 iaoturus
957 4465 1034 4548 sim,
1068 4464 1101 4530 in
1137 4464 1271 4551 epistola
1303 4470 1360 4531 tua
1389 4464 1568 4548 rescribito,
1603 4464 1752 4549 quoniam
1779 4461 1833 4529 erit

741 4692 763 4725 ι.
783 4696 812 4724 a
832 4678 912 4724 coitu
932 4694 974 4725 m.
989 4678 1161 4723 marceo
1181 4680 1262 4724 nortia
1284 4678 1309 4725 S·
1325 4680 1388 4724 Prot
1406 4678 1530 4734 Erfurdiu
1551 4678 1671 4736 &scripsit
1687 4678 1830 4726 semus,

669 4758 743 4805 duta
762 4758 893 4806 laadan
915 4758 1020 4805 Concilio
1039 4760 1174 4804 Gnosia
1189 4760 1227 4805 111
1241 4758 1284 4813 62,
1306 4758 1392 4817 repetiit
1412 4758 1551 4805 Gitodraechl
1570 4758 1650 4807 onst.
1667 4758 1707 4803 der
1723 4754 1830 4805 &aaron

668 4840 797 4890 &irascit
812 4836 859 4897 (ed.
874 4835 950 4895 utria)
966 4840 992 4884 11
1005 4837 1060 4888 6⁷1·
1137 4836 1160 4887 b·
1180 4836 1278 4885 hellino
1293 4838 1330 4885 ed.
