<?xml version="1.0" encoding="UTF-8"?>
<!DOCTYPE html PUBLIC "-//W3C//DTD XHTML 1.0 Transitional//EN"
    "http://www.w3.org/TR/xhtml1/DTD/xhtml1-transitional.dtd">
<html xmlns="http://www.w3.org/1999/xhtml" xml:lang="en" lang="en">
 <head>
  <title>
</title>
<meta http-equiv="Content-Type" content="text/html;charset=utf-8" />
  <meta name='ocr-system' content='tesseract 3.04.00' />
  <meta name='ocr-capabilities' content='ocr_page ocr_carea ocr_par ocr_line ocrx_word'/>
</head>
<body>
  <div class='ocr_page' id='page_1' title='image "./monumentamogunt00lulgoog/monumentamogunt00lulgoog_0348.png"; bbox 0 0 4342 6034; ppageno 0'>
   <div class='ocr_carea' id='block_1_1' title="bbox 670 756 1500 825">
    <p class='ocr_par' dir='ltr' id='par_1_1' title="bbox 670 756 1500 825">
     <span class='ocr_line' id='line_1_1' title="bbox 670 756 1500 825; baseline 0.001 -1"><span class='ocrx_word' id='word_1_1' title='bbox 670 756 738 824; x_wconf 80' lang='grc'><strong>330</strong></span> <span class='ocrx_word' id='word_1_2' title='bbox 1009 774 1196 825; x_wconf 73' lang='lat' dir='ltr'><strong>musonis</strong></span> <span class='ocrx_word' id='word_1_3' title='bbox 1218 774 1446 825; x_wconf 77' lang='lat' dir='ltr'><strong>noeununrsn</strong></span> <span class='ocrx_word' id='word_1_4' title='bbox 1469 774 1500 825; x_wconf 88' lang='lat' dir='ltr'><strong>ro</strong></span> 
     </span>
    </p>
   </div>
   <div class='ocr_carea' id='block_1_2' title="bbox 560 915 1916 4951">
    <p class='ocr_par' dir='ltr' id='par_1_2' title="bbox 560 915 1916 1467">
     <span class='ocr_line' id='line_1_2' title="bbox 560 915 1916 1005; baseline 0.004 -25"><span class='ocrx_word' id='word_1_5' title='bbox 560 940 587 980; x_wconf 70' lang='lat' dir='ltr'><strong>a</strong></span> <span class='ocrx_word' id='word_1_6' title='bbox 599 924 653 981; x_wconf 75' lang='lat'><strong>866</strong></span> <span class='ocrx_word' id='word_1_7' title='bbox 668 938 731 1002; x_wconf 82' lang='lat' dir='ltr'><strong>que</strong></span> <span class='ocrx_word' id='word_1_8' title='bbox 754 936 904 983; x_wconf 88' lang='lat' dir='ltr'><strong>sensnum</strong></span> <span class='ocrx_word' id='word_1_9' title='bbox 925 915 1185 1002; x_wconf 66' lang='lat' dir='ltr'><strong>inaequalitatem</strong></span> <span class='ocrx_word' id='word_1_10' title='bbox 1208 922 1314 1003; x_wconf 88' lang='lat' dir='ltr'><strong>ornat,</strong></span> <span class='ocrx_word' id='word_1_11' title='bbox 1338 923 1372 985; x_wconf 88' lang='lat' dir='ltr'><strong>et</strong></span> <span class='ocrx_word' id='word_1_12' title='bbox 1393 916 1552 1005; x_wconf 86' lang='lat' dir='ltr'><strong>superflua</strong></span> <span class='ocrx_word' id='word_1_13' title='bbox 1572 918 1608 985; x_wconf 90' lang='lat' dir='ltr'><strong>in</strong></span> <span class='ocrx_word' id='word_1_14' title='bbox 1628 918 1720 986; x_wconf 90' lang='lat' dir='ltr'><strong>nobis</strong></span> <span class='ocrx_word' id='word_1_15' title='bbox 1742 938 1826 1003; x_wconf 84' lang='lat' dir='ltr'><strong>qnae·</strong></span> <span class='ocrx_word' id='word_1_16' title='bbox 1915 952 1916 961; x_wconf 46' lang='grc' dir='ltr'>ι</span> 
     </span>
     <span class='ocr_line' id='line_1_3' title="bbox 670 1031 1916 1125; baseline 0 -26"><span class='ocrx_word' id='word_1_17' title='bbox 670 1053 731 1119; x_wconf 89' lang='lat' dir='ltr'><strong>que</strong></span> <span class='ocrx_word' id='word_1_18' title='bbox 758 1053 822 1099; x_wconf 93' lang='lat' dir='ltr'><strong>non</strong></span> <span class='ocrx_word' id='word_1_19' title='bbox 850 1031 951 1099; x_wconf 91' lang='lat' dir='ltr'><strong>solum</strong></span> <span class='ocrx_word' id='word_1_20' title='bbox 981 1038 1108 1099; x_wconf 89' lang='lat' dir='ltr'><strong>actuum</strong></span> <span class='ocrx_word' id='word_1_21' title='bbox 1136 1054 1244 1101; x_wconf 85' lang='lat' dir='ltr'><strong>verum</strong></span> <span class='ocrx_word' id='word_1_22' title='bbox 1277 1032 1373 1100; x_wconf 88' lang='lat' dir='ltr'><strong>etiam</strong></span> <span class='ocrx_word' id='word_1_23' title='bbox 1402 1034 1627 1119; x_wconf 74' lang='lat' dir='ltr'><strong>cogitationum</strong></span> <span class='ocrx_word' id='word_1_24' title='bbox 1655 1038 1781 1101; x_wconf 83' lang='lat' dir='ltr'><strong>vertunt</strong></span> <span class='ocrx_word' id='word_1_25' title='bbox 1799 1035 1827 1099; x_wconf 91' lang='lat' dir='ltr'><strong>in</strong></span> <span class='ocrx_word' id='word_1_26' title='bbox 1915 1110 1916 1125; x_wconf 12' lang='grc' dir='ltr'>χ</span> 
     </span>
     <span class='ocr_line' id='line_1_4' title="bbox 669 1147 1828 1235; baseline 0.002 -19"><span class='ocrx_word' id='word_1_27' title='bbox 669 1149 878 1216; x_wconf 83' lang='lat' dir='ltr'><strong>elevationem</strong></span> <span class='ocrx_word' id='word_1_28' title='bbox 906 1147 1099 1216; x_wconf 87' lang='lat' dir='ltr'><strong>caelestium.</strong></span> <span class='ocrx_word' id='word_1_29' title='bbox 1145 1148 1299 1235; x_wconf 81' lang='lat' dir='ltr'><strong>Quicquid</strong></span> <span class='ocrx_word' id='word_1_30' title='bbox 1326 1150 1396 1216; x_wconf 87' lang='lat' dir='ltr'><strong>risu</strong></span> <span class='ocrx_word' id='word_1_31' title='bbox 1419 1148 1535 1217; x_wconf 87' lang='lat' dir='ltr'><strong>olfactu</strong></span> <span class='ocrx_word' id='word_1_32' title='bbox 1556 1155 1645 1217; x_wconf 85' lang='lat' dir='ltr'><strong>tactu</strong></span> <span class='ocrx_word' id='word_1_33' title='bbox 1666 1154 1760 1235; x_wconf 76' lang='lat' dir='ltr'><strong>gustu</strong></span> <span class='ocrx_word' id='word_1_34' title='bbox 1780 1170 1828 1217; x_wconf 89' lang='lat' dir='ltr'><strong>au·</strong></span> 
     </span>
     <span class='ocr_line' id='line_1_5' title="bbox 668 1264 1829 1363; baseline 0.001 -33"><span class='ocrx_word' id='word_1_35' title='bbox 668 1265 800 1349; x_wconf 91' lang='lat' dir='ltr'><strong>dituque</strong></span> <span class='ocrx_word' id='word_1_36' title='bbox 822 1264 1042 1349; x_wconf 74' lang='lat' dir='ltr'><strong>delinquimus,</strong></span> <span class='ocrx_word' id='word_1_37' title='bbox 1065 1266 1100 1331; x_wconf 91' lang='lat' dir='ltr'><strong>in</strong></span> <span class='ocrx_word' id='word_1_38' title='bbox 1123 1284 1231 1331; x_wconf 91' lang='lat' dir='ltr'><strong>eornm</strong></span> <span class='ocrx_word' id='word_1_39' title='bbox 1252 1264 1396 1332; x_wconf 89' lang='lat' dir='ltr'><strong>lectionis</strong></span> <span class='ocrx_word' id='word_1_40' title='bbox 1417 1266 1571 1333; x_wconf 89' lang='lat' dir='ltr'><strong>memoria</strong></span> <span class='ocrx_word' id='word_1_41' title='bbox 1584 1266 1774 1363; x_wconf 83' lang='lat' dir='ltr'><strong>pravitatem</strong></span> <span class='ocrx_word' id='word_1_42' title='bbox 1786 1265 1829 1351; x_wconf 82' lang='lat' dir='ltr'><strong>ip</strong></span> 
     </span>
     <span class='ocr_line' id='line_1_6' title="bbox 669 1379 1831 1467; baseline 0.001 -20"><span class='ocrx_word' id='word_1_43' title='bbox 669 1401 739 1447; x_wconf 87' lang='lat' dir='ltr'><strong>sam</strong></span> <span class='ocrx_word' id='word_1_44' title='bbox 766 1400 946 1467; x_wconf 79' lang='lat' dir='ltr'><strong>purgamus.</strong></span> <span class='ocrx_word' id='word_1_45' title='bbox 983 1379 1078 1447; x_wconf 83' lang='lat' dir='ltr'><strong>Visus</strong></span> <span class='ocrx_word' id='word_1_46' title='bbox 1102 1380 1286 1447; x_wconf 73' lang='lat' dir='ltr'><strong>obscuretur</strong></span> <span class='ocrx_word' id='word_1_47' title='bbox 1306 1380 1444 1465; x_wconf 88' lang='lat' dir='ltr'><strong>inutilis,</strong></span> <span class='ocrx_word' id='word_1_48' title='bbox 1473 1380 1679 1449; x_wconf 87' lang='lat' dir='ltr'><strong>inluminatus</strong></span> <span class='ocrx_word' id='word_1_49' title='bbox 1702 1400 1831 1465; x_wconf 77' lang='lat' dir='ltr'><strong>euange-</strong></span> 
     </span>
    </p>

    <p class='ocr_par' dir='ltr' id='par_1_3' title="bbox 637 1496 1916 1939">
     <span class='ocr_line' id='line_1_7' title="bbox 637 1496 1916 1582; baseline -0.002 -18"><span class='ocrx_word' id='word_1_50' title='bbox 637 1557 640 1564; x_wconf 93' lang='lat'>.</span> <span class='ocrx_word' id='word_1_51' title='bbox 669 1496 739 1563; x_wconf 89' lang='lat' dir='ltr'><strong>licis</strong></span> <span class='ocrx_word' id='word_1_52' title='bbox 772 1497 891 1579; x_wconf 82' lang='lat' dir='ltr'><strong>verbis3</strong></span> <span class='ocrx_word' id='word_1_53' title='bbox 927 1496 1053 1562; x_wconf 90' lang='lat' dir='ltr'><strong>auditus</strong></span> <span class='ocrx_word' id='word_1_54' title='bbox 1087 1516 1204 1582; x_wconf 85' lang='lat' dir='ltr'><strong>pravus</strong></span> <span class='ocrx_word' id='word_1_55' title='bbox 1238 1516 1302 1563; x_wconf 93' lang='lat' dir='ltr'><strong>non</strong></span> <span class='ocrx_word' id='word_1_56' title='bbox 1339 1497 1381 1563; x_wconf 91' lang='lat' dir='ltr'><strong>sit</strong></span> <span class='ocrx_word' id='word_1_57' title='bbox 1414 1496 1501 1564; x_wconf 90' lang='lat' dir='ltr'><strong>cordi</strong></span> <span class='ocrx_word' id='word_1_58' title='bbox 1529 1502 1638 1565; x_wconf 86' lang='lat' dir='ltr'><strong>nostro</strong></span> <span class='ocrx_word' id='word_1_59' title='bbox 1667 1496 1831 1578; x_wconf 62' lang='lat' dir='ltr'><strong>obnoxium</strong></span> <span class='ocrx_word' id='word_1_60' title='bbox 1915 1524 1916 1561; x_wconf 69' lang='grc' dir='ltr'>ι</span> 
     </span>
     <span class='ocr_line' id='line_1_8' title="bbox 670 1612 1832 1699; baseline 0 -20"><span class='ocrx_word' id='word_1_61' title='bbox 670 1612 802 1679; x_wconf 80' lang='lat' dir='ltr'><strong>olfactm</strong></span> <span class='ocrx_word' id='word_1_62' title='bbox 826 1616 859 1679; x_wconf 87' lang='lat' dir='ltr'><strong>et</strong></span> <span class='ocrx_word' id='word_1_63' title='bbox 880 1618 991 1697; x_wconf 76' lang='lat' dir='ltr'><strong>gustus</strong></span> <span class='ocrx_word' id='word_1_64' title='bbox 1014 1632 1083 1679; x_wconf 90' lang='lat' dir='ltr'><strong>sess</strong></span> <span class='ocrx_word' id='word_1_65' title='bbox 1106 1632 1125 1679; x_wconf 91' lang='lat' dir='ltr'><strong>a</strong></span> <span class='ocrx_word' id='word_1_66' title='bbox 1146 1612 1303 1699; x_wconf 84' lang='lat' dir='ltr'><strong>pravitate</strong></span> <span class='ocrx_word' id='word_1_67' title='bbox 1326 1614 1544 1697; x_wconf 78' lang='lat' dir='ltr'><strong>constringant</strong></span> <span class='ocrx_word' id='word_1_68' title='bbox 1566 1612 1749 1699; x_wconf 80' lang='lat' dir='ltr'><strong>Christique</strong></span> <span class='ocrx_word' id='word_1_69' title='bbox 1770 1612 1832 1679; x_wconf 92' lang='lat' dir='ltr'><strong>dnl-</strong></span> 
     </span>
     <span class='ocr_line' id='line_1_9' title="bbox 669 1727 1916 1815; baseline 0.006 -20"><span class='ocrx_word' id='word_1_70' title='bbox 669 1728 778 1795; x_wconf 84' lang='lat' dir='ltr'><strong>cedine</strong></span> <span class='ocrx_word' id='word_1_71' title='bbox 806 1729 953 1813; x_wconf 77' lang='lat' dir='ltr'><strong>iungant3</strong></span> <span class='ocrx_word' id='word_1_72' title='bbox 989 1728 1156 1814; x_wconf 87' lang='lat' dir='ltr'><strong>cordisque</strong></span> <span class='ocrx_word' id='word_1_73' title='bbox 1191 1728 1375 1815; x_wconf 85' lang='lat' dir='ltr'><strong>praecordia</strong></span> <span class='ocrx_word' id='word_1_74' title='bbox 1407 1727 1558 1796; x_wconf 87' lang='lat' dir='ltr'><strong>lectiones</strong></span> <span class='ocrx_word' id='word_1_75' title='bbox 1587 1729 1644 1797; x_wconf 86' lang='lat' dir='ltr'><strong>has</strong></span> <span class='ocrx_word' id='word_1_76' title='bbox 1673 1728 1832 1797; x_wconf 80' lang='lat' dir='ltr'><strong>Theotisca</strong></span> <span class='ocrx_word' id='word_1_77' title='bbox 1915 1766 1916 1803; x_wconf 77' lang='grc' dir='ltr'><strong>ι</strong></span> 
     </span>
     <span class='ocr_line' id='line_1_10' title="bbox 669 1844 1916 1939; baseline -0.001 -28"><span class='ocrx_word' id='word_1_78' title='bbox 669 1844 863 1931; x_wconf 89' lang='lat' dir='ltr'><strong>conscriptas</strong></span> <span class='ocrx_word' id='word_1_79' title='bbox 885 1864 1009 1931; x_wconf 84' lang='lat' dir='ltr'><strong>semper</strong></span> <span class='ocrx_word' id='word_1_80' title='bbox 1030 1844 1184 1911; x_wconf 88' lang='lat' dir='ltr'><strong>memoria</strong></span> <span class='ocrx_word' id='word_1_81' title='bbox 1206 1848 1345 1928; x_wconf 74' lang='lat' dir='ltr'><strong>tangent.</strong></span> <span class='ocrx_word' id='word_1_82' title='bbox 1915 1914 1916 1939; x_wconf 15' lang='grc' dir='ltr'>χ</span> 
     </span>
    </p>

    <p class='ocr_par' dir='ltr' id='par_1_4' title="bbox 666 1959 1916 4253">
     <span class='ocr_line' id='line_1_11' title="bbox 757 1959 1833 2049; baseline 0.001 -23"><span class='ocrx_word' id='word_1_83' title='bbox 757 1960 858 2027; x_wconf 82' lang='grc' dir='ltr'>Ηιιίιιιι</span> <span class='ocrx_word' id='word_1_84' title='bbox 882 1960 966 2027; x_wconf 91' lang='lat' dir='ltr'><strong>enim</strong></span> <span class='ocrx_word' id='word_1_85' title='bbox 988 1960 1114 2045; x_wconf 75' lang='lat' dir='ltr'><strong>lingone</strong></span> <span class='ocrx_word' id='word_1_86' title='bbox 1137 1959 1314 2045; x_wconf 88' lang='lat' dir='ltr'><strong>barbaries,</strong></span> <span class='ocrx_word' id='word_1_87' title='bbox 1339 1964 1374 2027; x_wconf 90' lang='lat' dir='ltr'><strong>nt</strong></span> <span class='ocrx_word' id='word_1_88' title='bbox 1397 1964 1446 2027; x_wconf 92' lang='lat' dir='ltr'><strong>est</strong></span> <span class='ocrx_word' id='word_1_89' title='bbox 1467 1959 1587 2027; x_wconf 89' lang='lat' dir='ltr'><strong>inculta</strong></span> <span class='ocrx_word' id='word_1_90' title='bbox 1608 1966 1641 2029; x_wconf 90' lang='lat' dir='ltr'><strong>et</strong></span> <span class='ocrx_word' id='word_1_91' title='bbox 1662 1960 1833 2049; x_wconf 82' lang='lat' dir='ltr'><strong>indiscipli-</strong></span> 
     </span>
     <span class='ocr_line' id='line_1_12' title="bbox 668 2075 1833 2163; baseline 0.002 -20"><span class='ocrx_word' id='word_1_92' title='bbox 668 2076 783 2143; x_wconf 91' lang='lat' dir='ltr'><strong>nabilis</strong></span> <span class='ocrx_word' id='word_1_93' title='bbox 807 2082 900 2162; x_wconf 90' lang='lat' dir='ltr'><strong>atque</strong></span> <span class='ocrx_word' id='word_1_94' title='bbox 922 2077 1047 2142; x_wconf 88' lang='lat' dir='ltr'><strong>insueta</strong></span> <span class='ocrx_word' id='word_1_95' title='bbox 1067 2076 1140 2163; x_wconf 89' lang='lat' dir='ltr'><strong>capi</strong></span> <span class='ocrx_word' id='word_1_96' title='bbox 1161 2076 1300 2160; x_wconf 81' lang='lat' dir='ltr'><strong>regulari</strong></span> <span class='ocrx_word' id='word_1_97' title='bbox 1322 2075 1411 2143; x_wconf 82' lang='lat' dir='ltr'><strong>frenc</strong></span> <span class='ocrx_word' id='word_1_98' title='bbox 1433 2078 1658 2161; x_wconf 78' lang='lat' dir='ltr'><strong>grammaticae</strong></span> <span class='ocrx_word' id='word_1_99' title='bbox 1681 2079 1771 2163; x_wconf 86' lang='lat' dir='ltr'><strong>artis,</strong></span> <span class='ocrx_word' id='word_1_100' title='bbox 1793 2078 1833 2145; x_wconf 87' lang='lat' dir='ltr'><strong>sic</strong></span> 
     </span>
     <span class='ocr_line' id='line_1_13' title="bbox 669 2191 1833 2280; baseline 0.001 -20"><span class='ocrx_word' id='word_1_101' title='bbox 669 2194 766 2260; x_wconf 86' lang='lat' dir='ltr'><strong>etiam</strong></span> <span class='ocrx_word' id='word_1_102' title='bbox 794 2193 829 2257; x_wconf 92' lang='lat' dir='ltr'><strong>in</strong></span> <span class='ocrx_word' id='word_1_103' title='bbox 851 2191 959 2259; x_wconf 82' lang='lat' dir='ltr'><strong>multis</strong></span> <span class='ocrx_word' id='word_1_104' title='bbox 982 2192 1075 2259; x_wconf 86' lang='lat' dir='ltr'><strong>dictis</strong></span> <span class='ocrx_word' id='word_1_105' title='bbox 1097 2192 1214 2279; x_wconf 90' lang='lat' dir='ltr'><strong>scripto</strong></span> <span class='ocrx_word' id='word_1_106' title='bbox 1238 2198 1286 2259; x_wconf 87' lang='lat' dir='ltr'><strong>est</strong></span> <span class='ocrx_word' id='word_1_107' title='bbox 1308 2198 1439 2280; x_wconf 88' lang='lat' dir='ltr'><strong>propter</strong></span> <span class='ocrx_word' id='word_1_108' title='bbox 1460 2192 1624 2261; x_wconf 89' lang='lat' dir='ltr'><strong>literarum</strong></span> <span class='ocrx_word' id='word_1_109' title='bbox 1647 2198 1703 2261; x_wconf 93' lang='lat' dir='ltr'><strong>aut</strong></span> <span class='ocrx_word' id='word_1_110' title='bbox 1727 2212 1833 2278; x_wconf 80' lang='lat' dir='ltr'><strong>conge</strong></span> 
     </span>
     <span class='ocr_line' id='line_1_14' title="bbox 669 2306 1833 2393; baseline 0.002 -18"><span class='ocrx_word' id='word_1_111' title='bbox 669 2310 749 2375; x_wconf 88' lang='lat' dir='ltr'><strong>riam</strong></span> <span class='ocrx_word' id='word_1_112' title='bbox 772 2313 828 2375; x_wconf 92' lang='lat' dir='ltr'><strong>ant</strong></span> <span class='ocrx_word' id='word_1_113' title='bbox 848 2309 1041 2393; x_wconf 78' lang='lat' dir='ltr'><strong>incognitam</strong></span> <span class='ocrx_word' id='word_1_114' title='bbox 1068 2308 1274 2375; x_wconf 85' lang='lat' dir='ltr'><strong>sonoritatem</strong></span> <span class='ocrx_word' id='word_1_115' title='bbox 1297 2306 1443 2376; x_wconf 88' lang='lat' dir='ltr'><strong>difficilis.</strong></span> <span class='ocrx_word' id='word_1_116' title='bbox 1490 2308 1572 2377; x_wconf 88' lang='lat' dir='ltr'><strong>Nam</strong></span> <span class='ocrx_word' id='word_1_117' title='bbox 1593 2310 1757 2377; x_wconf 88' lang='lat' dir='ltr'><strong>interdum</strong></span> <span class='ocrx_word' id='word_1_118' title='bbox 1777 2310 1833 2377; x_wconf 87' lang='lat' dir='ltr'><strong>tria</strong></span> 
     </span>
     <span class='ocr_line' id='line_1_15' title="bbox 667 2423 1916 2511; baseline -0.001 -19"><span class='ocrx_word' id='word_1_119' title='bbox 667 2450 691 2492; x_wconf 87' lang='grc' dir='ltr'><strong>ιι</strong></span> <span class='ocrx_word' id='word_1_120' title='bbox 712 2451 736 2493; x_wconf 80' lang='lat' dir='ltr'><strong>a</strong></span> <span class='ocrx_word' id='word_1_121' title='bbox 757 2450 796 2506; x_wconf 85' lang='grc' dir='ltr'><strong>ιι,</strong></span> <span class='ocrx_word' id='word_1_122' title='bbox 825 2430 861 2491; x_wconf 90' lang='grc' dir='ltr'><strong>ιι</strong></span> <span class='ocrx_word' id='word_1_123' title='bbox 882 2430 975 2511; x_wconf 90' lang='lat' dir='ltr'><strong>puto,</strong></span> <span class='ocrx_word' id='word_1_124' title='bbox 1006 2424 1129 2509; x_wconf 85' lang='lat' dir='ltr'><strong>quaerit</strong></span> <span class='ocrx_word' id='word_1_125' title='bbox 1150 2423 1186 2489; x_wconf 94' lang='lat' dir='ltr'><strong>in</strong></span> <span class='ocrx_word' id='word_1_126' title='bbox 1207 2442 1302 2508; x_wconf 87' lang='lat' dir='ltr'><strong>sono,</strong></span> <span class='ocrx_word' id='word_1_127' title='bbox 1325 2425 1447 2511; x_wconf 86' lang='lat' dir='ltr'><strong>priores</strong></span> <span class='ocrx_word' id='word_1_128' title='bbox 1470 2425 1531 2491; x_wconf 92' lang='lat' dir='ltr'><strong>duo</strong></span> <span class='ocrx_word' id='word_1_129' title='bbox 1554 2430 1782 2511; x_wconf 77' lang='lat' dir='ltr'><strong>consonantes,</strong></span> <span class='ocrx_word' id='word_1_130' title='bbox 1803 2431 1834 2491; x_wconf 92' lang='lat' dir='ltr'><strong>ut</strong></span> <span class='ocrx_word' id='word_1_131' title='bbox 1915 2436 1916 2441; x_wconf 76' lang='grc'>’</span> 
     </span>
     <span class='ocr_line' id='line_1_16' title="bbox 668 2528 1916 2624; baseline 0.002 -17"><span class='ocrx_word' id='word_1_132' title='bbox 668 2540 747 2607; x_wconf 84' lang='lat' dir='ltr'><strong>milri</strong></span> <span class='ocrx_word' id='word_1_133' title='bbox 775 2540 914 2624; x_wconf 84' lang='lat' dir='ltr'><strong>ridetur,</strong></span> <span class='ocrx_word' id='word_1_134' title='bbox 944 2539 1073 2606; x_wconf 86' lang='lat' dir='ltr'><strong>tertium</strong></span> <span class='ocrx_word' id='word_1_135' title='bbox 1101 2539 1203 2606; x_wconf 88' lang='lat' dir='ltr'><strong>vocali</strong></span> <span class='ocrx_word' id='word_1_136' title='bbox 1232 2560 1308 2607; x_wconf 89' lang='lat' dir='ltr'><strong>sono</strong></span> <span class='ocrx_word' id='word_1_137' title='bbox 1332 2546 1488 2609; x_wconf 88' lang='lat' dir='ltr'><strong>manente.</strong></span> <span class='ocrx_word' id='word_1_138' title='bbox 1578 2540 1743 2609; x_wconf 76' lang='lat' dir='ltr'><strong>Interdum</strong></span> <span class='ocrx_word' id='word_1_139' title='bbox 1765 2562 1833 2609; x_wconf 82' lang='lat' dir='ltr'><strong>uero</strong></span> <span class='ocrx_word' id='word_1_140' title='bbox 1915 2528 1916 2567; x_wconf 74' lang='lat'><em>³</em></span> 
     </span>
     <span class='ocr_line' id='line_1_17' title="bbox 667 2656 1833 2746; baseline 0.004 -25"><span class='ocrx_word' id='word_1_141' title='bbox 667 2670 726 2723; x_wconf 86' lang='lat' dir='ltr'><strong>nse</strong></span> <span class='ocrx_word' id='word_1_142' title='bbox 753 2683 790 2738; x_wconf 86' lang='lat' dir='ltr'><strong>a,</strong></span> <span class='ocrx_word' id='word_1_143' title='bbox 820 2671 879 2723; x_wconf 84' lang='lat' dir='ltr'><strong>nec</strong></span> <span class='ocrx_word' id='word_1_144' title='bbox 901 2679 932 2737; x_wconf 84' lang='lat' dir='ltr'><strong>e,</strong></span> <span class='ocrx_word' id='word_1_145' title='bbox 961 2674 1020 2722; x_wconf 88' lang='lat' dir='ltr'><strong>nec</strong></span> <span class='ocrx_word' id='word_1_146' title='bbox 1040 2660 1072 2737; x_wconf 85' lang='grc' dir='ltr'>ι’,</span> <span class='ocrx_word' id='word_1_147' title='bbox 1102 2675 1160 2722; x_wconf 89' lang='lat' dir='ltr'><strong>nec</strong></span> <span class='ocrx_word' id='word_1_148' title='bbox 1181 2656 1381 2723; x_wconf 77' lang='lat' dir='ltr'><strong>ennodium</strong></span> <span class='ocrx_word' id='word_1_149' title='bbox 1405 2676 1497 2724; x_wconf 92' lang='lat' dir='ltr'><strong>sonos</strong></span> <span class='ocrx_word' id='word_1_150' title='bbox 1520 2678 1709 2745; x_wconf 85' lang='lat' dir='ltr'><strong>praecavere</strong></span> <span class='ocrx_word' id='word_1_151' title='bbox 1733 2658 1833 2746; x_wconf 90' lang='lat' dir='ltr'><strong>potui;</strong></span> 
     </span>
     <span class='ocr_line' id='line_1_18' title="bbox 666 2760 1916 2860; baseline 0.002 -21"><span class='ocrx_word' id='word_1_152' title='bbox 666 2772 713 2839; x_wconf 87' lang='lat' dir='ltr'><strong>ibi</strong></span> <span class='ocrx_word' id='word_1_153' title='bbox 733 2797 756 2860; x_wconf 76' lang='lat' dir='ltr'><strong><em>y</em></strong></span> <span class='ocrx_word' id='word_1_154' title='bbox 774 2770 909 2839; x_wconf 90' lang='lat' dir='ltr'><strong>Grecum</strong></span> <span class='ocrx_word' id='word_1_155' title='bbox 931 2771 1010 2837; x_wconf 89' lang='lat' dir='ltr'><strong>mihi</strong></span> <span class='ocrx_word' id='word_1_156' title='bbox 1032 2771 1199 2839; x_wconf 83' lang='lat' dir='ltr'><strong>ridebatur</strong></span> <span class='ocrx_word' id='word_1_157' title='bbox 1221 2772 1346 2840; x_wconf 86' lang='lat' dir='ltr'><strong>ascribi.</strong></span> <span class='ocrx_word' id='word_1_158' title='bbox 1381 2772 1424 2839; x_wconf 89' lang='lat' dir='ltr'><strong>Et</strong></span> <span class='ocrx_word' id='word_1_159' title='bbox 1446 2773 1542 2841; x_wconf 90' lang='lat' dir='ltr'><strong>etiam</strong></span> <span class='ocrx_word' id='word_1_160' title='bbox 1564 2772 1624 2841; x_wconf 91' lang='lat' dir='ltr'><strong>hoc</strong></span> <span class='ocrx_word' id='word_1_161' title='bbox 1646 2774 1833 2843; x_wconf 87' lang='lat' dir='ltr'><strong>elementum</strong></span> <span class='ocrx_word' id='word_1_162' title='bbox 1915 2760 1916 2773; x_wconf 44' lang='lat'>¹</span> 
     </span>
     <span class='ocr_line' id='line_1_19' title="bbox 668 2887 1833 2976; baseline 0.002 -21"><span class='ocrx_word' id='word_1_163' title='bbox 668 2887 776 2972; x_wconf 73' lang='lat' dir='ltr'><strong>linqua</strong></span> <span class='ocrx_word' id='word_1_164' title='bbox 797 2888 876 2955; x_wconf 86' lang='lat' dir='ltr'><strong>haec</strong></span> <span class='ocrx_word' id='word_1_165' title='bbox 896 2888 1053 2955; x_wconf 83' lang='lat' dir='ltr'><strong>horrescit</strong></span> <span class='ocrx_word' id='word_1_166' title='bbox 1073 2888 1243 2972; x_wconf 90' lang='lat' dir='ltr'><strong>interdum,</strong></span> <span class='ocrx_word' id='word_1_167' title='bbox 1266 2888 1346 2956; x_wconf 90' lang='lat' dir='ltr'><strong>nulli</strong></span> <span class='ocrx_word' id='word_1_168' title='bbox 1368 2909 1402 2955; x_wconf 91' lang='lat' dir='ltr'><strong>se</strong></span> <span class='ocrx_word' id='word_1_169' title='bbox 1425 2890 1576 2957; x_wconf 87' lang='lat' dir='ltr'><strong>caractari</strong></span> <span class='ocrx_word' id='word_1_170' title='bbox 1599 2888 1833 2976; x_wconf 85' lang='lat' dir='ltr'><strong>aliquotiensin</strong></span> 
     </span>
     <span class='ocr_line' id='line_1_20' title="bbox 668 3002 1833 3093; baseline 0.006 -24"><span class='ocrx_word' id='word_1_171' title='bbox 668 3004 804 3090; x_wconf 90' lang='lat' dir='ltr'><strong>quodam</strong></span> <span class='ocrx_word' id='word_1_172' title='bbox 828 3023 905 3070; x_wconf 87' lang='lat' dir='ltr'><strong>sono</strong></span> <span class='ocrx_word' id='word_1_173' title='bbox 927 3004 992 3070; x_wconf 92' lang='lat' dir='ltr'><strong>nisi</strong></span> <span class='ocrx_word' id='word_1_174' title='bbox 1014 3002 1141 3071; x_wconf 87' lang='lat' dir='ltr'><strong>difficile</strong></span> <span class='ocrx_word' id='word_1_175' title='bbox 1164 3004 1305 3088; x_wconf 83' lang='lat' dir='ltr'><strong>iungens.</strong></span> <span class='ocrx_word' id='word_1_176' title='bbox 1353 3007 1389 3071; x_wconf 89' lang='lat' dir='ltr'><em>K</em></span> <span class='ocrx_word' id='word_1_177' title='bbox 1407 3010 1439 3071; x_wconf 91' lang='lat' dir='ltr'><strong>et</strong></span> <span class='ocrx_word' id='word_1_178' title='bbox 1459 3028 1478 3071; x_wconf 79' lang='lat' dir='ltr'><strong>r</strong></span> <span class='ocrx_word' id='word_1_179' title='bbox 1499 3006 1606 3093; x_wconf 87' lang='lat' dir='ltr'><strong>sepius</strong></span> <span class='ocrx_word' id='word_1_180' title='bbox 1628 3005 1706 3075; x_wconf 88' lang='lat' dir='ltr'><strong>haec</strong></span> <span class='ocrx_word' id='word_1_181' title='bbox 1729 3007 1833 3093; x_wconf 71' lang='lat' dir='ltr'><strong>lingua</strong></span> 
     </span>
     <span class='ocr_line' id='line_1_21' title="bbox 668 3100 1916 3205; baseline 0.002 -18"><span class='ocrx_word' id='word_1_182' title='bbox 668 3124 760 3187; x_wconf 82' lang='lat' dir='ltr'><strong>extra</strong></span> <span class='ocrx_word' id='word_1_183' title='bbox 787 3140 879 3187; x_wconf 88' lang='lat' dir='ltr'><strong>usum</strong></span> <span class='ocrx_word' id='word_1_184' title='bbox 908 3119 1091 3187; x_wconf 84' lang='lat' dir='ltr'><strong>Latinitatis</strong></span> <span class='ocrx_word' id='word_1_185' title='bbox 1118 3120 1235 3205; x_wconf 87' lang='lat' dir='ltr'><strong>utitur,</strong></span> <span class='ocrx_word' id='word_1_186' title='bbox 1270 3140 1350 3205; x_wconf 86' lang='lat' dir='ltr'><strong>quae</strong></span> <span class='ocrx_word' id='word_1_187' title='bbox 1377 3122 1576 3205; x_wconf 79' lang='lat' dir='ltr'><strong>grammatici</strong></span> <span class='ocrx_word' id='word_1_188' title='bbox 1602 3122 1687 3189; x_wconf 87' lang='lat' dir='ltr'><strong>inter</strong></span> <span class='ocrx_word' id='word_1_189' title='bbox 1714 3122 1833 3191; x_wconf 83' lang='lat' dir='ltr'><strong>litteras</strong></span> <span class='ocrx_word' id='word_1_190' title='bbox 1915 3100 1916 3117; x_wconf 18' lang='grc' dir='ltr'><strong>ἶ</strong></span> 
     </span>
     <span class='ocr_line' id='line_1_22' title="bbox 668 3234 1832 3323; baseline 0.004 -21"><span class='ocrx_word' id='word_1_191' title='bbox 668 3236 778 3303; x_wconf 88' lang='lat' dir='ltr'><strong>dicunt</strong></span> <span class='ocrx_word' id='word_1_192' title='bbox 800 3256 869 3303; x_wconf 90' lang='lat' dir='ltr'><strong>esse</strong></span> <span class='ocrx_word' id='word_1_193' title='bbox 898 3234 1090 3323; x_wconf 63' lang='lat' dir='ltr'><strong>superfluam</strong></span> <span class='ocrx_word' id='word_1_194' title='bbox 1120 3235 1159 3303; x_wconf 90' lang='lat' dir='ltr'><strong>ob</strong></span> <span class='ocrx_word' id='word_1_195' title='bbox 1183 3236 1350 3303; x_wconf 87' lang='lat' dir='ltr'><strong>stridorem</strong></span> <span class='ocrx_word' id='word_1_196' title='bbox 1373 3242 1478 3303; x_wconf 86' lang='lat' dir='ltr'><strong>autem</strong></span> <span class='ocrx_word' id='word_1_197' title='bbox 1501 3238 1660 3305; x_wconf 90' lang='lat' dir='ltr'><strong>interdum</strong></span> <span class='ocrx_word' id='word_1_198' title='bbox 1682 3238 1832 3323; x_wconf 84' lang='lat' dir='ltr'><strong>dentium,</strong></span> 
     </span>
     <span class='ocr_line' id='line_1_23' title="bbox 668 3352 1832 3437; baseline 0.005 -20"><span class='ocrx_word' id='word_1_199' title='bbox 668 3356 706 3418; x_wconf 92' lang='lat' dir='ltr'><strong>ut</strong></span> <span class='ocrx_word' id='word_1_200' title='bbox 726 3356 820 3437; x_wconf 92' lang='lat' dir='ltr'><strong>puto,</strong></span> <span class='ocrx_word' id='word_1_201' title='bbox 848 3352 882 3417; x_wconf 89' lang='lat' dir='ltr'><strong>in</strong></span> <span class='ocrx_word' id='word_1_202' title='bbox 904 3352 965 3418; x_wconf 89' lang='lat' dir='ltr'><strong>hac</strong></span> <span class='ocrx_word' id='word_1_203' title='bbox 985 3352 1095 3436; x_wconf 77' lang='lat' dir='ltr'><strong>lingua</strong></span> <span class='ocrx_word' id='word_1_204' title='bbox 1116 3376 1134 3417; x_wconf 73' lang='lat' dir='ltr'><strong>a</strong></span> <span class='ocrx_word' id='word_1_205' title='bbox 1156 3356 1303 3436; x_wconf 86' lang='lat' dir='ltr'><strong>utuntur,</strong></span> <span class='ocrx_word' id='word_1_206' title='bbox 1326 3354 1346 3419; x_wconf 81' lang='lat' dir='ltr'><em>k</em></span> <span class='ocrx_word' id='word_1_207' title='bbox 1369 3358 1473 3420; x_wconf 70' lang='lat' dir='ltr'><strong>summ</strong></span> <span class='ocrx_word' id='word_1_208' title='bbox 1496 3352 1535 3419; x_wconf 92' lang='lat' dir='ltr'><strong>ob</strong></span> <span class='ocrx_word' id='word_1_209' title='bbox 1557 3354 1691 3421; x_wconf 81' lang='lat' dir='ltr'><strong>fantium</strong></span> <span class='ocrx_word' id='word_1_210' title='bbox 1714 3356 1832 3423; x_wconf 88' lang='lat' dir='ltr'><strong>sonori-</strong></span> 
     </span>
     <span class='ocr_line' id='line_1_24' title="bbox 669 3466 1832 3557; baseline 0.003 -24"><span class='ocrx_word' id='word_1_211' title='bbox 669 3472 778 3533; x_wconf 85' lang='lat' dir='ltr'><strong>tatem.</strong></span> <span class='ocrx_word' id='word_1_212' title='bbox 873 3466 997 3535; x_wconf 87' lang='lat' dir='ltr'><strong>Patitur</strong></span> <span class='ocrx_word' id='word_1_213' title='bbox 1030 3488 1154 3554; x_wconf 92' lang='lat' dir='ltr'><strong>quoque</strong></span> <span class='ocrx_word' id='word_1_214' title='bbox 1187 3466 1388 3554; x_wconf 85' lang='lat' dir='ltr'><strong>metaplasmi</strong></span> <span class='ocrx_word' id='word_1_215' title='bbox 1420 3466 1555 3553; x_wconf 78' lang='lat' dir='ltr'><strong>figuram</strong></span> <span class='ocrx_word' id='word_1_216' title='bbox 1588 3470 1740 3557; x_wconf 89' lang='lat' dir='ltr'><strong>nimium,</strong></span> <span class='ocrx_word' id='word_1_217' title='bbox 1773 3491 1832 3539; x_wconf 91' lang='lat' dir='ltr'><strong>non</strong></span> 
     </span>
     <span class='ocr_line' id='line_1_25' title="bbox 669 3583 1832 3669; baseline 0.003 -19"><span class='ocrx_word' id='word_1_218' title='bbox 669 3589 777 3650; x_wconf 88' lang='lat' dir='ltr'><strong>tamen</strong></span> <span class='ocrx_word' id='word_1_219' title='bbox 806 3583 947 3667; x_wconf 84' lang='lat' dir='ltr'><strong>assidue,</strong></span> <span class='ocrx_word' id='word_1_220' title='bbox 977 3604 1072 3669; x_wconf 92' lang='lat' dir='ltr'><strong>quam</strong></span> <span class='ocrx_word' id='word_1_221' title='bbox 1101 3584 1244 3651; x_wconf 90' lang='lat' dir='ltr'><strong>doctores</strong></span> <span class='ocrx_word' id='word_1_222' title='bbox 1266 3586 1490 3667; x_wconf 82' lang='lat' dir='ltr'><strong>grammaticas</strong></span> <span class='ocrx_word' id='word_1_223' title='bbox 1514 3586 1592 3653; x_wconf 88' lang='lat' dir='ltr'><strong>artis</strong></span> <span class='ocrx_word' id='word_1_224' title='bbox 1613 3592 1729 3655; x_wconf 85' lang='lat' dir='ltr'><strong>vocant</strong></span> <span class='ocrx_word' id='word_1_225' title='bbox 1751 3588 1832 3655; x_wconf 85' lang='lat' dir='ltr'><strong>sins-</strong></span> 
     </span>
     <span class='ocr_line' id='line_1_26' title="bbox 667 3698 1831 3787; baseline 0.002 -20"><span class='ocrx_word' id='word_1_226' title='bbox 667 3700 797 3786; x_wconf 86' lang='lat' dir='ltr'><strong>liplram.</strong></span> <span class='ocrx_word' id='word_1_227' title='bbox 842 3698 887 3765; x_wconf 88' lang='lat' dir='ltr'><strong>Et</strong></span> <span class='ocrx_word' id='word_1_228' title='bbox 906 3699 966 3765; x_wconf 89' lang='lat' dir='ltr'><strong>hec</strong></span> <span class='ocrx_word' id='word_1_229' title='bbox 987 3700 1049 3766; x_wconf 89' lang='lat' dir='ltr'><strong>nisi</strong></span> <span class='ocrx_word' id='word_1_230' title='bbox 1071 3699 1210 3784; x_wconf 77' lang='lat' dir='ltr'><strong>legentes</strong></span> <span class='ocrx_word' id='word_1_231' title='bbox 1232 3700 1438 3787; x_wconf 81' lang='lat' dir='ltr'><strong>praevideant</strong></span> <span class='ocrx_word' id='word_1_232' title='bbox 1459 3702 1601 3787; x_wconf 86' lang='lat' dir='ltr'><strong>rationis,</strong></span> <span class='ocrx_word' id='word_1_233' title='bbox 1624 3702 1709 3771; x_wconf 90' lang='lat' dir='ltr'><strong>dicta</strong></span> <span class='ocrx_word' id='word_1_234' title='bbox 1732 3702 1831 3771; x_wconf 84' lang='lat' dir='ltr'><strong>defor-</strong></span> 
     </span>
     <span class='ocr_line' id='line_1_27' title="bbox 668 3815 1830 3904; baseline 0.003 -23"><span class='ocrx_word' id='word_1_235' title='bbox 668 3816 750 3881; x_wconf 91' lang='lat' dir='ltr'><strong>mius</strong></span> <span class='ocrx_word' id='word_1_236' title='bbox 778 3820 907 3897; x_wconf 81' lang='lat' dir='ltr'><strong>sonant3</strong></span> <span class='ocrx_word' id='word_1_237' title='bbox 942 3815 1051 3883; x_wconf 83' lang='lat' dir='ltr'><strong>literas</strong></span> <span class='ocrx_word' id='word_1_238' title='bbox 1077 3815 1236 3883; x_wconf 90' lang='lat' dir='ltr'><strong>interdum</strong></span> <span class='ocrx_word' id='word_1_239' title='bbox 1266 3816 1436 3903; x_wconf 84' lang='lat' dir='ltr'><strong>scriptione</strong></span> <span class='ocrx_word' id='word_1_240' title='bbox 1464 3822 1640 3904; x_wconf 75' lang='lat' dir='ltr'><strong>sementes,</strong></span> <span class='ocrx_word' id='word_1_241' title='bbox 1674 3818 1830 3887; x_wconf 88' lang='lat' dir='ltr'><strong>interdum</strong></span> 
     </span>
     <span class='ocr_line' id='line_1_28' title="bbox 668 3930 1831 4020; baseline 0.003 -23"><span class='ocrx_word' id='word_1_242' title='bbox 668 3951 742 3998; x_wconf 85' lang='lat' dir='ltr'><strong>vero</strong></span> <span class='ocrx_word' id='word_1_243' title='bbox 764 3930 919 3998; x_wconf 85' lang='lat' dir='ltr'><strong>Ebraicae</strong></span> <span class='ocrx_word' id='word_1_244' title='bbox 939 3930 1066 4015; x_wconf 78' lang='lat' dir='ltr'><strong>linguas</strong></span> <span class='ocrx_word' id='word_1_245' title='bbox 1095 3951 1183 3998; x_wconf 90' lang='lat' dir='ltr'><strong>more</strong></span> <span class='ocrx_word' id='word_1_246' title='bbox 1212 3932 1364 4017; x_wconf 82' lang='lat' dir='ltr'><strong>vitantes,</strong></span> <span class='ocrx_word' id='word_1_247' title='bbox 1394 3932 1507 4019; x_wconf 91' lang='lat' dir='ltr'><strong>quibus</strong></span> <span class='ocrx_word' id='word_1_248' title='bbox 1528 3934 1615 4020; x_wconf 89' lang='lat' dir='ltr'><strong>ipsas</strong></span> <span class='ocrx_word' id='word_1_249' title='bbox 1637 3934 1760 4003; x_wconf 86' lang='lat' dir='ltr'><strong>litteras</strong></span> <span class='ocrx_word' id='word_1_250' title='bbox 1782 3954 1831 4001; x_wconf 83' lang='lat' dir='ltr'><strong>re·</strong></span> 
     </span>
     <span class='ocr_line' id='line_1_29' title="bbox 667 4046 1831 4136; baseline 0.003 -23"><span class='ocrx_word' id='word_1_251' title='bbox 667 4048 753 4136; x_wconf 85' lang='lat' dir='ltr'><strong>tione</strong></span> <span class='ocrx_word' id='word_1_252' title='bbox 783 4046 957 4133; x_wconf 88' lang='lat' dir='ltr'><strong>sinaliphae</strong></span> <span class='ocrx_word' id='word_1_253' title='bbox 983 4048 1018 4113; x_wconf 94' lang='lat' dir='ltr'><strong>in</strong></span> <span class='ocrx_word' id='word_1_254' title='bbox 1045 4047 1154 4131; x_wconf 89' lang='lat' dir='ltr'><strong>lineis,</strong></span> <span class='ocrx_word' id='word_1_255' title='bbox 1184 4052 1220 4114; x_wconf 91' lang='lat' dir='ltr'><strong>ut</strong></span> <span class='ocrx_word' id='word_1_256' title='bbox 1248 4048 1376 4133; x_wconf 91' lang='lat' dir='ltr'><strong>qnidam</strong></span> <span class='ocrx_word' id='word_1_257' title='bbox 1399 4048 1516 4133; x_wconf 85' lang='lat' dir='ltr'><strong>dicunt,</strong></span> <span class='ocrx_word' id='word_1_258' title='bbox 1538 4051 1665 4136; x_wconf 89' lang='lat' dir='ltr'><strong>penitus</strong></span> <span class='ocrx_word' id='word_1_259' title='bbox 1689 4052 1831 4119; x_wconf 88' lang='lat' dir='ltr'><strong>amittere</strong></span> 
     </span>
     <span class='ocr_line' id='line_1_30' title="bbox 668 4162 1829 4253; baseline 0 -22"><span class='ocrx_word' id='word_1_260' title='bbox 668 4170 701 4231; x_wconf 84' lang='lat' dir='ltr'><strong>et</strong></span> <span class='ocrx_word' id='word_1_261' title='bbox 727 4162 889 4230; x_wconf 88' lang='lat' dir='ltr'><strong>transilire</strong></span> <span class='ocrx_word' id='word_1_262' title='bbox 916 4163 1015 4230; x_wconf 90' lang='lat' dir='ltr'><strong>moris</strong></span> <span class='ocrx_word' id='word_1_263' title='bbox 1042 4163 1189 4245; x_wconf 90' lang='lat' dir='ltr'><strong>habetur;</strong></span> <span class='ocrx_word' id='word_1_264' title='bbox 1223 4183 1287 4231; x_wconf 91' lang='lat' dir='ltr'><strong>non</strong></span> <span class='ocrx_word' id='word_1_265' title='bbox 1315 4184 1376 4249; x_wconf 93' lang='lat' dir='ltr'><strong>quo</strong></span> <span class='ocrx_word' id='word_1_266' title='bbox 1405 4165 1501 4232; x_wconf 89' lang='lat' dir='ltr'><strong>series</strong></span> <span class='ocrx_word' id='word_1_267' title='bbox 1531 4166 1712 4253; x_wconf 88' lang='lat' dir='ltr'><strong>scriptionis</strong></span> <span class='ocrx_word' id='word_1_268' title='bbox 1739 4166 1829 4233; x_wconf 81' lang='lat' dir='ltr'><strong>huin</strong></span> 
     </span>
    </p>

    <p class='ocr_par' dir='ltr' id='par_1_5' title="bbox 648 4278 1829 4951">
     <span class='ocr_line' id='line_1_31' title="bbox 648 4278 1829 4364; baseline -0.001 -14"><span class='ocrx_word' id='word_1_269' title='bbox 648 4280 799 4351; x_wconf 86' lang='lat' dir='ltr'><strong>metrica</strong></span> <span class='ocrx_word' id='word_1_270' title='bbox 820 4280 864 4346; x_wconf 91' lang='lat' dir='ltr'><strong>sit</strong></span> <span class='ocrx_word' id='word_1_271' title='bbox 885 4278 1058 4346; x_wconf 88' lang='lat' dir='ltr'><strong>subtilitate</strong></span> <span class='ocrx_word' id='word_1_272' title='bbox 1080 4280 1260 4364; x_wconf 86' lang='lat' dir='ltr'><strong>constricta,</strong></span> <span class='ocrx_word' id='word_1_273' title='bbox 1284 4280 1340 4347; x_wconf 89' lang='lat' dir='ltr'><strong>sed</strong></span> <span class='ocrx_word' id='word_1_274' title='bbox 1363 4281 1490 4347; x_wconf 88' lang='lat' dir='ltr'><strong>schema</strong></span> <span class='ocrx_word' id='word_1_275' title='bbox 1511 4282 1759 4351; x_wconf 88' lang='lat' dir='ltr'><strong>omoeotelouton</strong></span> <span class='ocrx_word' id='word_1_276' title='bbox 1781 4300 1829 4349; x_wconf 82' lang='lat' dir='ltr'><strong>as·</strong></span> 
     </span>
     <span class='ocr_line' id='line_1_32' title="bbox 666 4396 1828 4485; baseline 0.003 -22"><span class='ocrx_word' id='word_1_277' title='bbox 666 4397 756 4463; x_wconf 72' lang='lat' dir='ltr'><strong>uduo</strong></span> <span class='ocrx_word' id='word_1_278' title='bbox 777 4396 910 4481; x_wconf 86' lang='lat' dir='ltr'><strong>quaerit</strong></span> <span class='ocrx_word' id='word_1_279' title='bbox 955 4396 1074 4481; x_wconf 83' lang='lat' dir='ltr'><strong>Aptam</strong></span> <span class='ocrx_word' id='word_1_280' title='bbox 1097 4396 1180 4463; x_wconf 91' lang='lat' dir='ltr'><strong>enim</strong></span> <span class='ocrx_word' id='word_1_281' title='bbox 1203 4396 1236 4462; x_wconf 94' lang='lat' dir='ltr'><strong>in</strong></span> <span class='ocrx_word' id='word_1_282' title='bbox 1259 4396 1319 4463; x_wconf 90' lang='lat' dir='ltr'><strong>hac</strong></span> <span class='ocrx_word' id='word_1_283' title='bbox 1339 4396 1473 4465; x_wconf 90' lang='lat' dir='ltr'><strong>lectione</strong></span> <span class='ocrx_word' id='word_1_284' title='bbox 1496 4403 1528 4465; x_wconf 90' lang='lat' dir='ltr'><strong>et</strong></span> <span class='ocrx_word' id='word_1_285' title='bbox 1549 4399 1649 4485; x_wconf 91' lang='lat' dir='ltr'><strong>priori</strong></span> <span class='ocrx_word' id='word_1_286' title='bbox 1671 4400 1828 4467; x_wconf 87' lang='lat' dir='ltr'><strong>decantem</strong></span> 
     </span>
     <span class='ocr_line' id='line_1_33' title="bbox 667 4510 1828 4597; baseline 0 -16"><span class='ocrx_word' id='word_1_287' title='bbox 667 4518 700 4581; x_wconf 88' lang='lat' dir='ltr'><strong>et</strong></span> <span class='ocrx_word' id='word_1_288' title='bbox 721 4511 917 4580; x_wconf 87' lang='lat' dir='ltr'><strong>consimilem</strong></span> <span class='ocrx_word' id='word_1_289' title='bbox 939 4516 1096 4597; x_wconf 88' lang='lat' dir='ltr'><strong>quaerunt</strong></span> <span class='ocrx_word' id='word_1_290' title='bbox 1116 4512 1213 4580; x_wconf 87' lang='lat' dir='ltr'><strong>verba</strong></span> <span class='ocrx_word' id='word_1_291' title='bbox 1233 4512 1267 4579; x_wconf 93' lang='lat' dir='ltr'><strong>in</strong></span> <span class='ocrx_word' id='word_1_292' title='bbox 1289 4510 1351 4581; x_wconf 89' lang='lat' dir='ltr'><strong>fine</strong></span> <span class='ocrx_word' id='word_1_293' title='bbox 1374 4514 1588 4582; x_wconf 85' lang='lat' dir='ltr'><strong>sonoritatem.</strong></span> <span class='ocrx_word' id='word_1_294' title='bbox 1622 4514 1666 4583; x_wconf 87' lang='lat' dir='ltr'><strong>Et</strong></span> <span class='ocrx_word' id='word_1_295' title='bbox 1684 4536 1746 4583; x_wconf 89' lang='lat' dir='ltr'><strong>non</strong></span> <span class='ocrx_word' id='word_1_296' title='bbox 1760 4520 1828 4581; x_wconf 85' lang='lat' dir='ltr'><strong>tan·</strong></span> 
     </span>
     <span class='ocr_line' id='line_1_34' title="bbox 664 4628 1826 4715; baseline 0.003 -20"><span class='ocrx_word' id='word_1_297' title='bbox 664 4634 734 4695; x_wconf 92' lang='lat' dir='ltr'><strong>tum</strong></span> <span class='ocrx_word' id='word_1_298' title='bbox 762 4648 821 4715; x_wconf 91' lang='lat' dir='ltr'><strong>per</strong></span> <span class='ocrx_word' id='word_1_299' title='bbox 847 4628 930 4694; x_wconf 88' lang='lat' dir='ltr'><strong>hanc</strong></span> <span class='ocrx_word' id='word_1_300' title='bbox 958 4628 1042 4695; x_wconf 91' lang='lat' dir='ltr'><strong>inter</strong></span> <span class='ocrx_word' id='word_1_301' title='bbox 1068 4629 1147 4695; x_wconf 89' lang='lat' dir='ltr'><strong>duas</strong></span> <span class='ocrx_word' id='word_1_302' title='bbox 1174 4628 1297 4697; x_wconf 85' lang='lat' dir='ltr'><strong>vocales</strong></span> <span class='ocrx_word' id='word_1_303' title='bbox 1320 4630 1494 4698; x_wconf 87' lang='lat' dir='ltr'><strong>sedetiam</strong></span> <span class='ocrx_word' id='word_1_304' title='bbox 1516 4631 1600 4701; x_wconf 86' lang='lat' dir='ltr'><strong>inter</strong></span> <span class='ocrx_word' id='word_1_305' title='bbox 1623 4631 1704 4701; x_wconf 88' lang='lat' dir='ltr'><strong>alias</strong></span> <span class='ocrx_word' id='word_1_306' title='bbox 1723 4632 1826 4698; x_wconf 76' lang='grc' dir='ltr'>Ιιιιιιι</span> 
     </span>
     <span class='ocr_line' id='line_1_35' title="bbox 666 4744 1825 4833; baseline 0.002 -22"><span class='ocrx_word' id='word_1_307' title='bbox 666 4744 852 4831; x_wconf 85' lang='lat' dir='ltr'><strong>saepissime</strong></span> <span class='ocrx_word' id='word_1_308' title='bbox 873 4744 993 4831; x_wconf 81' lang='lat' dir='ltr'><strong>patitur</strong></span> <span class='ocrx_word' id='word_1_309' title='bbox 1015 4744 1218 4813; x_wconf 90' lang='lat' dir='ltr'><strong>conlisionem</strong></span> <span class='ocrx_word' id='word_1_310' title='bbox 1240 4744 1433 4833; x_wconf 83' lang='lat' dir='ltr'><strong>sinaliphae3</strong></span> <span class='ocrx_word' id='word_1_311' title='bbox 1462 4752 1495 4815; x_wconf 92' lang='lat' dir='ltr'><strong>et</strong></span> <span class='ocrx_word' id='word_1_312' title='bbox 1515 4746 1575 4814; x_wconf 91' lang='lat' dir='ltr'><strong>hoc</strong></span> <span class='ocrx_word' id='word_1_313' title='bbox 1597 4748 1661 4815; x_wconf 89' lang='lat' dir='ltr'><strong>nisi</strong></span> <span class='ocrx_word' id='word_1_314' title='bbox 1682 4746 1749 4831; x_wconf 85' lang='lat' dir='ltr'><strong>fiat,</strong></span> <span class='ocrx_word' id='word_1_315' title='bbox 1772 4764 1825 4813; x_wconf 85' lang='lat' dir='ltr'><strong>ex·</strong></span> 
     </span>
     <span class='ocr_line' id='line_1_36' title="bbox 666 4860 1824 4951; baseline -0.003 -20"><span class='ocrx_word' id='word_1_316' title='bbox 666 4860 768 4931; x_wconf 63' lang='lat' dir='ltr'><strong>musio</strong></span> <span class='ocrx_word' id='word_1_317' title='bbox 796 4861 902 4951; x_wconf 90' lang='lat' dir='ltr'><strong>sepius</strong></span> <span class='ocrx_word' id='word_1_318' title='bbox 928 4860 1091 4930; x_wconf 83' lang='lat' dir='ltr'><strong>literarum</strong></span> <span class='ocrx_word' id='word_1_319' title='bbox 1115 4861 1221 4950; x_wconf 87' lang='lat' dir='ltr'><strong>inepte</strong></span> <span class='ocrx_word' id='word_1_320' title='bbox 1242 4867 1335 4930; x_wconf 89' lang='lat' dir='ltr'><strong>sonat</strong></span> <span class='ocrx_word' id='word_1_321' title='bbox 1356 4862 1442 4931; x_wconf 79' lang='lat' dir='ltr'><strong>dcta</strong></span> <span class='ocrx_word' id='word_1_322' title='bbox 1463 4862 1640 4931; x_wconf 83' lang='lat' dir='ltr'><strong>verborum.</strong></span> <span class='ocrx_word' id='word_1_323' title='bbox 1686 4861 1771 4945; x_wconf 78' lang='lat' dir='ltr'><strong>Quod</strong></span> <span class='ocrx_word' id='word_1_324' title='bbox 1791 4862 1824 4927; x_wconf 90' lang='lat' dir='ltr'><strong>in</strong></span> 
     </span>
    </p>
   </div>
   <div class='ocr_carea' id='block_1_3' title="bbox 0 0 2176 6034">
    <p class='ocr_par' dir='ltr' id='par_1_6' title="bbox 0 0 2176 6034">
     <span class='ocr_line' id='line_1_37' title="bbox 0 0 2176 6034; baseline 0 0"><span class='ocrx_word' id='word_1_325' title='bbox 0 0 2176 6034; x_wconf 95' lang='lat' dir='ltr'><strong> </strong></span> 
     </span>
    </p>
   </div>
  </div>
 </body>
</html>
