4342 6034
620 780 669 828 nx
690 779 845 827 ermom
865 780 945 827 vrrs
968 780 995 828 s.
1011 779 1188 829 nonmunn
1421 764 1487 833 487

327 921 398 1006 quia
422 920 559 987 mundus
584 922 667 987 ism·
688 923 721 987 in
743 922 882 1006 maligno
904 922 1028 1007 positus
1050 917 1126 1006 est',
1156 921 1232 987 adeo
1255 926 1292 989 ut
1313 922 1359 990 eir
1381 924 1487 992 vivere

325 1036 469 1120 invideat,
491 1036 563 1103 illos
586 1038 770 1121 extinguere
791 1037 926 1120 studeat,
949 1038 1004 1122 qui
1026 1038 1067 1103 ad
1080 1038 1140 1103 hoo
1154 1037 1335 1124 specialiter
1350 1038 1441 1107 electi
1455 1044 1488 1107 et

325 1153 476 1236 segregati
496 1156 571 1219 sunt
586 1153 626 1219 de
640 1152 768 1236 mundo,
790 1158 828 1219 ut
840 1152 954 1219 maiori
967 1153 1072 1221 studio
1086 1154 1318 1221 intercederent
1332 1176 1391 1242 pro
1405 1157 1486 1243 ipso.

407 1267 471 1335 Sed
497 1268 590 1335 huius
619 1268 833 1354 querimoniae
859 1268 1035 1335 interiectio
1063 1269 1128 1335 iam
1157 1266 1286 1337 liniatur
1313 1276 1346 1337 et
1373 1271 1485 1354 adid,

322 1385 401 1451 unde
421 1385 620 1469 recessimus,
643 1384 735 1451 stilus
756 1389 943 1451 revertatur.
978 1384 1054 1450 Dixi
1075 1404 1212 1469 namque
1234 1386 1333 1473 prius,
1358 1387 1442 1471 quod
1457 1392 1488 1455 et

322 1501 432 1566 iterum
455 1500 536 1584 dico,
560 1501 636 1586 quia
656 1501 739 1566 inter
761 1520 870 1567 omnes
891 1500 1025 1584 litterae,
1049 1520 1127 1585 quos
1143 1500 1183 1566 de
1198 1508 1307 1569 sancto
1321 1498 1484 1571 Bonifatio

322 1614 450 1699 habeus,
474 1615 625 1702 epistolae
640 1615 727 1681 illius
743 1615 822 1681 mihi
839 1617 1027 1702 praecipuae
1042 1615 1233 1683 viderentur.
1268 1617 1369 1704 Unde,
1393 1638 1486 1703 quas-

322 1750 439 1816 cunque
461 1731 535 1797 huic
556 1733 644 1818 operi
665 1732 860 1798 necessarias
881 1732 1023 1799 invenire
1042 1732 1142 1817 potui,
1164 1732 1198 1797 iu
1219 1752 1316 1799 uuum
1339 1734 1487 1818 colligere

321 1847 436 1930 studui3
461 1866 603 1933 sperans,
627 1846 762 1932 aliquem
784 1847 923 1914 emulum
946 1852 979 1913 et
999 1852 1108 1913 tantae
1126 1848 1323 1914 auctoritatis
1337 1849 1485 1932 ignarum

319 1961 463 2029 lectorem
490 1962 605 2029 exinde
634 1982 727 2049 posse
754 1961 922 2029 aedIlioari.
957 1962 1093 2030 Proinde
1116 1968 1149 2029 et
1170 1982 1242 2047 vos,
1271 1964 1386 2031 iratres
1408 1964 1484 2032 Ful·

320 2076 442 2162 deusee,
465 2080 556 2146 unice
578 2083 652 2164 peto
674 2082 770 2164 atque
792 2097 973 2145 ammoneo:
1002 2088 1039 2144 ut
1060 2077 1187 2145 easdem
1210 2079 1360 2166 epistolas
1382 2082 1485 2149 inten-

319 2193 398 2261 tione
417 2214 544 2260 summa
556 2193 685 2278 legatis3
707 2193 776 2260 Deo
792 2194 1016 2279 supplicantes,
1038 2199 1076 2259 ut
1090 2214 1147 2281 per
1162 2194 1229 2261 eius
1244 2214 1364 2281 preces,
1388 2216 1484 2282 aquo

319 2309 363 2377 uel
383 2330 443 2397 per
466 2330 558 2395 quem
583 2312 721 2397 scriptae
742 2316 826 2393 sunt,
850 2311 981 2395 quique,
1004 2314 1041 2377 ut
1061 2311 1096 2375 in
1119 2311 1165 2377 eis
1186 2310 1319 2396 legitur,
1343 2317 1485 2379 sanctam

318 2426 499 2492 aecclesiam
521 2427 555 2492 in
577 2424 747 2494 Germania
768 2427 904 2513 positam
927 2426 1067 2492 maximo
1089 2426 1197 2493 labore
1220 2426 1366 2513 aprovis
1381 2448 1485 2495 sacer·

318 2541 437 2609 dotibus
462 2542 621 2627 quondam
645 2542 776 2630 eripuit,
805 2562 890 2608 nunc
911 2542 1007 2608 etiam
1031 2563 1051 2607 a
1072 2541 1225 2608 similium
1248 2547 1406 2629 potestate
1428 2565 1484 2612 vos

317 2657 478 2743 locumque
492 2663 632 2725 vestrum
648 2658 816 2725 defendere
830 2658 987 2740 dignetur.
1052 2656 1141 2723 Duos
1158 2662 1263 2724 autem
1278 2656 1412 2745 libellos,
1428 2660 1483 2727 ad·

317 2772 438 2841 iurante
461 2772 609 2859 Domino,
632 2779 698 2840 tam
721 2774 761 2840 de
782 2773 849 2840 vita
870 2774 972 2839 sancti
986 2772 1048 2838 viri
1063 2793 1157 2857 quom
1174 2774 1213 2840 de
1228 2774 1370 2859 epistolis
1386 2796 1484 2862 supra

318 2888 404 2957 dictis
419 2890 558 2958 scribere
572 2891 688 2975 gastim
711 2890 745 2955 in
759 2889 859 2975 priori
874 2888 1001 2972 quidem
1015 2908 1170 2973 reserans,
1195 2890 1265 2975 quis
1280 2890 1376 2957 luerit
1391 2890 1482 2977 quid·

318 3024 372 3089 que
398 3012 474 3077 ante
502 3011 662 3093 acceptam
685 3004 951 3088 Mogonciuoeneis
977 3002 1147 3069 aecclesiae
1175 3005 1281 3072 sedem
1309 3006 1344 3071 iu
1373 3011 1482 3073 sancto

317 3122 462 3188 aecelcsia
483 3120 684 3205 laboraverit,
706 3121 741 3186 in
764 3119 862 3186 altero
886 3138 971 3203 vero,
994 3138 1076 3203 quae
1090 3124 1202 3205 postea
1215 3140 1315 3205 usque
1331 3120 1371 3187 ad
1385 3120 1481 3188 linem

317 3236 393 3304 vitae
413 3258 492 3304 suae
513 3237 683 3322 gloriosum
707 3236 816 3320 egerit

735 3362 875 3405 ammom
891 3359 1054 3403 emmone.

441 3470 520 3548 Quis
542 3469 613 3552 sim,
637 3468 690 3553 qui
712 3468 801 3535 uobis
823 3468 890 3534 fero
912 3484 1026 3531 munus
1049 3464 1113 3531 lule
1135 3460 1263 3550 laboris,

441 3585 507 3651 Vos
529 3585 678 3671 quoniam
701 3584 798 3667 scitis,
821 3564 929 3665 nolite,
952 3600 1074 3667 precor,
1098 3581 1174 3647 dare
1191 3581 1316 3665 multis3

441 3701 490 3767 Ne
512 3720 649 3787 persona
668 3700 732 3766 mei
754 3698 826 3764 vilis
847 3698 945 3763 faciat
965 3717 1037 3763 mea
1058 3698 1176 3783 sperni.

440 3816 491 3883 Sit
512 3816 615 3900 magis
636 3816 696 3882 too
718 3814 856 3881 studium
879 3812 978 3897 vobis,
1002 3812 1171 3899 deposcere
1193 3811 1363 3897 Christum,

439 3932 486 3998 Ut
506 3932 633 3998 sibimet
652 3930 772 4018 placita
793 3934 942 3996 maneant
962 3928 1124 4015 presentia
1145 3929 1272 4015 scripta

314 4132 458 4204 INCIPIT
484 4134 611 4206 LIBER
638 4134 697 4201 DE
725 4134 825 4201 VITA
853 4134 909 4201 ET
936 4130 1182 4200 VIRTUTIBUS
1212 4131 1242 4199 S.
1263 4131 1475 4203 BONIFATII

570 4249 780 4319 MARTYRIS
808 4248 948 4328 ATQUE
976 4247 1215 4319 PONTIFIGIS.

395 4393 475 4461 Cum
498 4413 576 4479 gena
597 4392 783 4477 Anglorum,
806 4410 915 4459 sacrae
935 4391 1010 4458 lidei
1030 4393 1105 4475 iugo
1127 4389 1185 4478 per
1206 4392 1308 4457 sancti
1329 4389 1473 4475 Gregorii

314 4526 409 4594 papae
430 4509 643 4597 apostolatum
665 4508 800 4592 subdita,
824 4508 891 4574 eius
913 4506 1157 4591 suffragantibus
1179 4506 1310 4591 meritis,
1332 4506 1367 4572 in
1382 4526 1472 4573 sanc·

315 4624 410 4691 torum
437 4626 578 4693 uirorum
611 4624 829 4713 procreatione
858 4644 936 4710 prae
962 4622 1071 4690 multia
1099 4622 1278 4690 nationibus
1305 4622 1471 4709 splendere

315 4740 460 4827 mcpisset
480 4741 642 4827 multaque
664 4740 785 4808 lumina
806 4745 937 4807 sanotae.
951 4738 1129 4824 aecclesiae,
1153 4738 1265 4825 quibus
1280 4738 1387 4805 vanae
1401 4757 1470 4805 cor-

380 4871 403 4924 l.
426 4872 607 4942 11011,5,19.
778 4896 799 4928 ι
819 4882 865 4928 iarn
881 4898 924 4927 οιιι.
940 4900 960 4927 c.
