4342 6034
660 726 724 791 ‘112
1059 740 1216 789 manuus
1239 739 1437 790 moousrnu

658 884 812 951 auxilium
839 887 1063 951 conuenerunt
1101 881 1145 949 Et
1173 886 1246 969 post
1272 902 1391 969 pauoos
1420 881 1488 951 dios
1509 881 1663 967 Pinguia·
1684 888 1823 969 eaptaet

657 1001 790 1084 demota,
813 1002 883 1087 ipse
906 999 1073 1085 episeopus
1096 998 1226 1085 opidum
1240 998 1433 1086 Laynsteyn,
1455 997 1632 1083 Erenfels⁸‚
1657 996 1823 1085 smm-

658 1117 741 1183 stein
763 1122 796 1183 et
816 1116 985 1201 Pinguiam
1012 1135 1084 1181 eum
1114 1120 1218 1181 eastre
1242 1114 1323 1203 lliop
1353 1115 1422 1199 regi
1449 1114 1624 1200 resignavit
1651 1114 1712 1181 sub
1739 1115 1825 1182 rertis

657 1232 905 1316 conditionibus,
930 1231 1030 1299 etsie
1053 1252 1087 1298 se
1110 1231 1194 1315 regis
1217 1232 1340 1315 gratiae
1362 1231 1598 1299 eonfornavio.
1636 1230 1706 1298 Rex
1728 1231 1824 1311 uero‘,

656 1349 796 1415 instante
815 1348 938 1434 hyeme,
962 1346 1137 1415 exereitum
1153 1346 1287 1413 remisit.
1355 1346 1478 1414 Eodem
1493 1366 1576 1413 anuo
1590 1366 1650 1414 rex
1664 1342 1826 1413 Franoiae¹

656 1484 807 1548 magnum
835 1465 1009 1531 exereitum
1038 1463 1129 1529 misit
1150 1467 1260 1530 oontm
1274 1460 1465 1547 Flemingos.
1499 1462 1561 1543 Qui
1582 1483 1617 1531 se
1639 1468 1674 1531 et
1694 1462 1827 1550 petriam

656 1580 870 1666 defendentes,
893 1580 1029 1647 Domino
1053 1583 1222 1663 annuente,
1245 1579 1523 1665 triumphaverunt
1538 1582 1572 1646 et
1586 1579 1627 1647 de
1640 1578 1728 1663 regis
1744 1599 1828 1645 exer·

656 1698 722 1764 citu
748 1698 829 1764 eitra
859 1698 898 1762 ll
928 1696 1018 1762 milia
1039 1695 1231 1763 oooiderunt
1266 1694 1390 1762 Deinde
1417 1694 1503 1761 idem
1529 1714 1603 1779 rex,
1632 1696 1827 1779 oongregats

656 1814 758 1879 denuo
782 1812 854 1879 aliis
870 1811 1072 1895 exereitibus,
1093 1810 1304 1899 personaliter
1318 1816 1429 1878 eontra
1443 1808 1624 1896 Flemingoe
1637 1811 1745 1894 veuit;
1769 1812 1826 1895 qui

655 1928 844 1997 llduoialiter
871 1928 955 1995 aoies
982 1948 1056 1993 suas
1079 1932 1192 1994 eontra
1213 1928 1333 1994 dietum
1355 1946 1462 2012 regem
1486 1926 1674 2011 dirigentes,
1704 1928 1747 1994 de
1768 1927 1826 1993 suis

656 2046 846 2112 adversariis
876 2049 950 2111 ante
983 2049 1016 2109 et
1048 2048 1123 2129 post
1155 2044 1190 2109 in
1223 2044 1374 2111 diversis·
1403 2042 1600 2111 oonlliotibus
1633 2042 1709 2131 plus
1739 2062 1826 2129 quan

656 2164 701 2228 30
722 2160 813 2228 milia
834 2164 1028 2243 straremnt‚
1052 2178 1094 2225 ex
1115 2158 1194 2245 ipsis
1218 2160 1315 2227 etiam
1338 2180 1434 2245 quam
1456 2159 1601 2247 pluribus
1623 2159 1807 2229 inlerleotia

746 2278 826 2343 ltarn
849 2296 932 2343 anno
947 2274 1078 2343 Domini
1103 2278 1200 2343 1302.
1236 2276 1387 2343 Albeitus
1409 2296 1467 2343 rex
1489 2280 1601 2343 eontra
1623 2276 1825 2362 arehiepiaoo

657 2414 714 2479 pos
730 2392 950 2459 coloniensem
972 2398 1005 2459 et
1021 2392 1249 2459 Treverensem
1271 2390 1389 2459 direxit
1411 2390 1645 2479 expeditionem
1667 2391 1825 2477 gruum

654 2508 700 2576 Et
729 2507 819 2574 dum‘
846 2508 1011 2574 invaderet
1038 2514 1070 2575 et
1099 2510 1279 2575 devastaret
1305 2512 1425 2575 terram
1454 2506 1594 2595 episcopi
1622 2506 1826 2591 Coloniensia,
1923 2546 1924 2555 κ

655 2626 725 2711 ipse
748 2624 931 2711 episeopus,
959 2624 1043 2691 datis
1065 2624 1254 2711 quibusdem
1277 2624 1521 2709 munitionibus,
1545 2644 1580 2693 se
1600 2625 1687 2709 ragis
1710 2625 1827 2709 grafim

655 2741 890 2807 conformavitt
924 2740 968 2806 Et
989 2742 1105 2809 exinde
1127 2740 1294 2827 episcopm
1310 2740 1513 2809 Treveremis
1536 2740 1684 2808 similiter
1699 2762 1736 2808 so
1749 2740 1826 2825 regia

654 2858 777 2940 gratiae
798 2856 1033 2923 eonformavit⁸.
1118 2856 1197 2925 ltem
1219 2856 1331 2924 eodem
1352 2876 1434 2924 anno
1455 2874 1600 2924 amorum
1615 2862 1648 2925 et
1660 2856 1825 2926 mnarum

655 2973 765 3039 vinum
787 2972 896 3041 erevit
1923 2962 1924 3005 ³

745 3089 825 3156 Item
851 3090 947 3155 1304.
986 3086 1116 3154 Nullum
1138 3087 1239 3173 frigus
1262 3092 1460 3175 oompertum
1482 3094 1531 3157 est
1551 3108 1610 3176 per
1630 3094 1735 3157 totam
1757 3090 1824 3177 bya-

657 3224 751 3271 mem.
790 3204 893 3283 Quam
926 3204 1073 3292 hyemem
1102 3208 1212 3271 seouto
1241 3209 1290 3272 est
1318 3209 1423 3271 aestas
1451 3205 1519 3273 sine
1547 3206 1634 3272 omni
1662 3204 1774 3293 pluvie
1798 3210 1825 3272 et

656 3326 764 3387 tantae
794 3321 962 3405 siooitatis,
992 3320 1076 3405 qnod
1102 3320 1143 3387 ad
1164 3320 1298 3387 fundum
1319 3320 1425 3389 Reum
1449 3326 1482 3389 et
1503 3322 1591 3409 putei
1613 3322 1823 3390 decreverunt

576 3437 582 3446 ’
655 3436 699 3503 Et
724 3437 785 3503 hoo
815 3457 898 3503 auno
926 3436 1027 3503 erevit
1054 3437 1163 3502 vinum
1191 3442 1259 3503 tam
1287 3436 1408 3523 nobile,
1444 3437 1528 3523 quod
1557 3438 1667 3505 dnum
1693 3438 1825 3524 ignobile

656 3553 895 3640 praeferebatur
915 3553 989 3619 rino
1012 3551 1167 3619 nobilium
1190 3554 1364 3621 vinearum.

747 3669 827 3735 Item
852 3671 947 3737 1306.
983 3668 1129 3736 Clemens
1152 3670 1279 3756 papaV
1302 3669 1463 3757 praeleoit¹
1480 3670 1669 3755 magistrum
1682 3665 1824 3739 Petrum¹

658 3786 840 3873 physicum,
869 3785 1027 3871 quondam
1049 3784 1257 3853 Basiliensem
1281 3770 1480 3874 episcopum,
1502 3786 1536 3853 in
1559 3786 1824 3876 arehiepiscopum

657 3900 942 3986 bloguntinensem.

747 4019 825 4085 Item
852 4021 948 4085 1308.
982 4016 1132 4084 Albertus
1154 4036 1212 4084 rex
1235 4038 1255 4083 a
1276 4018 1516 4101 oonsanguineis
1539 4018 1605 4084 suis
1627 4020 1751 4087 ocoisus
1772 4024 1823 4103 ast

658 4156 716 4222 pro
740 4154 777 4201 eo
800 4134 902 4220 quod·
924 4154 978 4201 eos
1000 4134 1094 4201 torris
1117 4134 1182 4201 suis
1207 4138 1239 4200 et
1260 4132 1489 4201 munitionibus
1512 4132 1824 4203 exhereditarentet

657 4254 692 4317 in
713 4251 849 4317 nihilum
871 4251 1002 4335 redegit
1038 4248 1087 4317 De
1109 4250 1198 4315 ouius
1221 4254 1323 4317 morte
1344 4269 1403 4318 neo
1425 4248 1570 4337 planetus
1592 4270 1652 4318 neo
1671 4250 1761 4319 dolor
1774 4252 1823 4318 be-

658 4366 759 4453 bitm,
786 4388 846 4455 pro
875 4388 911 4433 eo
939 4365 1024 4452 qnod
1052 4366 1172 4434 olerum
1194 4366 1295 4433 odivit
1316 4386 1376 4433 neo
1396 4366 1431 4433 in
1454 4386 1491 4433 eo
1513 4367 1614 4435 virtus
1636 4367 1688 4435 rel
1709 4367 1824 4437 iustitie

730 4594 751 4628 a
771 4580 865 4641 Pyngua
874 4584 902 4629 ι.
963 4580 987 4626 b.
1007 4578 1116 4627 Ereurels
1126 4581 1154 4626 L.
1216 4592 1237 4625 e.
1253 4580 1395 4627 confirmarit
1405 4583 1433 4636 B,
1448 4579 1598 4627 conformavit
1608 4583 1635 4628 L.
1698 4580 1721 4628 d.
1737 4594 1788 4641 ergo
1797 4582 1820 4627 1.

658 4674 679 4707 a.
698 4659 780 4707 divisis
795 4663 823 4708 B.
907 4659 925 4706 1.
945 4671 997 4707 enm
1011 4663 1040 4707 J„
1125 4673 1146 4717 g.
1167 4663 1202 4708 stc
1218 4662 1238 4707 B
1253 4670 1275 4706 es
1290 4664 1317 4709 L
1401 4659 1425 4707 b.
1446 4660 1530 4707 misero
1545 4663 1573 4709 l..
1654 4661 1671 4708 i.
1691 4660 1784 4721 pertenit
1797 4662 1819 4707 1.

657 4740 681 4787 k.
700 4740 751 4800 ipse
767 4740 825 4787 odd.
835 4742 864 4787 h.

730 4846 755 4901 l.
778 4843 919 4915 Philippus
931 4844 979 4901 lv.
1069 4844 1095 4899 2.
1118 4844 1229 4900 Petrum
1240 4844 1268 4901 11
1285 4860 1329 4917 ep.
1347 4844 1543 4901 Basileeusem.
