4342 6034
627 679 670 742 88
867 693 1088 741 asomum
1111 695 1154 740 er
1176 695 1278 741 cuum
1299 693 1486 740 srrsromn
1510 693 1546 740 ae.
1559 693 1588 739 er

557 842 609 895 724
626 837 660 902 in
683 836 812 903 nomine
834 836 902 902 eius
924 835 1116 922 baptismum
1140 834 1305 921 suscipite3
1330 835 1405 919 quia
1419 834 1564 902 dominus
1580 834 1666 902 Deus
1680 841 1797 920 noster,

554 915 610 961 Μ
627 953 711 1037 quod
734 951 842 1018 oculus
864 951 1001 1017 hominis
1023 971 1196 1037 numquam
1217 951 1298 1016 vidit
1319 970 1378 1016 nec
1400 951 1434 1016 in
1457 969 1511 1016 cor
1533 951 1669 1018 bominis
1690 972 1798 1019 ascen·

628 1068 686 1148 dit,
710 1068 913 1154 praepararit
935 1068 1138 1152 diligentibus
1162 1087 1195 1133 se
1205 1063 1221 1131 ¹.
1257 1066 1324 1132 lem
1347 1066 1483 1132 recedite
1506 1067 1635 1134 amalis
1652 1069 1798 1154 operibus

628 1189 660 1249 et
683 1184 767 1268 agite
796 1184 884 1250 bene.
930 1184 1002 1249 Non
1025 1183 1163 1249 adoretis
1186 1181 1271 1248 idola
1292 1201 1350 1246 nec
1373 1181 1543 1248 immoletis
1566 1203 1694 1264 carnem
1725 1185 1800 1270 quia

628 1299 714 1366 Deus
743 1320 807 1365 non
836 1301 950 1386 recipit
971 1300 1042 1365 ista.
1091 1297 1153 1365 Sed
1176 1299 1210 1364 in
1239 1297 1399 1382 omuibus,
1430 1299 1601 1365 secundum
1631 1301 1714 1385 quod
1744 1321 1799 1366 vos

628 1416 727 1481 irater
754 1421 862 1482 noster
884 1415 1062 1481 Bonifatius
1091 1414 1248 1498 docuerit,
1278 1413 1442 1481 observate
1470 1420 1502 1482 et
1530 1415 1627 1498 agite;
1659 1421 1691 1480 et
1721 1415 1800 1481 salvi

628 1531 727 1615 eritis,
751 1537 783 1597 et
805 1553 861 1598 vos
885 1537 917 1598 et
938 1531 997 1596 lilii
1018 1531 1132 1614 vestri,
1155 1531 1189 1596 in
1213 1530 1449 1616 sempitemnm.
1540 1531 1648 1598 Facite
1671 1551 1746 1615 ergo
1769 1539 1801 1598 et

628 1646 773 1732 domum,
807 1647 863 1714 ubi
890 1648 1003 1714 debeat
1031 1647 1101 1732 ipse
1134 1651 1225 1732 pater
1253 1650 1357 1712 vester
1385 1647 1552 1732 epiecopus
1581 1647 1741 1732 babitare,
1770 1653 1800 1714 et

629 1762 805 1848 aecclesias,
828 1763 882 1829 ubi
906 1784 997 1830 orare
1019 1762 1176 1844 debeatis;
1200 1766 1235 1827 ut
1251 1761 1336 1828 Deus
1359 1762 1521 1846 indulgeat
1543 1770 1674 1849 peccatu
1695 1769 1800 1830 vestra

629 1883 661 1944 et
683 1879 778 1945 donet
800 1879 889 1946 vobis
913 1880 1010 1945 ritem
1034 1883 1231 1964 perpetuam.

1107 2013 1271 2020 -.-—-.-„-u=·.
1282 2013 1303 2018 ..-

630 2091 691 2160 27.
718 2091 891 2180 Gregorius
908 2093 950 2158 II
961 2117 1054 2180 papa
1074 2095 1120 2158 cd
1133 2095 1240 2158 cordas
1256 2093 1419 2176 Bonffatic'
1433 2093 1671 2159 consultationes
1687 2099 1801 2161 reseri-

719 2210 791 2274 ba't·.
1510 2207 1545 2289 (S
1564 2211 1636 2292 126,
1660 2207 1731 2276 WG
1747 2213 1801 2293 24)

538 2355 589 2406 ruo
718 2341 984 2408 Reverentissimo
1014 2346 1046 2407 et
1073 2342 1272 2408 sanctissimo
1307 2341 1399 2408 fratri
1427 2340 1585 2408 Bonifatio
1615 2344 1801 2431 coepiscopo

514 2427 613 2472 Nm
630 2457 800 2540 Gregorius
824 2478 932 2523 servus
955 2478 1118 2523 servorum
1140 2457 1209 2524 Dei.

719 2573 968 2640 Desiderabilem
996 2573 1075 2638 mihi
1103 2573 1193 2640 atel
1215 2574 1330 2640 missus
1354 2573 1478 2640 Denual
1500 2573 1690 2658 relegiosus⁸
1713 2597 1803 2662 pres·

631 2689 713 2756 biter
742 2690 850 2756 attulit
878 2690 1039 2773 nuntium,
1069 2709 1141 2755 cum
1170 2695 1202 2756 te
1228 2689 1371 2776 sospemd
1395 2693 1537 2757 narravit
1560 2697 1592 2757 et
1614 2693 1801 2778 ministerio,

630 2827 689 2894 pro
719 2827 781 2891 quo
809 2806 925 2872 missus
953 2827 1003 2890 es,
1033 2806 1159 2872 favente
1188 2806 1255 2872 Deo
1284 2804 1436 2892 prolicere
1466 2808 1633 2874 nuntiavit
1680 2809 1803 2875 Detulit

632 2925 728 2990 etiam
752 2944 771 2988 a
792 2928 824 2989 te
847 2924 960 2988 missas
982 2923 1123 3006 litteras,
1147 2923 1200 2988 ubi
1224 2922 1386 3006 indicasti,
1410 2924 1493 3008 quod
1518 2945 1592 3007 ager
1615 2924 1802 3008 dominicus,

632 3040 686 3126 qui
708 3039 846 3105 incultus
868 3039 993 3105 iacebat
1015 3045 1046 3105 et
1069 3039 1233 3124 spinarum
1257 3037 1373 3104 aculeis
1397 3059 1436 3104 ex
1451 3037 1636 3106 infidelitate
1651 3041 1801 3124 riguerat,

631 3166 806 3222 vomerem⁰
829 3160 903 3221 tuae
930 3155 1105 3238 doctrinae,
1131 3153 1328 3220 exarantem‘
1351 3175 1458 3221 semen
1481 3156 1584 3238 verbi,
1609 3157 1749 3243 suscepit
1772 3162 1804 3223 et

630 3273 768 3338 fertilem
790 3291 924 3336 messem
946 3270 1080 3357 protulit
1101 3269 1271 3336 fidelitatis.

720 3387 756 3454 ln
783 3387 901 3453 eisdem
930 3387 1046 3452 litteris
1077 3386 1263 3472 quibusdam
1295 3386 1489 3452 subnexisti⁸
1519 3388 1666 3473 capitulis
1697 3389 1803 3454 scisci·

631 3504 738 3587 tando,
763 3503 897 3589 qualiter
919 3479 1027 3569 teneat
1048 3502 1100 3568 vel
1122 3503 1232 3568 doceat
1252 3502 1329 3568 baec
1351 3509 1459 3568 sancta
1475 3503 1647 3590 apostolica
1661 3503 1804 3570 Romana

631 3620 791 3687 aecclesia.
825 3619 912 3686 Bene
934 3620 1020 3685 satis.
1056 3619 1138 3697 Quia
1160 3619 1289 3685 beatush
1314 3619 1473 3704 apostolus
1488 3619 1601 3686 Petrus
1624 3625 1656 3686 et
1677 3626 1803 3707 aposto-

631 3737 714 3803 latus
741 3741 774 3803 et
795 3737 994 3822 episcopatus
1022 3735 1213 3822 principium
1243 3735 1374 3802 exstitit.
1409 3735 1453 3802 Et
1481 3735 1655 3803 consulenti
1682 3737 1742 3804 tibi
1765 3738 1804 3804 de

632 3857 717 3919 statu
747 3852 898 3919 aeclesiae
926 3873 989 3917 non
1020 3873 1060 3919 ex
1087 3852 1179 3918 nobis
1210 3853 1300 3937 quasi
1329 3873 1367 3918 ex
1396 3853 1487 3919 nobis
1515 3853 1571 3918 sed
1600 3853 1666 3920 eius
1689 3854 1803 3938 gratia,

632 3969 687 4054 qui
710 3971 814 4055 aperit
836 3989 871 4034 cs
893 3973 1017 4034 mutum
1040 3974 1072 4034 et
1094 3967 1217 4050 linguas
1240 3967 1408 4034 infantium
1430 3967 1508 4034 facit
1528 3963 1703 4053 disertas¹',
1728 3990 1805 4054 qua-

631 4085 705 4151 liter
727 4091 835 4151 tenere
858 4084 987 4168 debeas,
1011 4084 1176 4170 apostolici
1200 4085 1318 4168 vigoris
1341 4085 1483 4151 doctrina
1506 4085 1667 4150 edicimus.

705 4304 725 4336 a.
746 4308 775 4336 ex
793 4293 820 4336 M
834 4289 967 4342 uer-llo,
989 4291 1009 4336 C
1024 4290 1140 4336 tv-bv.
1169 4291 1222 4336 Sine
1244 4291 1346 4334 lemmate
1364 4293 1402 4343 M,
1423 4290 1462 4334 nti
1480 4298 1554 4335 lamen
1575 4293 1683 4352 Gregorio
1696 4293 1723 4338 11
1742 4295 1805 4338 nuri·

633 4372 687 4416 tuta
702 4370 758 4414 laec
774 4370 870 4428 epicteto
887 4377 920 4413 ese
936 4368 970 4414 lis
986 4370 1090 4416 eradicetis
1106 4371 1191 4415 uertet:
1208 4369 1257 4414 une
1273 4383 1345 4428 usque
1356 4369 1477 4426 Gregorius
1494 4383 1507 4416 a
1522 4371 1595 4430 primo
1610 4369 1735 4426 secundum
1751 4371 1807 4417 hinc

633 4449 755 4506 Gregorius
776 4463 790 4494 a
810 4447 911 4494 secundo
932 4448 1014 4494 iunior.
1038 4452 1064 4494 1η
1081 4452 1103 4496 C
1115 4451 1267 4509 praepositum
1283 4451 1393 4506 epistolae
1409 4459 1442 4496 ur
1457 4451 1538 4496 lemma
1554 4453 1608 4496 loc:
1629 4450 1685 4496 Item
1701 4450 1806 4507 Gregorii

632 4529 724 4574 tertii
817 4529 840 4574 b.
864 4531 916 4574 aute
939 4532 971 4574 M.
1065 4543 1085 4575 c.
1110 4547 1166 4574 corr.
1183 4531 1205 4574 iu
1226 4527 1341 4585 religionis
1364 4532 1389 4574 C.
1482 4531 1504 4576 d.
1527 4548 1584 4576 corr.
1600 4533 1622 4576 iu
1644 4531 1755 4590 sospitem
1779 4533 1804 4578 C.

633 4623 654 4654 e.
670 4626 727 4654 corr.
743 4611 765 4653 in
781 4622 872 4654 vomere
882 4611 908 4654 C.
969 4607 986 4652 f.
1004 4626 1061 4654 corr.
1077 4611 1099 4654 in
1118 4611 1259 4655 exeranteC.
1321 4621 1342 4666 g.
1360 4626 1416 4654 cerr.
1430 4613 1451 4655 r'n
1469 4610 1610 4656 subnexuisti
1620 4613 1645 4658 C.
1707 4609 1731 4656 h.
1748 4611 1805 4656 satis

634 4691 665 4734 Μ
674 4706 717 4748 pro
733 4688 820 4734 beatus.
898 4688 913 4733 i.
935 4687 1045 4734 dissertae
1061 4692 1100 4743 M,
1117 4706 1174 4734 corr.
1190 4692 1211 4734 r'n
1229 4689 1326 4734 disertas
1344 4692 1369 4735 C.

706 4794 730 4846 1.
755 4794 770 4847 1
784 4791 905 4848 Corinth.
918 4793 943 4861 2,
957 4793 982 4846 9.
1071 4793 1097 4848 2.
1123 4791 1187 4863 Sap.
1202 4795 1243 4862 10,
1257 4793 1300 4847 21.
