4342 6034
548 806 754 853 wranreunnr
777 802 857 853 vrrs
880 805 907 853 s.
924 805 1100 853 normann
1122 804 1197 853 car.
1215 806 1250 851 vr
1413 788 1480 853 449

330 948 399 1015 mino
419 946 569 1033 populum
592 948 626 1013 in
648 946 795 1015 Frcsonis
818 947 1007 1031 adquireret,
1031 945 1195 1031 multique,
1220 946 1260 1012 ab
1283 966 1319 1012 eo
1342 947 1481 1033 spiritali
1498 956 1551 1011 τοῦ

330 1064 454 1130 doctina
476 1062 625 1147 edocati·,
650 1064 689 1130 ad
710 1063 906 1148 agnitionem
920 1063 1074 1145 veritatis,
1097 1062 1329 1129 inradiantibus
1344 1083 1417 1128 vere
1432 1062 1480 1128 lu·

328 1180 364 1245 cie
383 1178 486 1264 radiis,
509 1184 730 1265 pervenerunt,
753 1186 830 1247 tunc
852 1179 968 1264 quippe
988 1177 1126 1245 Domino
1149 1178 1386 1265 patrocinante·
1403 1178 1482 1245 alias

328 1293 499 1363 Germaniae
525 1295 729 1381 praedicandi
757 1314 852 1361 causa
878 1300 986 1380 partes
1015 1293 1095 1359 adiit
1123 1299 1156 1361 et
1175 1314 1274 1380 supra
1295 1294 1414 1361 dictum
1436 1294 1483 1360 lo-

326 1430 395 1493 cum,
414 1412 464 1477 cui
479 1412 598 1495 gemini
611 1414 781 1498 praeerant
796 1410 948 1493 germani,
966 1408 1090 1475 Dettic⁰
1105 1409 1253 1477 videlicet
1267 1415 1300 1477 et
1314 1408 1482 1495 Deorwlf⁴,

325 1526 446 1593 Domino
470 1527 642 1595 auxilante
665 1527 809 1594 obtinuit.
844 1525 970 1610 Eosque
994 1546 1013 1591 a
1035 1524 1189 1609 sacrilega
1210 1525 1387 1593 idolorum·
1409 1547 1482 1593 cen·

325 1662 402 1725 sura,
431 1663 494 1727 qua
521 1643 579 1711 sub
609 1643 745 1727 quodam
765 1642 1006 1709 christianitatis
1028 1641 1156 1707 nomine
1178 1640 1262 1708 male
1285 1642 1375 1709 abusi
1399 1648 1483 1726 sunt,

324 1760 466 1839 evocarit3
491 1777 528 1825 ac
550 1757 720 1845 plurimam
742 1758 853 1845 populi
867 1758 1004 1841 turbam,
1028 1762 1113 1823 recte
1126 1756 1285 1842 patefacta
1297 1758 1482 1842 intellegen-

323 1874 376 1939 tiae
390 1873 465 1956 uia',
489 1894 632 1940 errorum
649 1872 792 1960 deposito
808 1874 947 1959 horrore,
971 1894 992 1939 a
1005 1872 1156 1939 malivola
1171 1872 1358 1957 gentilitatis
1373 1894 1484 1960 snper-

321 1990 439 2057 stitione
460 1991 610 2071 retraxit3
640 1996 673 2056 et
700 1992 900 2073 monasterii,
930 1990 1062 2056 collecta
1083 2009 1247 2056 servornm
1269 1988 1330 2056 Dei
1347 2010 1483 2074 ,congre-

321 2106 453 2190 gatione,
483 2106 594 2173 cossam
623 2106 808 2172 construxit
856 2104 1010 2173 Similiter
1037 2112 1069 2171 et
1095 2106 1187 2171 iuxta
1215 2104 1294 2171 lines
1322 2104 1483 2173 Saxonum

321 2220 483 2288 Hessorum
505 2221 673 2309 populum,
702 2222 865 2308 paganicis
889 2221 990 2287 adhuc
1012 2220 1132 2287 ritibus
1148 2220 1364 2305 oberrantem,
1389 2243 1409 2287 a
1431 2223 1484 2288 de·

319 2338 499 2423 momorum,
523 2336 705 2421 euangelica
718 2337 930 2423 praedicando
945 2338 1105 2420 mandata,
1129 2338 1314 2423 captivitate
1326 2337 1483 2404 liberavit

397 2452 569 2539 Multisque
597 2452 725 2519 milibus
752 2452 915 2519 hominum
944 2457 1119 2539 expurgata
1145 2453 1300 2539 paganica
1328 2458 1485 2521 vetustate

317 2566 498 2654 baptizatis,
527 2570 674 2637 idoneum
698 2568 815 2655 quippe
838 2570 982 2635 nuntium
1007 2588 1044 2635 ac
1066 2566 1191 2634 lidelem
1213 2579 1341 2636 suarum
1364 2570 1486 2637 littera

317 2704 379 2751 mm
401 2686 750 2771 portitorem,'nomine
765 2684 908 2772 Bynnan,
931 2684 1048 2751 Rome⁸
1071 2684 1202 2767 direxit3
1224 2686 1371 2772 patrique
1392 2705 1486 2752 vene-

316 2800 400 2867 rabili
424 2800 636 2887 apostolicae'²
659 2800 743 2867 sedis
765 2798 906 2887 pontifici
929 2801 1086 2884 universa,
1111 2821 1192 2885 quae
1214 2802 1300 2866 circa
1314 2800 1405 2866 illum
1419 2800 1485 2867 Do·

315 2917 394 2983 mino
418 2918 559 2984 donante
580 2916 665 2983 iacta
687 2924 771 2999 sunt,
795 2922 884 2982 muta
905 2916 1032 3001 quidam
1054 2916 1173 2982 littera*
1193 2916 1405 2998 ministrante,
1428 2936 1486 3002 per

315 3033 454 3102 ordinem
477 3032 629 3099 revelavit
651 3038 698 3116 et,
726 3032 780 3098 utk
803 3052 919 3115 magna
941 3032 1096 3117 siquidem
1119 3032 1281 3097 bominum
1304 3031 1484 3114 multitudo,

313 3146 414 3215 diuino
430 3148 623 3215 inlustrante
638 3148 761 3235 spiritu,
783 3148 1033 3231 regenerationis
1048 3150 1226 3236 perciperet
1240 3152 1483 3229 sacramentnm,

313 3265 534 3331 manifestavit.
581 3264 644 3331 Sed
667 3270 699 3331 et
721 3264 760 3331 de
782 3264 891 3349 rebus,
921 3285 1001 3349 quae
1024 3264 1064 3330 ad
1087 3265 1291 3331 cottidianam
1315 3262 1484 3329 aecclesiae

313 3376 365 3445 Dei
396 3380 622 3447 necessitatem
649 3380 821 3467 populique
848 3386 1037 3467 proventum
1071 3380 1287 3467 pertinebant,
1322 3378 1414 3466 plura
1444 3378 1483 3445 ob

309 3496 476 3562 consilium
500 3496 583 3562 sedis
607 3496 797 3582 apostolicae
819 3497 1041 3581 interrogando
1065 3497 1263 3583 conscripsit
1296 3494 1482 3561 cumcuim

310 3610 488 3696 aliquantos
516 3611 582 3678 dies
604 3612 765 3697 praefatus
787 3613 840 3679 hic
860 3612 990 3679 nuntius
1013 3613 1176 3699 praedicto
1198 3616 1342 3678 maneret
1361 3611 1430 3676 loco
1453 3615 1485 3676 et

308 3726 366 3793 iam
397 3729 523 3795 reditus
553 3728 602 3793 sni
630 3733 755 3815 tempus
784 3729 933 3813 instaret,
962 3736 1039 3796 tnnc
1067 3731 1162 3796 etiam
1192 3727 1376 3814 apraetato
1400 3726 1484 3791 sedis

306 3844 503 3929 apostolicae
525 3842 674 3930 pontifice
695 3851 841 3911 mutuum
862 3844 1029 3929 legationis
1048 3866 1128 3913 snae
1144 3864 1332 3930 responsum
1347 3841 1482 3927 accipit¹.

305 3956 345 4025 Et
366 3962 483 4027 statim
505 3980 662 4045 reversus,
686 3965 806 4027 cartam
829 3960 913 4027 sedis
937 3962 1129 4047 apostolicae
1150 3959 1390 4046 consmiptionis
1406 3958 1481 4039 iam,

303 4094 365 4141 non
389 4076 495 4143 multe
518 4080 677 4143 transacto
700 4082 857 4163 tempore,
880 4078 1033 4161 magistro
1057 4076 1180 4143 adtulit

393 4192 541 4277 Cumque
564 4197 691 4259 sanctus
714 4194 763 4257 vir
787 4192 908 4259 adlatas
930 4192 1060 4276 legisset
1081 4192 1204 4259 litteras
1218 4189 1364 4275 carptim,
1387 4208 1421 4253 ee
1434 4188 1483 4253 in·

302 4310 443 4375 vitatum
467 4309 507 4375 ad
529 4308 661 4375 Romam
683 4307 854 4390 intellexit3
882 4308 1077 4393 festinusque
1106 4327 1263 4374 summum
1288 4304 1484 4371 oboedientia

300 4424 441 4507 gradum
466 4424 599 4512 implere
620 4426 797 4511 temptavit
842 4424 1062 4509 clientumque
1084 4424 1249 4491 confestim
1271 4422 1409 4513 stipatus
1431 4440 1483 4485 ca-

301 4544 393 4607 terva
421 4547 461 4609 ot
481 4542 615 4608 batrum
638 4542 865 4627 circumseptus
894 4542 1035 4624 agmine,
1063 4540 1257 4606 Francorum
1279 4556 1318 4603 ao
1338 4536 1483 4619 Burgun-

373 4769 396 4801 ι.
418 4755 515 4803 educati
531 4758 559 4801 A.
646 4754 669 4801 b.
690 4754 857 4813 pratrocinanta
873 4756 898 4801 F.
989 4766 1009 4800 o.
1031 4752 1062 4818 dp
1079 4752 1135 4799 attio
1149 4756 1175 4808 F,
1195 4750 1272 4797 Dettio
1288 4753 1320 4807 A,
1342 4748 1439 4796 Deotilto
1455 4751 1482 4795 B.

300 4834 322 4879 d.
344 4834 462 4883 deorunli
475 4837 501 4891 F,
516 4832 607 4883 deorntt
621 4838 651 4891 A,
666 4834 694 4883 B.
757 4848 777 4881 a.
797 4833 910 4881 idolorum
925 4837 956 4889 A,
967 4836 994 4879 B.
1056 4832 1073 4880 t.
1095 4833 1146 4879 riae
1160 4835 1187 4879 F.
1263 4843 1285 4888 g.
1301 4829 1396 4877 &mam
1411 4833 1441 4885 A,
1453 4831 1482 4875 B.

300 4910 322 4959 b
344 4914 478 4973 apostolici
493 4917 518 4961 F.
596 4915 611 4961 'a
632 4916 694 4961 muto
710 4937 734 4947 ·-
746 4914 824 4961 littero
840 4916 867 4961 F.
945 4912 968 4959 k.
988 4913 1050 4972 qnod
1066 4915 1095 4960 A.
1172 4910 1188 4957 l.
1209 4911 1298 4971 accepit
1312 4913 1343 4957 A.

343 4998 429 5053 rarsi.
447 5002 645 5047 cerneremur.
1234 4998 1268 5051 ‘29
