<?xml version="1.0" encoding="UTF-8"?>
<!DOCTYPE html PUBLIC "-//W3C//DTD XHTML 1.0 Transitional//EN"
    "http://www.w3.org/TR/xhtml1/DTD/xhtml1-transitional.dtd">
<html xmlns="http://www.w3.org/1999/xhtml" xml:lang="en" lang="en">
 <head>
  <title>
</title>
<meta http-equiv="Content-Type" content="text/html;charset=utf-8" />
  <meta name='ocr-system' content='tesseract 3.04.00' />
  <meta name='ocr-capabilities' content='ocr_page ocr_carea ocr_par ocr_line ocrx_word'/>
</head>
<body>
  <div class='ocr_page' id='page_1' title='image "./monumentamogunt00lulgoog/monumentamogunt00lulgoog_0433.png"; bbox 0 0 4342 6034; ppageno 0'>
   <div class='ocr_carea' id='block_1_1' title="bbox 661 760 1492 827">
    <p class='ocr_par' dir='ltr' id='par_1_1' title="bbox 661 760 1492 827">
     <span class='ocr_line' id='line_1_1' title="bbox 661 760 1492 827; baseline 0 0"><span class='ocrx_word' id='word_1_1' title='bbox 661 770 848 827; x_wconf 78' lang='lat' dir='ltr'><strong>nrmuonon</strong></span> <span class='ocrx_word' id='word_1_2' title='bbox 870 776 1101 827; x_wconf 79' lang='lat' dir='ltr'><strong>mocusnman</strong></span> <span class='ocrx_word' id='word_1_3' title='bbox 1122 778 1155 825; x_wconf 78' lang='lat' dir='ltr'><strong>ss</strong></span> <span class='ocrx_word' id='word_1_4' title='bbox 1424 760 1492 827; x_wconf 83' lang='lat'><strong>415</strong></span> 
     </span>
    </p>
   </div>
   <div class='ocr_carea' id='block_1_2' title="bbox 331 918 1581 4603">
    <p class='ocr_par' dir='ltr' id='par_1_2' title="bbox 333 918 1581 1933">
     <span class='ocr_line' id='line_1_2' title="bbox 336 918 1581 1005; baseline -0.002 -16"><span class='ocrx_word' id='word_1_5' title='bbox 336 920 403 1005; x_wconf 86' lang='lat' dir='ltr'><strong>Sed,</strong></span> <span class='ocrx_word' id='word_1_6' title='bbox 428 920 456 987; x_wconf 88' lang='lat' dir='ltr'><strong>si</strong></span> <span class='ocrx_word' id='word_1_7' title='bbox 478 918 558 989; x_wconf 89' lang='lat' dir='ltr'><strong>bane</strong></span> <span class='ocrx_word' id='word_1_8' title='bbox 585 920 706 1003; x_wconf 79' lang='lat' dir='ltr'><strong>recolo,</strong></span> <span class='ocrx_word' id='word_1_9' title='bbox 736 940 829 1005; x_wconf 88' lang='lat' dir='ltr'><strong>quum</strong></span> <span class='ocrx_word' id='word_1_10' title='bbox 853 918 955 985; x_wconf 89' lang='lat' dir='ltr'><strong>solida</strong></span> <span class='ocrx_word' id='word_1_11' title='bbox 975 938 1101 1005; x_wconf 88' lang='lat' dir='ltr'><strong>semper</strong></span> <span class='ocrx_word' id='word_1_12' title='bbox 1124 918 1209 1005; x_wconf 88' lang='lat' dir='ltr'><strong>apud</strong></span> <span class='ocrx_word' id='word_1_13' title='bbox 1229 940 1281 985; x_wconf 91' lang='lat' dir='ltr'><strong>me</strong></span> <span class='ocrx_word' id='word_1_14' title='bbox 1302 918 1398 985; x_wconf 77' lang='lat' dir='ltr'><strong>fuerit</strong></span> <span class='ocrx_word' id='word_1_15' title='bbox 1418 918 1492 985; x_wconf 88' lang='lat' dir='ltr'><strong>fidei</strong></span> <span class='ocrx_word' id='word_1_16' title='bbox 1512 932 1581 987; x_wconf 76' lang='lat'>119³</span> 
     </span>
     <span class='ocr_line' id='line_1_3' title="bbox 336 1034 1492 1123; baseline -0.001 -20"><span class='ocrx_word' id='word_1_17' title='bbox 336 1043 445 1105; x_wconf 76' lang='lat' dir='ltr'><strong>vestm</strong></span> <span class='ocrx_word' id='word_1_18' title='bbox 465 1042 500 1103; x_wconf 90' lang='lat' dir='ltr'><strong>et</strong></span> <span class='ocrx_word' id='word_1_19' title='bbox 520 1037 638 1103; x_wconf 88' lang='lat' dir='ltr'><strong>amoris</strong></span> <span class='ocrx_word' id='word_1_20' title='bbox 659 1036 836 1119; x_wconf 81' lang='lat' dir='ltr'><strong>integritas,</strong></span> <span class='ocrx_word' id='word_1_21' title='bbox 859 1040 963 1102; x_wconf 90' lang='lat' dir='ltr'><strong>certus</strong></span> <span class='ocrx_word' id='word_1_22' title='bbox 986 1054 1067 1119; x_wconf 72' lang='lat' dir='ltr'><strong>sum,</strong></span> <span class='ocrx_word' id='word_1_23' title='bbox 1091 1035 1177 1119; x_wconf 84' lang='lat' dir='ltr'><strong>quod</strong></span> <span class='ocrx_word' id='word_1_24' title='bbox 1197 1034 1325 1101; x_wconf 88' lang='lat' dir='ltr'><strong>honoris</strong></span> <span class='ocrx_word' id='word_1_25' title='bbox 1348 1056 1492 1123; x_wconf 87' lang='lat' dir='ltr'><strong>assump-</strong></span> 
     </span>
     <span class='ocr_line' id='line_1_4' title="bbox 334 1150 1493 1237; baseline -0.001 -17"><span class='ocrx_word' id='word_1_26' title='bbox 334 1152 372 1219; x_wconf 88' lang='lat' dir='ltr'><strong>tio</strong></span> <span class='ocrx_word' id='word_1_27' title='bbox 401 1152 483 1220; x_wconf 88' lang='lat' dir='ltr'><strong>circa</strong></span> <span class='ocrx_word' id='word_1_28' title='bbox 515 1156 636 1219; x_wconf 87' lang='lat' dir='ltr'><strong>statum</strong></span> <span class='ocrx_word' id='word_1_29' title='bbox 668 1150 826 1217; x_wconf 85' lang='lat' dir='ltr'><strong>amicitiae</strong></span> <span class='ocrx_word' id='word_1_30' title='bbox 857 1156 982 1217; x_wconf 88' lang='lat' dir='ltr'><strong>vestras</strong></span> <span class='ocrx_word' id='word_1_31' title='bbox 1008 1150 1132 1217; x_wconf 90' lang='lat' dir='ltr'><strong>nullum</strong></span> <span class='ocrx_word' id='word_1_32' title='bbox 1160 1151 1387 1237; x_wconf 86' lang='lat' dir='ltr'><strong>praeiudicium</strong></span> <span class='ocrx_word' id='word_1_33' title='bbox 1415 1152 1493 1219; x_wconf 83' lang='lat' dir='ltr'><strong>mihi</strong></span> 
     </span>
     <span class='ocr_line' id='line_1_5' title="bbox 334 1265 1492 1355; baseline 0.001 -20"><span class='ocrx_word' id='word_1_34' title='bbox 334 1266 409 1335; x_wconf 85' lang='lat' dir='ltr'><strong>iacit</strong></span> <span class='ocrx_word' id='word_1_35' title='bbox 485 1266 566 1335; x_wconf 84' lang='lat' dir='ltr'><strong>Cum</strong></span> <span class='ocrx_word' id='word_1_36' title='bbox 588 1267 696 1351; x_wconf 87' lang='lat' dir='ltr'><strong>itaque</strong></span> <span class='ocrx_word' id='word_1_37' title='bbox 717 1266 791 1333; x_wconf 90' lang='lat' dir='ltr'><strong>hinc</strong></span> <span class='ocrx_word' id='word_1_38' title='bbox 813 1285 901 1333; x_wconf 88' lang='lat' dir='ltr'><strong>amor</strong></span> <span class='ocrx_word' id='word_1_39' title='bbox 925 1266 1089 1333; x_wconf 77' lang='lat' dir='ltr'><strong>audaciam</strong></span> <span class='ocrx_word' id='word_1_40' title='bbox 1111 1265 1261 1352; x_wconf 88' lang='lat' dir='ltr'><strong>loquendi</strong></span> <span class='ocrx_word' id='word_1_41' title='bbox 1281 1268 1361 1335; x_wconf 88' lang='lat' dir='ltr'><strong>mihi</strong></span> <span class='ocrx_word' id='word_1_42' title='bbox 1377 1270 1492 1355; x_wconf 70' lang='lat' dir='ltr'><strong>pariat,</strong></span> 
     </span>
     <span class='ocr_line' id='line_1_6' title="bbox 334 1381 1495 1469; baseline 0.001 -18"><span class='ocrx_word' id='word_1_43' title='bbox 334 1383 398 1451; x_wconf 89' lang='lat' dir='ltr'><strong>inde</strong></span> <span class='ocrx_word' id='word_1_44' title='bbox 423 1404 496 1451; x_wconf 83' lang='lat' dir='ltr'><strong>vcro</strong></span> <span class='ocrx_word' id='word_1_45' title='bbox 525 1383 566 1451; x_wconf 87' lang='lat' dir='ltr'><strong>ad</strong></span> <span class='ocrx_word' id='word_1_46' title='bbox 594 1382 756 1469; x_wconf 84' lang='lat' dir='ltr'><strong>planctum</strong></span> <span class='ocrx_word' id='word_1_47' title='bbox 786 1387 818 1449; x_wconf 92' lang='lat' dir='ltr'><strong>et</strong></span> <span class='ocrx_word' id='word_1_48' title='bbox 846 1382 999 1466; x_wconf 78' lang='lat' dir='ltr'><strong>gemitum</strong></span> <span class='ocrx_word' id='word_1_49' title='bbox 1027 1381 1117 1449; x_wconf 92' lang='lat' dir='ltr'><strong>dolor</strong></span> <span class='ocrx_word' id='word_1_50' title='bbox 1141 1382 1360 1467; x_wconf 89' lang='lat' dir='ltr'><strong>singultuosus</strong></span> <span class='ocrx_word' id='word_1_51' title='bbox 1383 1390 1495 1469; x_wconf 85' lang='lat' dir='ltr'><strong>urgeat</strong></span> 
     </span>
     <span class='ocr_line' id='line_1_7' title="bbox 334 1497 1494 1584; baseline 0.002 -19"><span class='ocrx_word' id='word_1_52' title='bbox 334 1499 483 1584; x_wconf 83' lang='lat' dir='ltr'><strong>violenter,</strong></span> <span class='ocrx_word' id='word_1_53' title='bbox 506 1498 667 1583; x_wconf 85' lang='lat' dir='ltr'><strong>indulgete</strong></span> <span class='ocrx_word' id='word_1_54' title='bbox 689 1498 784 1583; x_wconf 86' lang='lat' dir='ltr'><strong>mihi,</strong></span> <span class='ocrx_word' id='word_1_55' title='bbox 807 1498 892 1565; x_wconf 90' lang='lat' dir='ltr'><strong>siin</strong></span> <span class='ocrx_word' id='word_1_56' title='bbox 915 1497 1019 1583; x_wconf 83' lang='lat' dir='ltr'><strong>aliquo</strong></span> <span class='ocrx_word' id='word_1_57' title='bbox 1042 1498 1137 1565; x_wconf 86' lang='lat' dir='ltr'><strong>verbo</strong></span> <span class='ocrx_word' id='word_1_58' title='bbox 1160 1498 1364 1567; x_wconf 86' lang='lat' dir='ltr'><strong>sobrietatem</strong></span> <span class='ocrx_word' id='word_1_59' title='bbox 1386 1501 1494 1567; x_wconf 91' lang='lat' dir='ltr'><strong>mode·</strong></span> 
     </span>
     <span class='ocr_line' id='line_1_8' title="bbox 334 1612 1494 1683; baseline 0 -2"><span class='ocrx_word' id='word_1_60' title='bbox 334 1614 405 1682; x_wconf 86' lang='lat' dir='ltr'><strong>stiae</strong></span> <span class='ocrx_word' id='word_1_61' title='bbox 431 1620 464 1683; x_wconf 88' lang='lat' dir='ltr'><strong>et</strong></span> <span class='ocrx_word' id='word_1_62' title='bbox 484 1614 603 1683; x_wconf 87' lang='lat' dir='ltr'><strong>limites</strong></span> <span class='ocrx_word' id='word_1_63' title='bbox 623 1615 798 1681; x_wconf 72' lang='lat' dir='ltr'><strong>honestatis</strong></span> <span class='ocrx_word' id='word_1_64' title='bbox 822 1613 947 1681; x_wconf 86' lang='lat' dir='ltr'><strong>excedo.</strong></span> <span class='ocrx_word' id='word_1_65' title='bbox 993 1612 1044 1679; x_wconf 85' lang='lat' dir='ltr'><strong>Ex</strong></span> <span class='ocrx_word' id='word_1_66' title='bbox 1067 1613 1261 1681; x_wconf 88' lang='lat' dir='ltr'><strong>abundantia</strong></span> <span class='ocrx_word' id='word_1_67' title='bbox 1282 1615 1367 1681; x_wconf 92' lang='lat' dir='ltr'><strong>enim</strong></span> <span class='ocrx_word' id='word_1_68' title='bbox 1390 1616 1494 1682; x_wconf 86' lang='lat' dir='ltr'><strong>cordis</strong></span> 
     </span>
     <span class='ocr_line' id='line_1_9' title="bbox 334 1726 1494 1817; baseline 0 -20"><span class='ocrx_word' id='word_1_69' title='bbox 334 1748 365 1797; x_wconf 90' lang='lat' dir='ltr'><strong>os</strong></span> <span class='ocrx_word' id='word_1_70' title='bbox 384 1730 520 1817; x_wconf 88' lang='lat' dir='ltr'><strong>loquitur</strong></span> <span class='ocrx_word' id='word_1_71' title='bbox 528 1727 546 1797; x_wconf 88' lang='lat'><strong>¹.</strong></span> <span class='ocrx_word' id='word_1_72' title='bbox 581 1730 664 1799; x_wconf 86' lang='lat' dir='ltr'><strong>Nam</strong></span> <span class='ocrx_word' id='word_1_73' title='bbox 684 1731 719 1797; x_wconf 92' lang='lat' dir='ltr'><strong>in</strong></span> <span class='ocrx_word' id='word_1_74' title='bbox 741 1729 952 1798; x_wconf 84' lang='lat' dir='ltr'><strong>amaritudine</strong></span> <span class='ocrx_word' id='word_1_75' title='bbox 974 1735 1024 1797; x_wconf 90' lang='lat' dir='ltr'><strong>est</strong></span> <span class='ocrx_word' id='word_1_76' title='bbox 1046 1730 1152 1796; x_wconf 89' lang='lat' dir='ltr'><strong>anima</strong></span> <span class='ocrx_word' id='word_1_77' title='bbox 1172 1726 1272 1815; x_wconf 77' lang='lat' dir='ltr'><strong>mea²‚</strong></span> <span class='ocrx_word' id='word_1_78' title='bbox 1295 1751 1375 1816; x_wconf 87' lang='lat' dir='ltr'><strong>quae</strong></span> <span class='ocrx_word' id='word_1_79' title='bbox 1391 1737 1494 1799; x_wconf 89' lang='lat' dir='ltr'><strong>totum</strong></span> 
     </span>
     <span class='ocr_line' id='line_1_10' title="bbox 333 1841 1492 1933; baseline 0.002 -22"><span class='ocrx_word' id='word_1_80' title='bbox 333 1844 417 1915; x_wconf 88' lang='lat' dir='ltr'><strong>huius</strong></span> <span class='ocrx_word' id='word_1_81' title='bbox 433 1846 585 1933; x_wconf 84' lang='lat' dir='ltr'><strong>epistolae</strong></span> <span class='ocrx_word' id='word_1_82' title='bbox 600 1866 727 1913; x_wconf 88' lang='lat' dir='ltr'><strong>cursum</strong></span> <span class='ocrx_word' id='word_1_83' title='bbox 741 1846 821 1913; x_wconf 90' lang='lat' dir='ltr'><strong>mihi</strong></span> <span class='ocrx_word' id='word_1_84' title='bbox 836 1846 874 1913; x_wconf 91' lang='lat' dir='ltr'><strong>de</strong></span> <span class='ocrx_word' id='word_1_85' title='bbox 890 1845 1007 1912; x_wconf 89' lang='lat' dir='ltr'><strong>doloris</strong></span> <span class='ocrx_word' id='word_1_86' title='bbox 1024 1841 1250 1912; x_wconf 86' lang='lat' dir='ltr'><strong>atramentario</strong></span> <span class='ocrx_word' id='word_1_87' title='bbox 1265 1846 1492 1913; x_wconf 86' lang='lat' dir='ltr'><strong>subministrat</strong></span> 
     </span>
    </p>

    <p class='ocr_par' dir='ltr' id='par_1_3' title="bbox 331 1961 1495 2977">
     <span class='ocr_line' id='line_1_11' title="bbox 412 1961 1495 2041; baseline 0 -12"><span class='ocrx_word' id='word_1_88' title='bbox 412 1962 488 2041; x_wconf 85' lang='lat' dir='ltr'><strong>Quis</strong></span> <span class='ocrx_word' id='word_1_89' title='bbox 510 1982 585 2029; x_wconf 86' lang='lat' dir='ltr'><strong>varo</strong></span> <span class='ocrx_word' id='word_1_90' title='bbox 608 1964 691 2030; x_wconf 88' lang='lat' dir='ltr'><strong>inter</strong></span> <span class='ocrx_word' id='word_1_91' title='bbox 713 1982 894 2029; x_wconf 90' lang='lat' dir='ltr'><strong>communes</strong></span> <span class='ocrx_word' id='word_1_92' title='bbox 915 1961 1062 2029; x_wconf 86' lang='lat' dir='ltr'><strong>lacrimas</strong></span> <span class='ocrx_word' id='word_1_93' title='bbox 1085 1961 1226 2028; x_wconf 90' lang='lat' dir='ltr'><strong>dolorem</strong></span> <span class='ocrx_word' id='word_1_94' title='bbox 1248 1962 1426 2029; x_wconf 88' lang='lat' dir='ltr'><strong>dissimulet</strong></span> <span class='ocrx_word' id='word_1_95' title='bbox 1439 1968 1495 2029; x_wconf 87' lang='lat' dir='ltr'><strong>aut</strong></span> 
     </span>
     <span class='ocr_line' id='line_1_12' title="bbox 331 2076 1495 2167; baseline 0.002 -24"><span class='ocrx_word' id='word_1_96' title='bbox 331 2078 501 2165; x_wconf 73' lang='lat' dir='ltr'><strong>supprimat</strong></span> <span class='ocrx_word' id='word_1_97' title='bbox 522 2078 684 2167; x_wconf 88' lang='lat' dir='ltr'><strong>planctus,</strong></span> <span class='ocrx_word' id='word_1_98' title='bbox 707 2079 761 2147; x_wconf 92' lang='lat' dir='ltr'><strong>ubi</strong></span> <span class='ocrx_word' id='word_1_99' title='bbox 784 2076 886 2145; x_wconf 89' lang='lat' dir='ltr'><strong>clarus</strong></span> <span class='ocrx_word' id='word_1_100' title='bbox 909 2077 1009 2162; x_wconf 86' lang='lat' dir='ltr'><strong>delet,</strong></span> <span class='ocrx_word' id='word_1_101' title='bbox 1032 2077 1224 2145; x_wconf 87' lang='lat' dir='ltr'><strong>lamentatur</strong></span> <span class='ocrx_word' id='word_1_102' title='bbox 1245 2077 1374 2162; x_wconf 86' lang='lat' dir='ltr'><strong>religio,</strong></span> <span class='ocrx_word' id='word_1_103' title='bbox 1396 2078 1495 2163; x_wconf 87' lang='lat' dir='ltr'><strong>gemit</strong></span> 
     </span>
     <span class='ocr_line' id='line_1_13' title="bbox 332 2192 1495 2281; baseline 0.002 -22"><span class='ocrx_word' id='word_1_104' title='bbox 332 2194 474 2280; x_wconf 87' lang='lat' dir='ltr'><strong>populus,</strong></span> <span class='ocrx_word' id='word_1_105' title='bbox 502 2194 652 2262; x_wconf 84' lang='lat' dir='ltr'><strong>nobilitas</strong></span> <span class='ocrx_word' id='word_1_106' title='bbox 681 2194 848 2261; x_wconf 78' lang='lat' dir='ltr'><strong>anxiatur?</strong></span> <span class='ocrx_word' id='word_1_107' title='bbox 880 2192 952 2261; x_wconf 88' lang='lat' dir='ltr'><strong>Non</strong></span> <span class='ocrx_word' id='word_1_108' title='bbox 974 2198 1080 2281; x_wconf 90' lang='lat' dir='ltr'><strong>potest</strong></span> <span class='ocrx_word' id='word_1_109' title='bbox 1101 2193 1243 2260; x_wconf 89' lang='lat' dir='ltr'><strong>omnium</strong></span> <span class='ocrx_word' id='word_1_110' title='bbox 1264 2214 1408 2261; x_wconf 91' lang='lat' dir='ltr'><strong>moerore</strong></span> <span class='ocrx_word' id='word_1_111' title='bbox 1429 2214 1495 2262; x_wconf 91' lang='lat' dir='ltr'><strong>non</strong></span> 
     </span>
     <span class='ocr_line' id='line_1_14' title="bbox 332 2308 1495 2396; baseline 0.001 -20"><span class='ocrx_word' id='word_1_112' title='bbox 332 2308 448 2395; x_wconf 79' lang='lat' dir='ltr'><strong>plangi,</strong></span> <span class='ocrx_word' id='word_1_113' title='bbox 472 2311 527 2396; x_wconf 90' lang='lat' dir='ltr'><strong>qui</strong></span> <span class='ocrx_word' id='word_1_114' title='bbox 549 2310 663 2379; x_wconf 89' lang='lat' dir='ltr'><strong>colitur</strong></span> <span class='ocrx_word' id='word_1_115' title='bbox 685 2315 717 2379; x_wconf 88' lang='lat' dir='ltr'><strong>et</strong></span> <span class='ocrx_word' id='word_1_116' title='bbox 738 2311 863 2377; x_wconf 83' lang='lat' dir='ltr'><strong>fovetur</strong></span> <span class='ocrx_word' id='word_1_117' title='bbox 886 2328 993 2377; x_wconf 88' lang='lat' dir='ltr'><strong>amore</strong></span> <span class='ocrx_word' id='word_1_118' title='bbox 1016 2310 1185 2377; x_wconf 86' lang='lat' dir='ltr'><strong>communi.</strong></span> <span class='ocrx_word' id='word_1_119' title='bbox 1230 2309 1358 2377; x_wconf 90' lang='lat' dir='ltr'><strong>Decidit</strong></span> <span class='ocrx_word' id='word_1_120' title='bbox 1378 2330 1495 2377; x_wconf 86' lang='lat' dir='ltr'><strong>corona</strong></span> 
     </span>
     <span class='ocr_line' id='line_1_15' title="bbox 332 2422 1495 2512; baseline 0 -19"><span class='ocrx_word' id='word_1_121' title='bbox 332 2426 437 2512; x_wconf 84' lang='lat' dir='ltr'><strong>capitis</strong></span> <span class='ocrx_word' id='word_1_122' title='bbox 463 2422 592 2511; x_wconf 84' lang='lat' dir='ltr'><strong>nostri⁸,</strong></span> <span class='ocrx_word' id='word_1_123' title='bbox 621 2431 653 2493; x_wconf 89' lang='lat' dir='ltr'><strong>et</strong></span> <span class='ocrx_word' id='word_1_124' title='bbox 679 2424 713 2493; x_wconf 92' lang='lat' dir='ltr'><strong>in</strong></span> <span class='ocrx_word' id='word_1_125' title='bbox 741 2426 861 2495; x_wconf 90' lang='lat' dir='ltr'><strong>luctum</strong></span> <span class='ocrx_word' id='word_1_126' title='bbox 889 2444 999 2493; x_wconf 83' lang='lat' dir='ltr'><strong>versus</strong></span> <span class='ocrx_word' id='word_1_127' title='bbox 1028 2431 1077 2493; x_wconf 90' lang='lat' dir='ltr'><strong>est</strong></span> <span class='ocrx_word' id='word_1_128' title='bbox 1105 2426 1218 2493; x_wconf 89' lang='lat' dir='ltr'><strong>chorus</strong></span> <span class='ocrx_word' id='word_1_129' title='bbox 1246 2423 1381 2493; x_wconf 81' lang='lat' dir='ltr'><strong>nostsr‘.</strong></span> <span class='ocrx_word' id='word_1_130' title='bbox 1426 2426 1495 2493; x_wconf 86' lang='lat' dir='ltr'><strong>Rex</strong></span> 
     </span>
     <span class='ocr_line' id='line_1_16' title="bbox 332 2538 1495 2630; baseline 0.001 -22"><span class='ocrx_word' id='word_1_131' title='bbox 332 2538 447 2609; x_wconf 79' lang='lat' dir='ltr'><strong>noster⁵</strong></span> <span class='ocrx_word' id='word_1_132' title='bbox 469 2542 503 2609; x_wconf 94' lang='lat' dir='ltr'><strong>in</strong></span> <span class='ocrx_word' id='word_1_133' title='bbox 525 2542 656 2609; x_wconf 77' lang='lat' dir='ltr'><strong>frixorio</strong></span> <span class='ocrx_word' id='word_1_134' title='bbox 680 2548 743 2625; x_wconf 84' lang='lat' dir='ltr'><strong>est3</strong></span> <span class='ocrx_word' id='word_1_135' title='bbox 772 2552 805 2611; x_wconf 88' lang='lat' dir='ltr'><strong>et</strong></span> <span class='ocrx_word' id='word_1_136' title='bbox 826 2542 989 2609; x_wconf 89' lang='lat' dir='ltr'><strong>occasione</strong></span> <span class='ocrx_word' id='word_1_137' title='bbox 1010 2540 1097 2609; x_wconf 88' lang='lat' dir='ltr'><strong>iilius</strong></span> <span class='ocrx_word' id='word_1_138' title='bbox 1117 2541 1152 2608; x_wconf 92' lang='lat' dir='ltr'><strong>in</strong></span> <span class='ocrx_word' id='word_1_139' title='bbox 1175 2562 1271 2627; x_wconf 91' lang='lat' dir='ltr'><strong>quam</strong></span> <span class='ocrx_word' id='word_1_140' title='bbox 1293 2543 1400 2629; x_wconf 89' lang='lat' dir='ltr'><strong>plures</strong></span> <span class='ocrx_word' id='word_1_141' title='bbox 1420 2563 1495 2630; x_wconf 91' lang='lat' dir='ltr'><strong>pro·</strong></span> 
     </span>
     <span class='ocr_line' id='line_1_17' title="bbox 333 2656 1495 2745; baseline 0.003 -22"><span class='ocrx_word' id='word_1_142' title='bbox 333 2658 444 2727; x_wconf 72' lang='lat' dir='ltr'><strong>ducim</strong></span> <span class='ocrx_word' id='word_1_143' title='bbox 471 2658 565 2725; x_wconf 89' lang='lat' dir='ltr'><strong>huius</strong></span> <span class='ocrx_word' id='word_1_144' title='bbox 593 2658 734 2726; x_wconf 87' lang='lat' dir='ltr'><strong>malitiae</strong></span> <span class='ocrx_word' id='word_1_145' title='bbox 761 2662 888 2742; x_wconf 80' lang='lat' dir='ltr'><strong>sartago</strong></span> <span class='ocrx_word' id='word_1_146' title='bbox 916 2658 1066 2725; x_wconf 81' lang='lat' dir='ltr'><strong>desaevit</strong></span> <span class='ocrx_word' id='word_1_147' title='bbox 1113 2656 1178 2723; x_wconf 90' lang='lat' dir='ltr'><strong>Suo</strong></span> <span class='ocrx_word' id='word_1_148' title='bbox 1206 2657 1333 2724; x_wconf 91' lang='lat' dir='ltr'><strong>domino</strong></span> <span class='ocrx_word' id='word_1_149' title='bbox 1360 2659 1495 2745; x_wconf 89' lang='lat' dir='ltr'><strong>patienti</strong></span> 
     </span>
     <span class='ocr_line' id='line_1_18' title="bbox 332 2774 1494 2860; baseline 0.001 -21"><span class='ocrx_word' id='word_1_150' title='bbox 332 2774 517 2843; x_wconf 77' lang='lat' dir='ltr'><strong>onobesois</strong></span> <span class='ocrx_word' id='word_1_151' title='bbox 549 2779 582 2843; x_wconf 91' lang='lat' dir='ltr'><strong>ot</strong></span> <span class='ocrx_word' id='word_1_152' title='bbox 614 2775 818 2842; x_wconf 91' lang='lat' dir='ltr'><strong>commoritur</strong></span> <span class='ocrx_word' id='word_1_153' title='bbox 851 2774 1055 2858; x_wconf 75' lang='lat' dir='ltr'><strong>universitas,</strong></span> <span class='ocrx_word' id='word_1_154' title='bbox 1091 2778 1124 2840; x_wconf 88' lang='lat' dir='ltr'><strong>et</strong></span> <span class='ocrx_word' id='word_1_155' title='bbox 1155 2794 1214 2860; x_wconf 92' lang='lat' dir='ltr'><strong>per</strong></span> <span class='ocrx_word' id='word_1_156' title='bbox 1243 2774 1494 2860; x_wconf 78' lang='lat' dir='ltr'><strong>compassionem</strong></span> 
     </span>
     <span class='ocr_line' id='line_1_19' title="bbox 333 2888 990 2977; baseline -0.005 -20"><span class='ocrx_word' id='word_1_157' title='bbox 333 2888 452 2958; x_wconf 76' lang='lat' dir='ltr'><strong>afflictio</strong></span> <span class='ocrx_word' id='word_1_158' title='bbox 475 2890 588 2977; x_wconf 86' lang='lat' dir='ltr'><strong>capitis</strong></span> <span class='ocrx_word' id='word_1_159' title='bbox 610 2891 645 2957; x_wconf 93' lang='lat' dir='ltr'><strong>in</strong></span> <span class='ocrx_word' id='word_1_160' title='bbox 667 2889 811 2957; x_wconf 87' lang='lat' dir='ltr'><strong>membra</strong></span> <span class='ocrx_word' id='word_1_161' title='bbox 832 2888 990 2955; x_wconf 78' lang='lat' dir='ltr'><strong>discurrit</strong></span> 
     </span>
    </p>

    <p class='ocr_par' dir='ltr' id='par_1_4' title="bbox 333 3001 1498 4603">
     <span class='ocr_line' id='line_1_20' title="bbox 412 3001 1495 3090; baseline -0.001 -17"><span class='ocrx_word' id='word_1_162' title='bbox 412 3006 470 3073; x_wconf 85' lang='lat' dir='ltr'><strong>Vir</strong></span> <span class='ocrx_word' id='word_1_163' title='bbox 493 3006 683 3090; x_wconf 77' lang='lat' dir='ltr'><strong>sanguinum</strong></span> <span class='ocrx_word' id='word_1_164' title='bbox 705 3010 738 3072; x_wconf 93' lang='lat' dir='ltr'><strong>et</strong></span> <span class='ocrx_word' id='word_1_165' title='bbox 759 3008 907 3073; x_wconf 84' lang='lat' dir='ltr'><strong>cruentae</strong></span> <span class='ocrx_word' id='word_1_166' title='bbox 929 3003 1140 3071; x_wconf 86' lang='lat' dir='ltr'><strong>conscientiae</strong></span> <span class='ocrx_word' id='word_1_167' title='bbox 1161 3004 1226 3070; x_wconf 86' lang='lat' dir='ltr'><strong>dux</strong></span> <span class='ocrx_word' id='word_1_168' title='bbox 1241 3001 1409 3071; x_wconf 80' lang='lat' dir='ltr'><strong>Austriae⁶</strong></span> <span class='ocrx_word' id='word_1_169' title='bbox 1431 3026 1495 3073; x_wconf 93' lang='lat' dir='ltr'><strong>non</strong></span> 
     </span>
     <span class='ocr_line' id='line_1_21' title="bbox 333 3119 1498 3206; baseline 0.001 -18"><span class='ocrx_word' id='word_1_170' title='bbox 333 3127 375 3188; x_wconf 89' lang='lat' dir='ltr'><strong>est</strong></span> <span class='ocrx_word' id='word_1_171' title='bbox 405 3123 523 3191; x_wconf 87' lang='lat' dir='ltr'><strong>veritos</strong></span> <span class='ocrx_word' id='word_1_172' title='bbox 557 3122 591 3189; x_wconf 93' lang='lat' dir='ltr'><strong>in</strong></span> <span class='ocrx_word' id='word_1_173' title='bbox 619 3122 773 3189; x_wconf 86' lang='lat' dir='ltr'><strong>christum</strong></span> <span class='ocrx_word' id='word_1_174' title='bbox 800 3120 930 3191; x_wconf 89' lang='lat' dir='ltr'><strong>Domini</strong></span> <span class='ocrx_word' id='word_1_175' title='bbox 958 3119 1128 3203; x_wconf 87' lang='lat' dir='ltr'><strong>sacrilegas</strong></span> <span class='ocrx_word' id='word_1_176' title='bbox 1154 3140 1269 3186; x_wconf 85' lang='lat' dir='ltr'><strong>manus</strong></span> <span class='ocrx_word' id='word_1_177' title='bbox 1296 3120 1431 3206; x_wconf 82' lang='lat' dir='ltr'><strong>inicere,</strong></span> <span class='ocrx_word' id='word_1_178' title='bbox 1464 3128 1498 3189; x_wconf 91' lang='lat' dir='ltr'><strong>et</strong></span> 
     </span>
     <span class='ocr_line' id='line_1_22' title="bbox 333 3236 1497 3325; baseline -0.002 -20"><span class='ocrx_word' id='word_1_179' title='bbox 333 3238 420 3322; x_wconf 88' lang='lat' dir='ltr'><strong>podes</strong></span> <span class='ocrx_word' id='word_1_180' title='bbox 447 3238 603 3307; x_wconf 90' lang='lat' dir='ltr'><strong>calceatos</strong></span> <span class='ocrx_word' id='word_1_181' title='bbox 630 3240 666 3305; x_wconf 90' lang='lat' dir='ltr'><strong>in</strong></span> <span class='ocrx_word' id='word_1_182' title='bbox 694 3236 877 3322; x_wconf 85' lang='lat' dir='ltr'><strong>euangelio·</strong></span> <span class='ocrx_word' id='word_1_183' title='bbox 899 3238 986 3323; x_wconf 89' lang='lat' dir='ltr'><strong>pacis</strong></span> <span class='ocrx_word' id='word_1_184' title='bbox 1014 3236 1125 3303; x_wconf 83' lang='lat' dir='ltr'><strong>ferreis</strong></span> <span class='ocrx_word' id='word_1_185' title='bbox 1147 3236 1315 3303; x_wconf 88' lang='lat' dir='ltr'><strong>humiliare</strong></span> <span class='ocrx_word' id='word_1_186' title='bbox 1336 3238 1497 3325; x_wconf 91' lang='lat' dir='ltr'><strong>compedi-</strong></span> 
     </span>
     <span class='ocr_line' id='line_1_23' title="bbox 333 3348 1496 3424; baseline 0.002 -5"><span class='ocrx_word' id='word_1_187' title='bbox 333 3350 393 3421; x_wconf 90' lang='lat' dir='ltr'><strong>bus.</strong></span> <span class='ocrx_word' id='word_1_188' title='bbox 439 3355 603 3424; x_wconf 88' lang='lat' dir='ltr'><strong>Terribilis</strong></span> <span class='ocrx_word' id='word_1_189' title='bbox 635 3355 671 3421; x_wconf 93' lang='lat' dir='ltr'><strong>in</strong></span> <span class='ocrx_word' id='word_1_190' title='bbox 704 3354 829 3421; x_wconf 86' lang='lat' dir='ltr'><strong>iudiciis</strong></span> <span class='ocrx_word' id='word_1_191' title='bbox 856 3348 960 3419; x_wconf 64' lang='lat' dir='ltr'><strong>Deus*</strong></span> <span class='ocrx_word' id='word_1_192' title='bbox 989 3352 1133 3419; x_wconf 88' lang='lat' dir='ltr'><strong>destruat</strong></span> <span class='ocrx_word' id='word_1_193' title='bbox 1161 3352 1252 3419; x_wconf 90' lang='lat' dir='ltr'><strong>illum</strong></span> <span class='ocrx_word' id='word_1_194' title='bbox 1278 3352 1313 3419; x_wconf 91' lang='lat' dir='ltr'><strong>in</strong></span> <span class='ocrx_word' id='word_1_195' title='bbox 1339 3352 1435 3421; x_wconf 86' lang='lat' dir='ltr'><strong>finem</strong></span> <span class='ocrx_word' id='word_1_196' title='bbox 1463 3360 1496 3421; x_wconf 91' lang='lat' dir='ltr'><strong>et</strong></span> 
     </span>
     <span class='ocr_line' id='line_1_24' title="bbox 334 3465 1495 3555; baseline 0.001 -20"><span class='ocrx_word' id='word_1_197' title='bbox 334 3470 440 3539; x_wconf 81' lang='lat' dir='ltr'><strong>evellat</strong></span> <span class='ocrx_word' id='word_1_198' title='bbox 461 3471 500 3539; x_wconf 91' lang='lat' dir='ltr'><strong>de</strong></span> <span class='ocrx_word' id='word_1_199' title='bbox 521 3470 724 3539; x_wconf 71' lang='lat' dir='ltr'><strong>tabernaculo</strong></span> <span class='ocrx_word' id='word_1_200' title='bbox 747 3490 803 3538; x_wconf 86' lang='lat' dir='ltr'><strong>suo</strong></span> <span class='ocrx_word' id='word_1_201' title='bbox 827 3474 859 3537; x_wconf 91' lang='lat' dir='ltr'><strong>et</strong></span> <span class='ocrx_word' id='word_1_202' title='bbox 879 3468 1018 3536; x_wconf 88' lang='lat' dir='ltr'><strong>radicem</strong></span> <span class='ocrx_word' id='word_1_203' title='bbox 1041 3470 1108 3536; x_wconf 91' lang='lat' dir='ltr'><strong>eius</strong></span> <span class='ocrx_word' id='word_1_204' title='bbox 1131 3469 1170 3536; x_wconf 91' lang='lat' dir='ltr'><strong>de</strong></span> <span class='ocrx_word' id='word_1_205' title='bbox 1192 3465 1495 3555; x_wconf 58' lang='lat' dir='ltr'><strong>anteventum,</strong></span> 
     </span>
     <span class='ocr_line' id='line_1_25' title="bbox 333 3580 1496 3673; baseline 0 -20"><span class='ocrx_word' id='word_1_206' title='bbox 333 3604 384 3670; x_wconf 93' lang='lat' dir='ltr'><strong>pro</strong></span> <span class='ocrx_word' id='word_1_207' title='bbox 406 3606 444 3655; x_wconf 89' lang='lat' dir='ltr'><strong>ec</strong></span> <span class='ocrx_word' id='word_1_208' title='bbox 467 3584 551 3673; x_wconf 88' lang='lat' dir='ltr'><strong>quod</strong></span> <span class='ocrx_word' id='word_1_209' title='bbox 573 3606 637 3653; x_wconf 93' lang='lat' dir='ltr'><strong>non</strong></span> <span class='ocrx_word' id='word_1_210' title='bbox 660 3590 708 3655; x_wconf 86' lang='lat' dir='ltr'><strong>est</strong></span> <span class='ocrx_word' id='word_1_211' title='bbox 729 3585 911 3653; x_wconf 85' lang='lat' dir='ltr'><strong>recordatus</strong></span> <span class='ocrx_word' id='word_1_212' title='bbox 934 3585 1038 3653; x_wconf 87' lang='lat' dir='ltr'><strong>iacere</strong></span> <span class='ocrx_word' id='word_1_213' title='bbox 1051 3580 1328 3671; x_wconf 58' lang='lat' dir='ltr'><strong>misericordiam,</strong></span> <span class='ocrx_word' id='word_1_214' title='bbox 1351 3585 1409 3653; x_wconf 89' lang='lat' dir='ltr'><strong>sed</strong></span> <span class='ocrx_word' id='word_1_215' title='bbox 1423 3607 1496 3673; x_wconf 87' lang='lat' dir='ltr'><strong>per-</strong></span> 
     </span>
     <span class='ocr_line' id='line_1_26' title="bbox 333 3698 1495 3789; baseline 0.002 -22"><span class='ocrx_word' id='word_1_216' title='bbox 333 3708 449 3770; x_wconf 87' lang='lat' dir='ltr'><strong>secutus</strong></span> <span class='ocrx_word' id='word_1_217' title='bbox 473 3710 523 3771; x_wconf 88' lang='lat' dir='ltr'><strong>est</strong></span> <span class='ocrx_word' id='word_1_218' title='bbox 543 3698 730 3771; x_wconf 86' lang='lat' dir='ltr'><strong>homincm¹⁰</strong></span> <span class='ocrx_word' id='word_1_219' title='bbox 747 3702 947 3769; x_wconf 89' lang='lat' dir='ltr'><strong>innocentem</strong></span> <span class='ocrx_word' id='word_1_220' title='bbox 970 3707 1002 3769; x_wconf 90' lang='lat' dir='ltr'><strong>et</strong></span> <span class='ocrx_word' id='word_1_221' title='bbox 1022 3702 1237 3789; x_wconf 77' lang='lat' dir='ltr'><strong>peregrinum,</strong></span> <span class='ocrx_word' id='word_1_222' title='bbox 1260 3700 1362 3768; x_wconf 88' lang='lat' dir='ltr'><strong>adhuc</strong></span> <span class='ocrx_word' id='word_1_223' title='bbox 1382 3702 1417 3768; x_wconf 92' lang='lat' dir='ltr'><strong>in</strong></span> <span class='ocrx_word' id='word_1_224' title='bbox 1440 3702 1495 3769; x_wconf 85' lang='lat' dir='ltr'><strong>ob-</strong></span> 
     </span>
     <span class='ocr_line' id='line_1_27' title="bbox 333 3816 1493 3905; baseline 0.003 -25"><span class='ocrx_word' id='word_1_225' title='bbox 333 3820 433 3903; x_wconf 85' lang='lat' dir='ltr'><strong>sequio</strong></span> <span class='ocrx_word' id='word_1_226' title='bbox 462 3818 613 3889; x_wconf 77' lang='lat' dir='ltr'><strong>crucifixi</strong></span> <span class='ocrx_word' id='word_1_227' title='bbox 647 3824 680 3887; x_wconf 89' lang='lat' dir='ltr'><strong>et</strong></span> <span class='ocrx_word' id='word_1_228' title='bbox 711 3819 745 3885; x_wconf 91' lang='lat' dir='ltr'><strong>in</strong></span> <span class='ocrx_word' id='word_1_229' title='bbox 777 3818 998 3905; x_wconf 87' lang='lat' dir='ltr'><strong>procuratione</strong></span> <span class='ocrx_word' id='word_1_230' title='bbox 1030 3818 1077 3885; x_wconf 89' lang='lat' dir='ltr'><strong>rei</strong></span> <span class='ocrx_word' id='word_1_231' title='bbox 1104 3816 1251 3905; x_wconf 88' lang='lat' dir='ltr'><strong>publicae</strong></span> <span class='ocrx_word' id='word_1_232' title='bbox 1277 3818 1493 3885; x_wconf 78' lang='lat' dir='ltr'><strong>coustitutum,</strong></span> 
     </span>
     <span class='ocr_line' id='line_1_28' title="bbox 333 3930 1495 4023; baseline 0.005 -27"><span class='ocrx_word' id='word_1_233' title='bbox 333 3930 405 4000; x_wconf 77' lang='lat' dir='ltr'><strong>(tum</strong></span> <span class='ocrx_word' id='word_1_234' title='bbox 428 3936 513 4003; x_wconf 90' lang='lat' dir='ltr'><strong>onim</strong></span> <span class='ocrx_word' id='word_1_235' title='bbox 535 3956 593 4023; x_wconf 92' lang='lat' dir='ltr'><strong>pro</strong></span> <span class='ocrx_word' id='word_1_236' title='bbox 615 3938 805 4003; x_wconf 83' lang='lat' dir='ltr'><strong>testamento</strong></span> <span class='ocrx_word' id='word_1_237' title='bbox 820 3932 881 4001; x_wconf 91' lang='lat' dir='ltr'><strong>Dei</strong></span> <span class='ocrx_word' id='word_1_238' title='bbox 902 3932 1027 4000; x_wconf 90' lang='lat' dir='ltr'><strong>labores</strong></span> <span class='ocrx_word' id='word_1_239' title='bbox 1050 3934 1162 4000; x_wconf 85' lang='lat' dir='ltr'><strong>anxios</strong></span> <span class='ocrx_word' id='word_1_240' title='bbox 1178 3934 1354 4018; x_wconf 70' lang='lat' dir='ltr'><strong>tolerasset,</strong></span> <span class='ocrx_word' id='word_1_241' title='bbox 1376 3933 1495 4003; x_wconf 83' lang='lat' dir='ltr'><strong>exhau-</strong></span> 
     </span>
     <span class='ocr_line' id='line_1_29' title="bbox 333 4049 1494 4136; baseline 0.002 -20"><span class='ocrx_word' id='word_1_242' title='bbox 333 4050 386 4116; x_wconf 82' lang='lat' dir='ltr'><strong>stis</strong></span> <span class='ocrx_word' id='word_1_243' title='bbox 406 4050 526 4119; x_wconf 86' lang='lat' dir='ltr'><strong>bellicis</strong></span> <span class='ocrx_word' id='word_1_244' title='bbox 548 4051 715 4119; x_wconf 88' lang='lat' dir='ltr'><strong>sudoribus</strong></span> <span class='ocrx_word' id='word_1_245' title='bbox 738 4056 770 4119; x_wconf 92' lang='lat' dir='ltr'><strong>et</strong></span> <span class='ocrx_word' id='word_1_246' title='bbox 792 4050 949 4136; x_wconf 84' lang='lat' dir='ltr'><strong>expensis,</strong></span> <span class='ocrx_word' id='word_1_247' title='bbox 973 4049 1014 4115; x_wconf 92' lang='lat' dir='ltr'><strong>ad</strong></span> <span class='ocrx_word' id='word_1_248' title='bbox 1035 4050 1167 4136; x_wconf 87' lang='lat' dir='ltr'><strong>propria</strong></span> <span class='ocrx_word' id='word_1_249' title='bbox 1186 4049 1359 4136; x_wconf 76' lang='lat' dir='ltr'><strong>remeabat,</strong></span> <span class='ocrx_word' id='word_1_250' title='bbox 1381 4056 1418 4117; x_wconf 88' lang='lat' dir='ltr'><strong>ut</strong></span> <span class='ocrx_word' id='word_1_251' title='bbox 1439 4052 1494 4118; x_wconf 87' lang='lat' dir='ltr'><strong>de·</strong></span> 
     </span>
     <span class='ocr_line' id='line_1_30' title="bbox 333 4164 1494 4253; baseline 0.003 -24"><span class='ocrx_word' id='word_1_252' title='bbox 333 4182 406 4250; x_wconf 86' lang='lat' dir='ltr'><strong>nuo,</strong></span> <span class='ocrx_word' id='word_1_253' title='bbox 435 4170 536 4237; x_wconf 87' lang='lat' dir='ltr'><strong>maius</strong></span> <span class='ocrx_word' id='word_1_254' title='bbox 559 4168 774 4237; x_wconf 87' lang='lat' dir='ltr'><strong>testimonium</strong></span> <span class='ocrx_word' id='word_1_255' title='bbox 797 4164 888 4233; x_wconf 68' lang='lat' dir='ltr'><strong>fideib</strong></span> <span class='ocrx_word' id='word_1_256' title='bbox 911 4165 1110 4249; x_wconf 82' lang='lat' dir='ltr'><strong>redditurus,</strong></span> <span class='ocrx_word' id='word_1_257' title='bbox 1136 4166 1340 4253; x_wconf 79' lang='lat' dir='ltr'><strong>prudentiore</strong></span> <span class='ocrx_word' id='word_1_258' title='bbox 1362 4164 1494 4233; x_wconf 92' lang='lat' dir='ltr'><strong>consilio</strong></span> 
     </span>
     <span class='ocr_line' id='line_1_31' title="bbox 334 4282 1492 4373; baseline 0.002 -26"><span class='ocrx_word' id='word_1_259' title='bbox 334 4284 362 4347; x_wconf 83' lang='lat' dir='ltr'><strong>a</strong></span> <span class='ocrx_word' id='word_1_260' title='bbox 380 4283 568 4353; x_wconf 80' lang='lat' dir='ltr'><strong>felicioribus</strong></span> <span class='ocrx_word' id='word_1_261' title='bbox 591 4284 741 4373; x_wconf 87' lang='lat' dir='ltr'><strong>auspiciis</strong></span> <span class='ocrx_word' id='word_1_262' title='bbox 763 4284 847 4351; x_wconf 87' lang='lat' dir='ltr'><strong>viam</strong></span> <span class='ocrx_word' id='word_1_263' title='bbox 867 4282 1021 4351; x_wconf 89' lang='lat' dir='ltr'><strong>secundae</strong></span> <span class='ocrx_word' id='word_1_264' title='bbox 1035 4282 1299 4369; x_wconf 87' lang='lat' dir='ltr'><strong>peregrinationis</strong></span> <span class='ocrx_word' id='word_1_265' title='bbox 1312 4282 1492 4349; x_wconf 82' lang='lat' dir='ltr'><strong>instrueret</strong></span> 
     </span>
     <span class='ocr_line' id='line_1_32' title="bbox 333 4392 1492 4487; baseline 0.003 -25"><span class='ocrx_word' id='word_1_266' title='bbox 333 4392 372 4463; x_wconf 86' lang='lat' dir='ltr'><strong>Et</strong></span> <span class='ocrx_word' id='word_1_267' title='bbox 391 4418 488 4487; x_wconf 87' lang='lat' dir='ltr'><strong>nunc,</strong></span> <span class='ocrx_word' id='word_1_268' title='bbox 516 4420 623 4485; x_wconf 83' lang='lat' dir='ltr'><strong>reges,</strong></span> <span class='ocrx_word' id='word_1_269' title='bbox 651 4399 833 4485; x_wconf 87' lang='lat' dir='ltr'><strong>intelligite,</strong></span> <span class='ocrx_word' id='word_1_270' title='bbox 856 4398 1097 4467; x_wconf 89' lang='lat' dir='ltr'><strong>reminiscimini</strong></span> <span class='ocrx_word' id='word_1_271' title='bbox 1118 4399 1174 4484; x_wconf 89' lang='lat' dir='ltr'><strong>qui</strong></span> <span class='ocrx_word' id='word_1_272' title='bbox 1194 4398 1341 4464; x_wconf 90' lang='lat' dir='ltr'><strong>indicatis</strong></span> <span class='ocrx_word' id='word_1_273' title='bbox 1361 4402 1492 4483; x_wconf 74' lang='lat' dir='ltr'><strong>terram,</strong></span> 
     </span>
     <span class='ocr_line' id='line_1_33' title="bbox 335 4512 1492 4603; baseline -0.002 -20"><span class='ocrx_word' id='word_1_274' title='bbox 335 4512 515 4603; x_wconf 72' lang='lat' dir='ltr'><strong>uunquam</strong></span> <span class='ocrx_word' id='word_1_275' title='bbox 537 4516 577 4584; x_wconf 90' lang='lat' dir='ltr'><strong>ab</strong></span> <span class='ocrx_word' id='word_1_276' title='bbox 598 4516 734 4585; x_wconf 84' lang='lat' dir='ltr'><strong>infantia</strong></span> <span class='ocrx_word' id='word_1_277' title='bbox 754 4516 913 4585; x_wconf 90' lang='lat' dir='ltr'><strong>nascentis</strong></span> <span class='ocrx_word' id='word_1_278' title='bbox 935 4516 1085 4585; x_wconf 88' lang='lat' dir='ltr'><strong>ecclesiae</strong></span> <span class='ocrx_word' id='word_1_279' title='bbox 1108 4514 1222 4600; x_wconf 86' lang='lat' dir='ltr'><strong>uliquis</strong></span> <span class='ocrx_word' id='word_1_280' title='bbox 1242 4534 1311 4599; x_wconf 83' lang='lat' dir='ltr'><strong>rex,</strong></span> <span class='ocrx_word' id='word_1_281' title='bbox 1332 4514 1492 4601; x_wconf 86' lang='lat' dir='ltr'><strong>pacificus,</strong></span> 
     </span>
    </p>
   </div>
   <div class='ocr_carea' id='block_1_3' title="bbox 402 4648 888 4709">
    <p class='ocr_par' dir='ltr' id='par_1_5' title="bbox 402 4648 888 4709">
     <span class='ocr_line' id='line_1_34' title="bbox 402 4648 888 4709; baseline 0 -12"><span class='ocrx_word' id='word_1_282' title='bbox 402 4662 423 4697; x_wconf 79' lang='grc' dir='ltr'>ι</span> <span class='ocrx_word' id='word_1_283' title='bbox 441 4650 583 4709; x_wconf 74' lang='lat' dir='ltr'><strong>cumgsliom</strong></span> <span class='ocrx_word' id='word_1_284' title='bbox 598 4652 621 4698; x_wconf 69' lang='lat'><strong>2.</strong></span> <span class='ocrx_word' id='word_1_285' title='bbox 696 4650 720 4698; x_wconf 83' lang='lat' dir='ltr'><strong>b.</strong></span> <span class='ocrx_word' id='word_1_286' title='bbox 739 4648 795 4698; x_wconf 81' lang='lat' dir='ltr'><strong>fidei</strong></span> <span class='ocrx_word' id='word_1_287' title='bbox 810 4668 853 4697; x_wconf 83' lang='lat' dir='ltr'><strong>om.</strong></span> <span class='ocrx_word' id='word_1_288' title='bbox 866 4652 888 4697; x_wconf 91' lang='lat'><strong>1.</strong></span> 
     </span>
    </p>
   </div>
   <div class='ocr_carea' id='block_1_4' title="bbox 337 4731 1491 4985">
    <p class='ocr_par' dir='ltr' id='par_1_6' title="bbox 337 4731 1491 4985">
     <span class='ocr_line' id='line_1_35' title="bbox 399 4731 1491 4809; baseline 0 -19"><span class='ocrx_word' id='word_1_289' title='bbox 399 4736 424 4791; x_wconf 90' lang='lat'><strong>1.</strong></span> <span class='ocrx_word' id='word_1_290' title='bbox 446 4736 541 4792; x_wconf 74' lang='lat' dir='ltr'><strong>mun.</strong></span> <span class='ocrx_word' id='word_1_291' title='bbox 560 4738 604 4809; x_wconf 77' lang='lat'><strong>12,</strong></span> <span class='ocrx_word' id='word_1_292' title='bbox 622 4736 666 4793; x_wconf 77' lang='lat' dir='ltr'><strong>se</strong></span> <span class='ocrx_word' id='word_1_293' title='bbox 790 4732 816 4793; x_wconf 78' lang='lat' dir='ltr'><strong>a.</strong></span> <span class='ocrx_word' id='word_1_294' title='bbox 840 4734 881 4792; x_wconf 85' lang='lat' dir='ltr'><strong>cr.</strong></span> <span class='ocrx_word' id='word_1_295' title='bbox 899 4736 918 4791; x_wconf 86' lang='lat'>4</span> <span class='ocrx_word' id='word_1_296' title='bbox 934 4736 1003 4807; x_wconf 71' lang='lat' dir='ltr'><strong>neg.</strong></span> <span class='ocrx_word' id='word_1_297' title='bbox 1022 4734 1048 4806; x_wconf 85' lang='lat'><strong>4,</strong></span> <span class='ocrx_word' id='word_1_298' title='bbox 1066 4736 1111 4790; x_wconf 79' lang='lat' dir='ltr'><strong>su.</strong></span> <span class='ocrx_word' id='word_1_299' title='bbox 1234 4732 1261 4789; x_wconf 90' lang='lat' dir='ltr'><strong>a.</strong></span> <span class='ocrx_word' id='word_1_300' title='bbox 1283 4731 1385 4788; x_wconf 75' lang='lat' dir='ltr'><strong>mrsu</strong></span> <span class='ocrx_word' id='word_1_301' title='bbox 1402 4734 1429 4804; x_wconf 82' lang='lat' dir='ltr'><strong>e,</strong></span> <span class='ocrx_word' id='word_1_302' title='bbox 1447 4734 1491 4791; x_wconf 86' lang='lat' dir='ltr'><strong>re.</strong></span> 
     </span>
     <span class='ocr_line' id='line_1_36' title="bbox 337 4818 1491 4896; baseline 0.005 -21"><span class='ocrx_word' id='word_1_303' title='bbox 337 4818 477 4880; x_wconf 62' lang='lat' dir='ltr'><strong>ommni</strong></span> <span class='ocrx_word' id='word_1_304' title='bbox 490 4826 516 4896; x_wconf 81' lang='lat' dir='ltr'><strong>s,</strong></span> <span class='ocrx_word' id='word_1_305' title='bbox 529 4826 572 4881; x_wconf 86' lang='lat'><strong>15.</strong></span> <span class='ocrx_word' id='word_1_306' title='bbox 654 4826 680 4883; x_wconf 83' lang='lat' dir='ltr'><strong>s.</strong></span> <span class='ocrx_word' id='word_1_307' title='bbox 702 4824 855 4881; x_wconf 70' lang='lat' dir='ltr'><strong>noscamus</strong></span> <span class='ocrx_word' id='word_1_308' title='bbox 866 4825 888 4881; x_wconf 93' lang='lat'><strong>1.</strong></span> <span class='ocrx_word' id='word_1_309' title='bbox 968 4824 993 4880; x_wconf 87' lang='lat' dir='ltr'><strong>e.</strong></span> <span class='ocrx_word' id='word_1_310' title='bbox 1017 4822 1220 4892; x_wconf 63' lang='lat' dir='ltr'><strong>namucus</strong></span> <span class='ocrx_word' id='word_1_311' title='bbox 1302 4824 1328 4877; x_wconf 82' lang='lat' dir='ltr'><strong>r.</strong></span> <span class='ocrx_word' id='word_1_312' title='bbox 1351 4822 1396 4878; x_wconf 79' lang='lat' dir='ltr'><strong>m.</strong></span> <span class='ocrx_word' id='word_1_313' title='bbox 1409 4823 1452 4893; x_wconf 80' lang='lat' dir='ltr'><strong>ss,</strong></span> <span class='ocrx_word' id='word_1_314' title='bbox 1465 4822 1491 4881; x_wconf 84' lang='lat'><strong>5.</strong></span> 
     </span>
     <span class='ocr_line' id='line_1_37' title="bbox 338 4908 1161 4985; baseline 0 -18"><span class='ocrx_word' id='word_1_315' title='bbox 338 4908 361 4964; x_wconf 85' lang='lat' dir='ltr'><strong>s.</strong></span> <span class='ocrx_word' id='word_1_316' title='bbox 381 4912 478 4985; x_wconf 69' lang='lat' dir='ltr'><strong>secr,</strong></span> <span class='ocrx_word' id='word_1_317' title='bbox 491 4916 516 4971; x_wconf 81' lang='lat' dir='ltr'><strong>r.</strong></span> <span class='ocrx_word' id='word_1_318' title='bbox 605 4915 632 4970; x_wconf 89' lang='lat' dir='ltr'><strong>o.</strong></span> <span class='ocrx_word' id='word_1_319' title='bbox 654 4914 830 4985; x_wconf 77' lang='lat' dir='ltr'><strong>rs.1os,1c.</strong></span> <span class='ocrx_word' id='word_1_320' title='bbox 919 4914 963 4969; x_wconf 91' lang='lat' dir='ltr'><strong>1o.</strong></span> <span class='ocrx_word' id='word_1_321' title='bbox 985 4914 1030 4969; x_wconf 79' lang='lat' dir='ltr'><strong>rs.</strong></span> <span class='ocrx_word' id='word_1_322' title='bbox 1045 4914 1105 4982; x_wconf 86' lang='lat' dir='ltr'><strong>ros,</strong></span> <span class='ocrx_word' id='word_1_323' title='bbox 1119 4913 1161 4968; x_wconf 81' lang='lat' dir='ltr'><strong>ru.</strong></span> 
     </span>
    </p>
   </div>
   <div class='ocr_carea' id='block_1_5' title="bbox 0 0 2176 6034">
    <p class='ocr_par' dir='ltr' id='par_1_7' title="bbox 0 0 2176 6034">
     <span class='ocr_line' id='line_1_38' title="bbox 0 0 2176 6034; baseline 0 0"><span class='ocrx_word' id='word_1_324' title='bbox 0 0 2176 6034; x_wconf 95' lang='lat' dir='ltr'><strong> </strong></span> 
     </span>
    </p>
   </div>
  </div>
 </body>
</html>
