4342 6034
587 775 615 820 s.
632 774 808 822 noromsrn
829 775 874 822 no
895 775 997 822 runnu
1019 776 1206 824 nersnonan
1233 779 1263 822 sn
1448 760 1511 828 153

434 914 597 983 Relsrmte
619 915 709 982 nobis
732 917 987 984 reverentissimo
1011 922 1106 1002 atque
1129 918 1327 986 sanctissimo
1342 919 1441 986 fratre
1454 941 1512 987 no·
1557 928 1610 983 745

357 1037 413 1096 stro
433 1029 586 1098 Bonifatio
613 1031 778 1118 episcopo,
808 1032 892 1116 quod
915 1069 957 1078 —
980 1033 1057 1098 dum
1085 1034 1214 1100 sinodrm
1237 1041 1408 1119 aggregata
1429 1043 1512 1104 esset
1529 1000 1636 1060 (ΟΜ)

356 1145 560 1232 inprovincia
581 1151 688 1213 vestra
710 1149 800 1214 iuxta
821 1152 964 1214 nostram
986 1150 1278 1234 commonitionem,
1301 1151 1512 1219 mediantibus

356 1259 434 1326 liliis·
460 1263 577 1328 nostris
598 1262 735 1350 Pippiuo
758 1269 791 1329 et
813 1262 1024 1330 carlomanno
1046 1265 1243 1352 principibus
1266 1268 1397 1352 vestris,
1420 1289 1512 1354 pera-

355 1382 436 1459 gente
454 1378 550 1444 eliam
569 1380 638 1446 vioe
663 1379 791 1446 nostrab
812 1380 973 1467 praedicto
989 1379 1147 1448 Bonifatio
1168 1418 1209 1427 -
1228 1381 1384 1450 Dominus
1405 1389 1510 1451 autem

355 1492 539 1560 inclinassset
560 1496 656 1562 corda
676 1501 783 1562 vestm
802 1515 873 1562 cum
889 1495 1085 1582 principibus
1101 1498 1214 1564 vestris
1229 1499 1262 1563 in
1278 1500 1511 1585 praedicatione

356 1609 426 1674 eius:
453 1616 489 1676 nt
516 1611 662 1678 omnibus
684 1611 980 1680 commonitionibus
1003 1613 1071 1680 eins
1095 1613 1283 1680 oboediretis
1307 1619 1339 1681 et
1360 1613 1456 1682 falsos
1480 1621 1512 1682 et

356 1726 534 1792 scismaticos
557 1733 590 1793 et
610 1727 784 1796 homicidas
807 1732 839 1794 et
860 1728 1045 1796 iomioarios
1076 1749 1096 1794 a
1117 1729 1206 1796 vobis
1237 1730 1436 1817 expelleretis
1460 1751 1510 1798 sa

356 1841 491 1926 perdetne,
515 1845 726 1929 omnipotenti
742 1843 810 1910 Deo
832 1849 942 1910 nostro
965 1844 1085 1928 gratias
1108 1845 1238 1929 egimus.
1273 1843 1317 1912 Et
1338 1865 1397 1932 pro
1419 1845 1510 1914 vobis

355 1958 534 2034 incessanter
556 1979 666 2026 snmus
688 1965 825 2045 orantes,
849 1965 895 2044 ut,
918 1960 973 2045 qui
994 1961 1100 2046 coepit
1120 1961 1155 2026 in
1178 1961 1267 2028 vobis
1288 1983 1366 2048 opus
1382 1963 1509 2048 bonnm,

354 2073 483 2160 perlioiat
503 2096 606 2162 nsque
626 2075 661 2141 in
683 2074 788 2142 finem.

431 2191 567 2259 Obsecro
590 2192 675 2258 enim
697 2211 806 2259 omnes
828 2212 885 2258 vos
907 2211 1015 2258 eoram
1036 2191 1120 2260 Deo:
1144 2197 1181 2258 ιιι
1203 2193 1270 2260 eius
1293 2195 1510 2262 commonitio-

354 2305 433 2374 nibus
454 2306 589 2375 tirmiter
611 2307 794 2375 obsedistis.
839 2307 949 2395 Ipsum
976 2307 1061 2374 enim
1090 2309 1158 2376 vioe
1180 2313 1289 2376 nostra
1310 2311 1345 2376 in
1367 2310 1510 2396 partibus

353 2420 407 2488 illis
432 2424 471 2490 sd
498 2425 745 2510 praedicandum
773 2425 980 2491 constitutum
1006 2424 1175 2509 habemus,
1203 2429 1240 2492 ut
1265 2445 1321 2493 vos
1344 2425 1412 2494 Deo
1437 2447 1511 2513 pro-

353 2540 421 2623 pitio
446 2541 486 2606 ad
514 2541 601 2606 mam
629 2541 782 2627 perducat
807 2539 1022 2624 rectitudinis,
1056 2546 1089 2608 et
1123 2543 1291 2608 aeunotis
1318 2542 1511 2610 facinoribus

353 2653 421 2720 salvi
448 2676 516 2724 esse
548 2657 688 2743 possitis.
739 2655 903 2723 Habuistis
932 2656 1018 2723 euim
1047 2657 1185 2742 peooatis
1213 2657 1400 2726 facientibus
1428 2679 1511 2726 nune

353 2791 439 2856 usque
459 2773 560 2840 falsos
583 2778 616 2840 et
637 2792 784 2840 erroneos
807 2773 995 2841 sacerdotes.
1041 2773 1133 2840 Unde
1161 2778 1193 2840 et
1215 2781 1345 2842 eunome
1368 2796 1511 2862 paganae

352 2894 448 2969 gentas
468 2889 562 2956 vobis
584 2889 797 2974 pugnantibus
820 2888 1060 2975 praevalebant3
1084 2889 1159 2976 quia
1173 2909 1237 2956 non
1252 2896 1321 2957 orat
1334 2889 1512 2958 differentia

352 3002 423 3070 inter
442 3005 542 3072 laicos
565 3010 598 3072 et
619 3004 808 3088 sacerdotes,
831 3005 944 3090 quibus
966 3025 1109 3093 pugnare
1123 3005 1244 3072 licitum
1260 3025 1323 3072 non
1339 3011 1395 3073 eet.
1427 3007 1510 3086 Qua·

352 3117 385 3184 lis
404 3121 485 3187 euim
507 3122 644 3188 victoria
666 3121 774 3204 datur,
795 3121 851 3187 ubi
873 3122 1051 3189 sacerdotes
1073 3142 1137 3188 nna
1159 3122 1238 3189 hora
1259 3122 1510 3210 dominicopar-

351 3239 477 3304 traotant
505 3237 660 3323 mysteria
686 3242 719 3304 et
739 3236 875 3303 Christi*
898 3237 1090 3304 dominicum
1112 3238 1292 3324 porrigentd
1315 3257 1429 3324 eorpus
1451 3259 1510 3325 pro

352 3369 467 3419 mamm
489 3353 670 3420 animarum
691 3353 918 3440 redemptione,
942 3358 1068 3440 etpost
1090 3353 1292 3440 christianos,
1317 3355 1429 3440 quibus
1452 3355 1511 3423 hoo

352 3467 539 3536 ministrare·
562 3469 745 3554 debuerant,
768 3474 823 3535 aut
836 3489 988 3556 paganos,
1011 3471 1124 3555 quibus
1139 3469 1301 3538 Christum
1317 3471 1510 3559 praedicare,

353 3586 477 3671 propriis
500 3585 726 3670 sacrilegisque
747 3586 894 3653 manibus
915 3586 1049 3654 nesam?
1070 3587 1115 3654 Et
1136 3585 1173 3653 fit
1195 3587 1367 3654 seeundum
1381 3587 1512 3654 Domini

353 3701 487 3768 verbum:
523 3703 585 3768 Vos
613 3706 685 3768 cotis
707 3704 758 3768 sol
786 3717 905 3780 imam
933 3707 1020 3790 quod
1045 3709 1076 3770 sa‘
1101 3705 1152 3770 ool
1180 3707 1356 3785 monandi,
1385 3707 1420 3769 in
1450 3727 1511 3790 quo

353 3819 524 3884 condietur?
551 3818 607 3883 Aa
634 3819 769 3884 nibilum
796 3821 879 3886 valet
904 3821 1006 3901 alma,
1035 3824 1102 3886 aa'oa'
1127 3833 1163 3886 at
1183 3824 1327 3886 mittatur
1339 3821 1454 3906 sorae,
1485 3834 1513 3887 et

353 3935 537 4002 mosbour
557 3935 597 4000 ab
620 3935 797 4000 amnibus
807 3930 824 3999 ¹.
869 3934 914 4000 Et
939 3934 1015 4001 dum
1042 3935 1121 4002 haec
1148 3936 1195 4002 its
1222 3935 1287 4001 sint
1315 3941 1347 4002 et
1375 3934 1455 4002 tales
1477 3936 1511 4002 in

353 4047 431 4114 vobis
451 4050 572 4117 luerint
592 4050 786 4134 sacerdotes,
815 4051 970 4135 quomodo
997 4051 1133 4118 datore
1162 4056 1272 4118 eontra
1300 4058 1422 4119 vestros
1449 4051 1510 4118 ini·

352 4164 439 4231 mices
467 4186 537 4234 esse
565 4166 729 4252 poteritis?
819 4166 901 4232 Nam
933 4167 962 4234 si
993 4167 1128 4233 mundos
1158 4172 1191 4234 et
1224 4172 1327 4234 castos
1357 4167 1397 4234 ab
1424 4169 1510 4234 omni

352 4277 547 4349 fornicatione
570 4289 602 4350 et
623 4281 791 4349 homicidio
813 4281 930 4350 liberos
952 4283 1125 4350 habueritis
1149 4284 1342 4368 sacerdotes,
1371 4289 1408 4350 ut
1429 4283 1511 4350 seori

353 4399 540 4484 praecipiunt
560 4419 695 4466 canona
718 4403 751 4464 et
770 4404 879 4465 nostra
898 4400 967 4465 vice
986 4399 1150 4486 praedicat
1173 4398 1314 4484 prelatus
1334 4398 1510 4466 Bonifatius

415 4543 436 4577 a.
454 4549 497 4578 om
514 4535 548 4578 M.
623 4531 645 4578 b.
666 4533 849 4579 aetatulam
864 4535 965 4580 neonem
981 4537 1008 4582 C.
1084 4547 1104 4579 e.
1126 4531 1257 4580 christianis
1273 4535 1299 4581 C.
1370 4533 1393 4578 d.
1415 4551 1472 4580 corr.
1487 4537 1510 4580 s'n

352 4610 459 4668 Wrimt
474 4615 501 4660 C.
577 4626 599 4658 a.
617 4613 753 4672 minystrars
769 4616 802 4658 n.

353 4707 416 4750 anno
432 4699 492 4768 742,
510 4699 640 4766 scriptam
658 4714 728 4769 esse,
746 4698 841 4754 docuit
857 4697 938 4754 Halm
955 4697 1126 4754 Jahrbucher
1144 4698 1194 4754 des
1211 4697 1397 4754 Frbnlrisohen
1411 4699 1510 4754 Beiohs

354 4781 483 4842 ull-752
498 4801 526 4855 p.
540 4787 593 4841 192
609 4791 639 4842 et
656 4789 716 4842 193.

417 4875 440 4928 1.
462 4875 556 4931 mata.
569 4875 595 4946 5,
608 4877 650 4930 13.
