4342 6034
619 769 645 815 s.
662 767 839 816 scamnum
860 769 904 814 nr
927 769 1029 816 uuum
1051 769 1238 817 nrrsronnn
1263 769 1294 815 m
1478 755 1539 818 117

377 911 503 978 bardum
524 909 708 993 religiosum
731 909 940 995 presbiterum
963 915 1063 995 tuum,
1087 912 1162 997 quia
1184 916 1216 978 te
1231 922 1385 999 sospem·,
1409 917 1445 978 ut
1459 932 1541 978 sem·
1574 917 1626 972 ‘143

376 1027 603 1114 percupimus,
626 1045 695 1092 esse
717 1026 931 1112 cognovimus,
955 1028 1164 1114 omnipotenti
1188 1047 1225 1094 ao
1246 1027 1540 1094 misericordissimo
1558 991 1636 1051 ΑΜ

376 1144 438 1209 Deo
459 1131 569 1209 nostro
590 1161 722 1226 magnas
745 1142 912 1209 retulimus
934 1149 1050 1228 grates,
1074 1144 1129 1228 qui
1151 1143 1210 1210 tibi
1233 1144 1267 1210 in
1289 1144 1434 1210 omnibns
1450 1144 1541 1211 bonis

374 1260 551 1347 prosperari
572 1259 729 1344 dignatur.
752 1257 901 1342 Magnam
924 1261 1066 1326 enimin
1089 1259 1235 1326 cordibus
1257 1261 1375 1327 nostris
1401 1261 1541 1326 infundis

374 1375 533 1460 laetitiam,
551 1376 696 1461 quotiens
708 1373 799 1441 nobis
812 1376 989 1442 sanctitatis
1004 1382 1078 1443 tuae
1091 1376 1210 1462 scripta
1219 1375 1399 1460 mittuntur,
1417 1376 1541 1461 quando

374 1492 577 1579 repperimus,
600 1511 681 1575 quae
703 1491 743 1557 ad
764 1491 898 1558 salutem
918 1493 1091 1579 respiciant
1106 1493 1297 1576 animarum3
1321 1491 1396 1557 dum
1412 1492 1541 1559 cottidie

374 1609 549 1691 ingremio
578 1613 705 1674 sanctae
733 1608 846 1673 matris
873 1607 1058 1674 aecclesiae·
1072 1629 1130 1694 per
1157 1613 1244 1673 tuam
1273 1607 1541 1694 praedicationem

372 1724 440 1790 nori
461 1723 575 1811 populi
597 1723 765 1791 adduntur.

455 1839 518 1906 Ubi
542 1845 575 1906 et
602 1845 668 1906 tres
697 1841 861 1928 episcopos
889 1860 948 1926 pcr
974 1839 1045 1905 loca
1072 1838 1197 1923 singula
1226 1838 1397 1904 seeundum
1426 1839 1541 1906 seriem

373 1954 562 2042 syllabarum
583 1960 711 2022 tuarum
734 1961 765 2023 te
788 1956 953 2023 ordinasse
974 1955 1187 2039 eognovimus,
1212 1954 1267 2039 qui
1289 1953 1391 2022 eidem
1412 1955 1540 2042 populo,

374 2091 462 2158 quem
489 2071 554 2139 sibi
582 2072 727 2138 dominus
756 2071 842 2138 Dans
871 2077 979 2139 noster
1000 2091 1059 2158 per
1084 2075 1174 2136 tuam
1203 2071 1402 2137 sanctitatem
1431 2091 1541 2155 aggre-

373 2207 443 2272 gare
465 2189 615 2272 dignatus
637 2193 695 2272 ast,
719 2208 866 2276 praeesse
888 2188 1032 2254 debeant.
1067 2187 1111 2254 Et
1132 2187 1251 2274 petisti,
1275 2191 1311 2252 ut
1333 2207 1391 2273 per
1406 2187 1540 2254 auctori-

373 2309 466 2371 tatem
486 2309 617 2371 nostrae
639 2305 723 2371 sadis
746 2303 940 2392 episcopales
961 2303 1080 2370 ibidem
1103 2303 1198 2369 sedes¹
1213 2301 1387 2370 firmentur.
1479 2301 1542 2369 Sed

373 2424 423 2486 tua
444 2427 556 2488 sancta
576 2421 759 2487 fraternitas
781 2425 955 2507 pertractat
976 2425 1101 2486 mature
1122 2425 1154 2486 ot
1168 2419 1277 2486 subtili
1292 2419 1541 2486 consideratione

373 2535 543 2605 discernat:
574 2537 602 2603 si
631 2537 775 2624 expedit3
807 2543 862 2603 aut
888 2538 916 2602 si
943 2536 1014 2602 loca
1039 2535 1091 2602 vel
1113 2535 1302 2622 populorum
1330 2537 1442 2604 turbae
1464 2536 1542 2603 talia

374 2673 437 2721 osse
458 2654 645 2741 probantur,
668 2658 705 2720 ut
726 2655 891 2740 episcopos
912 2653 1028 2719 habere
1050 2656 1241 2719 mereantur.
1275 2651 1422 2720 Meminis
1445 2653 1540 2738 enim,

373 2769 547 2854 carissime,
576 2771 652 2855 quid
680 2770 714 2836 in
743 2771 842 2837 eacus
864 2770 1036 2837 canonibus
1057 2769 1272 2857 praecipimur
1295 2769 1477 2838 observare:
1506 2776 1542 2837 ut

375 2887 498 2954 minime
520 2886 556 2952 in
578 2885 705 2952 villulas
727 2886 779 2953 rel
800 2887 835 2953 in
854 2887 994 2954 modicas
1009 2887 1153 2952 civitates
1169 2886 1334 2972 episcopos
1350 2886 1541 2971 ordinemus,

374 3023 410 3070 ne
429 3003 564 3071 vilescat
585 3022 699 3068 nomen
724 3004 864 3091 episcopi
873 2999 890 3070 ¹.
982 3001 1045 3070 Sed
1066 3021 1140 3086 nos,
1163 3002 1226 3068 tuis
1250 3002 1469 3068 sincerissimis
1493 3009 1541 3069 at

373 3139 428 3204 que
449 3141 468 3186 a
489 3119 584 3186 nobis
606 3118 729 3185 dilectis
753 3118 883 3206 syllabis
905 3119 1083 3206 provocati,
1114 3139 1193 3203 quae
1217 3117 1398 3204 poposcisti,
1423 3116 1540 3203 absquo

373 3255 456 3301 mora
482 3235 615 3303 concedi
642 3235 790 3322 patimur.
837 3235 881 3301 Et
902 3235 1070 3301 statuimus
1094 3255 1151 3322 per
1175 3233 1380 3321 apostolicam
1404 3233 1539 3300 auctori·

373 3356 478 3419 tatem:
508 3351 706 3438 episcopales
728 3351 794 3417 illio
816 3372 885 3418 essa
909 3352 1014 3436 sedes,
1044 3351 1117 3436 quil
1140 3371 1198 3438 per
1221 3351 1450 3416 successionem
1473 3351 1539 3437 cpi·

374 3487 478 3554 scopos
500 3473 701 3552 mereantur,
731 3474 764 3535 et
790 3468 917 3555 populis
939 3468 1083 3554 praesint
1106 3473 1200 3553 atque
1223 3467 1354 3533 verbnm
1377 3464 1539 3552 praedica-

372 3583 461 3651 tionis
483 3584 636 3652 snbiectis
658 3583 833 3667 insinuent3
856 3585 891 3650 id
913 3589 979 3650 est⁸
993 3585 1028 3649 in
1042 3583 1172 3650 castello
1189 3582 1270 3668 quod
1287 3582 1402 3649 dicitur
1417 3581 1538 3649 Wirza-

373 3697 455 3785 burg,
478 3705 513 3767 et
536 3699 687 3768 alteramd
708 3701 742 3766 in
766 3699 882 3788 oppido
905 3699 989 3784 quod
1012 3699 1193 3766 nominatur
1213 3697 1388 3782 Buraburg,
1412 3698 1538 3764 tertiam

373 3815 403 3880 in
422 3816 490 3884 loeo
513 3817 570 3903 qni
591 3817 708 3883 dicitnr
721 3815 934 3904 Erpfcsiurt·;
958 3815 1004 3882 ita
1025 3821 1062 3882 nt
1083 3815 1163 3882 nulli
1185 3819 1258 3902 post
1273 3815 1350 3880 haee
1364 3814 1458 3880 liceat
1472 3815 1538 3880 oui·

373 3950 477 4016 qnam,
512 3931 612 3999 haco‘
633 3965 677 3978 —
701 3953 781 4018 quaa
811 3933 948 3999 anobis
976 3932 1097 3999 sancita
1125 3936 1261 3998 eunt-
1288 3931 1416 4016 aliquo⁸
1444 3930 1537 3996 modo

372 4047 492 4115 uiolare.
541 4047 628 4126 Quae
657 4049 843 4116 auctoritate
875 4049 960 4116 beati
989 4047 1076 4116 Petri
1105 4045 1239 4134 apostoli
1266 4045 1358 4114 firma
1386 4067 1455 4113 asse
1483 4047 1537 4114 de·

372 4164 531 4230 crevimus.

454 4279 504 4348 Da
527 4301 565 4348 eo
588 4284 704 4364 autem,
727 4279 811 4366 qnod
825 4280 916 4346 nobis
930 4279 1097 4364 intimasti,
1121 4278 1204 4364 quod
1222 4283 1254 4346 te
1269 4277 1535 4345 Carulomennus'¹

374 4391 451 4462 filius
472 4402 582 4464 noster
604 4397 689 4484 apud
712 4416 746 4463 se
767 4396 894 4480 rogavit
916 4397 1075 4464 accedere:
1102 4396 1193 4462 utin
1214 4399 1305 4482 parto
1320 4394 1422 4479 rogni'
1436 4393 1537 4460 Fran·

375 4529 491 4600 corum,
521 4514 557 4580 in
579 4533 637 4580 sua
659 4513 779 4579 ditione
801 4513 867 4580 siva
889 4517 1046 4599 potestate
1069 4513 1255 4596 constituta,
1279 4509 1433 4598 synodum
1457 4509 1537 4577 cele·

439 4659 459 4693 a.
480 4665 538 4695 corr.
553 4651 577 4694 ὴ
592 4647 703 4706 sospitem
720 4649 746 4696 C.
823 4645 846 4692 b.
867 4664 925 4693 cerr.
940 4649 963 4694 ia
979 4659 1038 4706 quaa
1055 4650 1081 4694 C.
1160 4659 1179 4692 c.
1200 4659 1268 4692 unam
1284 4645 1377 4692 addidit
1393 4661 1472 4690 manue
1489 4661 1537 4690 cor·

375 4726 442 4785 dgna
457 4730 479 4774 ir
496 4731 523 4776 C.
593 4727 616 4773 d.
635 4726 732 4773 alterurn
749 4730 783 4774 M.
854 4741 873 4774 e.
893 4725 1013 4785 Etpasturt
1029 4727 1055 4774 C.
1126 4725 1142 4772 l.
1163 4725 1267 4784 cuiquam
1283 4723 1340 4770 haee
1356 4741 1412 4770 corr.
1426 4726 1449 4770 in
1466 4736 1493 4770 ea
1510 4726 1535 4772 C.

375 4813 394 4858 ι
412 4817 454 4864 quo
470 4810 504 4861 ld,
520 4807 596 4867 aliquo
613 4809 640 4854 c.
716 4805 741 4852 lo.
762 4824 819 4853 corr.
835 4809 857 4852 ia
874 4805 1035 4852 (larlomannus
1053 4808 1079 4853 C.
1156 4805 1172 4850 i.
1194 4821 1236 4849 om.
1254 4807 1287 4850 Μ.

439 4902 463 4955 1.
480 4901 516 4958 V.
534 4917 619 4972 supra
634 4917 662 4971 p.
674 4901 711 4957 92
727 4918 754 4956 n.
767 4901 794 4957 3.
