4342 6034
654 780 840 829 sessiones
862 781 1090 829 mooourmsn
1114 782 1150 827 rr.
1168 782 1196 827 re
1442 764 1507 831 347

433 920 566 989 Sanctae
594 922 689 991 etiarn
715 920 916 1006 hlogentinae
944 922 1012 991 sedi
1037 922 1240 1010 privileginm
1266 924 1508 991 eensorihimns:
1528 932 1581 989 956

355 1043 398 1121 ut,
424 1038 451 1103 si
477 1038 548 1123 quis
576 1058 647 1105 eam
674 1039 826 1124 cuiusque
853 1039 897 1105 sit
923 1059 1077 1126 personae
1105 1039 1210 1125 aliquo
1233 1038 1402 1122 (h)0n(o)re
1423 1040 1509 1124 hu(e)

353 1153 451 1221 habito
465 1154 543 1221 velit
556 1154 734 1263 depredari,
756 1155 826 1241 ipse
840 1155 1030 1241 depredetnr
1043 1160 1085 1239 et,
1107 1156 1170 1223 nisi
1183 1156 1359 1243 resipiseat
1382 1160 1510 1223 aeterno

353 1269 468 1336 monle
503 1270 715 1337 anathematis
753 1270 927 1357 apostoliea
958 1271 1124 1339 maiestate
1157 1271 1418 1357 eirenmelligato,
1459 1273 1511 1339 oni

352 1389 484 1471 potestas
512 1386 588 1453 data
615 1391 665 1453 est
684 1386 805 1471 ligandi
828 1391 922 1471 atque
943 1386 1101 1471 solvendi,
1130 1389 1329 1475 mancipetur
1349 1394 1382 1457 et
1403 1390 1438 1457 in
1460 1389 1511 1457 die

352 1502 484 1569 omnium
505 1502 677 1589 proditore,
698 1502 806 1569 indicii
827 1502 909 1587 dieo,
932 1502 1006 1570 inde
1027 1502 1139 1570 reddet
1159 1504 1324 1571 rationem.

355 1714 408 1786 18.
431 1716 635 1783 willehelmi
662 1717 915 1805 archiepiscopus
942 1718 1150 1803 Mogontinue
1177 1717 1320 1805 Apopito
1340 1718 1382 1785 II
1405 1742 1512 1807 pupae

431 1834 471 1899 de
496 1835 632 1899 eomer
654 1835 847 1919 internisque
871 1830 1061 1900 Goemmsioe
1082 1834 1320 1920 difficultatibus
1342 1836 1509 1921 epoptcot,

430 1960 463 2014 et
482 1950 522 2013 de
544 1948 689 2015 eooleeioe
701 1949 909 2035 Mogontinoa
929 1951 1059 2015 iniuriis
1079 1953 1266 2036 pravissime
1286 1944 1473 2037 queritur'¹.

430 2080 571 2148 Domino
596 2080 789 2168 apostolieae
815 2080 1018 2148 sublimitatis
1045 2082 1182 2149 eulmine
1209 2083 1354 2167 dignate,
1388 2104 1511 2151 summo
1529 2088 1582 2144 955

349 2202 416 2283 post
436 2202 535 2284 eaput
555 2195 716 2264 Christum
736 2196 835 2265 totius
857 2196 1097 2265 christianitatis
1119 2198 1275 2283 membro,
1302 2218 1405 2286 papae
1425 2200 1512 2284 Agu-

349 2315 421 2399 pito,
442 2314 559 2380 merito
581 2332 618 2381 ao
639 2313 767 2380 nomine
780 2312 923 2397 fulgenti,
945 2311 1156 2381 willihelmus
1171 2320 1298 2383 eunome
1312 2314 1513 2399 Mogontinae

348 2429 427 2497 sedis
449 2429 597 2496 minister
616 2428 782 2513 indignus,
808 2429 876 2497 eius
899 2429 981 2497 dono
1003 2428 1126 2497 Galliae
1148 2431 1288 2517 partium
1310 2430 1514 2499 Germaniae-

349 2565 405 2630 qne
425 2566 448 2612 a
469 2567 505 2613 se
518 2544 684 2629 secundus,
707 2546 859 2613 orationis
875 2544 951 2613 {idei
966 2546 1230 2632 mbieetionhque
1245 2549 1457 2633 securitatem,
1479 2550 1513 2615 in

348 2660 539 2746 thoantem,
562 2682 603 2728 ex
625 2680 687 2747 qno
710 2660 826 2745 omnia,
849 2681 906 2747 per
928 2682 1022 2746 quem
1044 2663 1161 2747 omnia,
1183 2664 1219 2731 in
1241 2684 1302 2749 qno
1325 2660 1458 2731 omnia’.

429 2776 605 2863 Postquam
625 2777 747 2861 dignati
761 2778 877 2861 fuistis,
901 2782 1041 2845 restrum
1054 2777 1176 2863 liquere
1190 2780 1413 2865 paternitatem
1429 2781 1514 2868 apud

349 2888 429 2979 nos',
455 2899 590 2979 quantas
612 2892 818 2960 afflictionum
839 2894 973 2960 ininmas
995 2896 1140 2981 perpessi
1156 2915 1275 2979 snmus,
1297 2916 1353 2962 vos
1369 2896 1515 2979 ignorare

348 3009 429 3077 hand
452 3009 649 3093 dnhitamns3
672 3010 850 3097 presertim,
871 3008 927 3075 illu
950 3006 1148 3077 exterorum⁴
1168 3010 1296 3095 evitato,
1318 3012 1515 3079 internorum

350 3126 401 3192 tali
422 3126 592 3210 ingruente
612 3124 770 3212 periculo:
798 3130 850 3209 nt,
877 3125 1003 3191 etiarnsi
1024 3130 1155 3193 eonatns
1179 3146 1296 3211 essem,
1319 3126 1371 3195 vel
1391 3144 1443 3194 me
1464 3126 1516 3195 rel

349 3242 408 3309 mei
433 3242 582 3309 nuntium
610 3241 700 3309 vohis
729 3246 913 3327 presentare
937 3260 1034 3308 eausa
1053 3242 1237 3309 eonsulendi
1259 3243 1335 3328 qnid
1359 3242 1515 3328 agendum

351 3364 445 3441 oeset,
475 3356 686 3424 oblivisoerer.
775 3356 846 3423 Non
873 3358 984 3443 utique
1010 3358 1101 3443 inde,
1131 3364 1168 3425 ut
1189 3363 1313 3427 reshse
1339 3358 1515 3426 metetis

352 3473 537 3541 oblivionem
559 3492 710 3558 nmquam
732 3492 888 3559 saperem
912 3471 1002 3557 Sed,
1031 3474 1061 3540 si
1081 3474 1142 3541 hao
1163 3474 1279 3542 obiitne
1300 3476 1405 3559 fuero,
1434 3494 1515 3560 quae

350 3608 399 3657 me
414 3590 512 3677 pallei
526 3589 727 3674 viearieiique
742 3587 865 3657 Galliae
878 3590 1019 3675 partium
1033 3588 1293 3676 Germaniaeque,
1317 3591 1515 3659 aeeolesiam·

351 3724 409 3790 qne
430 3706 533 3773 saneti
553 3704 684 3773 Martini
705 3706 820 3772 iterum
842 3706 932 3792 prins
953 3705 1031 3772 date
1050 3706 1135 3791 dote,
1157 3708 1208 3774 oui
1230 3708 1375 3775 minister
1397 3726 1514 3792 meum,

351 3822 470 3908 litavit,
491 3821 697 3889 obliviscatur
718 3842 770 3889 me
791 3820 923 3888 dextere
943 3818 1042 3888 mea'.

434 3934 664 4006 Barbaromm⁶
692 3937 839 4005 videlieet
871 3938 1017 4023 gentihus
1048 3937 1312 4006 ohristinnitatem
1339 3938 1386 4005 ite
1415 3938 1515 4026 inpri-

351 4056 514 4140 mentihns,
535 4058 583 4138 ut,
606 4054 669 4120 nisi
690 4053 773 4121 hello
795 4053 913 4138 aotael,
935 4054 1003 4121 Deo
1018 4053 1139 4121 scilieet
1151 4054 1317 4141 preliante,
1340 4054 1392 4122 vel
1407 4075 1515 4123 omnes

351 4190 408 4237 nos
427 4192 503 4239 ease
525 4170 704 4239 subicerent
724 4170 875 4257 potestati
896 4170 1017 4237 velita
1038 4170 1079 4236 ad
1101 4170 1235 4237 nihilum
1249 4171 1446 4255 redigerent:
1469 4179 1514 4256 ut,

421 4354 440 4386 ι
459 4359 489 4388 a
504 4340 650 4401 epistolarum
665 4340 691 4387 S.
702 4342 816 4395 Bonifatii
830 4340 908 4386 codice
924 4339 1087 4394 carhmlmt,
1102 4340 1147 4397 fol.
1159 4338 1313 4386 114-1150.
1336 4342 1389 4387 Sine
1404 4342 1515 4387 lemmate.

353 4416 376 4465 h.
390 4424 462 4469 aaut
475 4421 589 4468 addim
603 4420 698 4466 σίδαν.

422 4528 444 4581 1.
466 4526 547 4580 flauo
569 4536 612 4593 ep.
631 4522 845 4579 Whrdtweinius
865 4522 1020 4592 (Epistulae
1038 4522 1067 4578 S.
1078 4520 1225 4589 Bonifatii)
1249 4522 1369 4591 signavit
1391 4540 1418 4577 n.
1434 4522 1515 4593 teob,

357 4610 467 4669 Gilesius
484 4630 511 4668 n.
525 4612 586 4669 155.
662 4613 688 4666 2.
711 4612 746 4667 V.
764 4610 843 4667 Rom
858 4614 900 4681 11,
912 4612 956 4667 36.
1030 4613 1057 4667 3.
1075 4610 1240 4669 willihelmo
1258 4610 1332 4667 sedis
1350 4612 1516 4681 apostolieae

358 4700 452 4758 nenio
474 4698 675 4759 constituendo.
702 4700 737 4757 V.
755 4716 799 4771 ep.
818 4700 852 4755 1'1
870 4716 954 4771 supra
970 4716 998 4770 p.
1015 4700 1077 4756 345.
1166 4702 1193 4755 4.
1218 4700 1389 4769 Ungarornm
1412 4699 1458 4755 die
1482 4702 1516 4757 10

358 4804 394 4843 m.
404 4789 518 4861 Augusti
533 4790 678 4846 sistorum.
766 4790 793 4845 h.
816 4790 862 4845 Pe.
875 4790 936 4859 leo,
947 4789 979 4844 h:
1004 4788 1057 4859 ,si
1073 4788 1175 4846 oblitus
1193 4786 1270 4845 hreno
1287 4789 1340 4860 tni,
1358 4789 1514 4860 Ierusalem,

361 4874 480 4937 ohhrioni
496 4880 577 4937 detnr
593 4878 709 4935 dextera
725 4878 820 4935 mea“.
908 4880 935 4934 6.
953 4878 988 4935 V.
1007 4892 1091 4949 snpra
1107 4896 1134 4935 n.
1147 4879 1173 4934 3.
