4342 6034
638 751 705 816 650
841 770 922 815 uma
944 768 1099 817 nauonnr
1122 766 1382 817 anoumrrsoom
1404 766 1601 838 esoouurtm

550 917 620 973 troo
639 930 802 996 asperum,
828 910 876 976 nil
903 909 980 975 adeo
1008 910 1122 975 durum
1152 914 1185 976 et
1212 908 1340 976 difficile
1369 914 1469 993 esset,
1498 907 1669 975 dummodo
1695 921 1798 975 eorum

563 992 613 1039 Μ’
638 1027 765 1092 omnino
787 1046 851 1092 non
873 1024 1039 1091 excederet
1059 1026 1153 1108 vires,
1177 1026 1252 1110 quin
1274 1026 1477 1111 paratissimo
1493 1025 1598 1091 animo
1614 1030 1646 1091 et
1661 1022 1801 1089 obedien·

638 1142 684 1208 tia
705 1142 944 1228 promptissima
965 1160 1037 1205 cum
1060 1140 1147 1206 omni
1168 1139 1320 1209 fidelitate
1336 1146 1368 1208 et
1381 1140 1559 1207 humilitate
1574 1138 1801 1225 persolverent3

638 1262 671 1323 et
693 1257 841 1341 quoniam
868 1257 953 1321 omni
984 1255 1180 1343 plenitudine
1207 1256 1311 1322 cordis
1335 1262 1366 1322 et
1389 1256 1607 1323 emendatione
1631 1274 1723 1341 super
1742 1254 1803 1337 bie,

638 1392 699 1458 que
721 1372 918 1457 deliquerant
940 1372 981 1437 ad
1003 1371 1106 1439 Deum
1130 1375 1162 1438 et
1184 1370 1333 1437 domnum
1357 1371 1639 1457 archiepiscopum,
1664 1373 1744 1436 eeeet
1758 1370 1806 1435 eie

638 1486 765 1554 difficile
788 1486 915 1553 omnino
938 1492 970 1553 et
991 1488 1187 1573 timorosum,
1211 1506 1270 1554 nec
1291 1492 1437 1573 possent·
1459 1484 1600 1569 latitat,
1623 1486 1656 1551 in
1678 1504 1808 1571 praeem-

636 1604 683 1669 tia
705 1604 772 1669 eius
795 1622 963 1689 apparere;
987 1604 1044 1668 eed
1064 1604 1099 1669 in
1122 1604 1260 1687 civitate,
1283 1604 1317 1671 in
1340 1603 1428 1669 curia
1451 1622 1522 1686 sua,
1546 1620 1605 1688 pro
1627 1600 1720 1667 solito
1741 1600 1809 1667 rel·

637 1716 705 1785 lent
731 1719 761 1785 ei
791 1718 831 1784 ad
859 1738 984 1784 omnem
1014 1738 1104 1785 enam
1132 1718 1305 1786 iussionem
1328 1719 1519 1785 satisfacere.
1609 1716 1727 1782 Verum
1750 1715 1810 1782 bec

637 1834 754 1901 idcirco
778 1833 920 1916 aiebant,
949 1838 1001 1918 ut,
1032 1833 1060 1900 ei
1082 1834 1269 1901 immunitus
1292 1836 1452 1901 civitatem
1473 1832 1709 1917 ingrederetur,
1732 1851 1810 1916 quo-

637 1968 771 2034 cumque
792 1950 920 2033 ingenio
942 1956 1035 2032 esset,
1056 1950 1164 2035 ipsum
1178 1950 1329 2017 deberent
1343 1950 1493 2016 occidere.
1567 1948 1659 2015 Unde
1673 1948 1811 2014 maiores

637 2066 775 2131 civitatis
806 2065 846 2131 ad
873 2066 979 2151 ipsum
1008 2084 1104 2151 super
1133 2065 1191 2131 hoc
1218 2064 1384 2149 Pinguiam
1413 2066 1577 2131 miserunt
1612 2064 1656 2131 Et
1677 2064 1810 2131 oonsilio

638 2181 842 2248 adinventum
870 2186 934 2264 eet,
962 2186 1135 2246 uteorum
1163 2180 1264 2246 omnis
1287 2179 1480 2264 malignandi
1507 2181 1700 2248 adimeretur
1721 2198 1812 2247 occa-

636 2297 699 2381 sio,
724 2296 807 2382 quod
829 2295 914 2383 apud
936 2294 1088 2363 Sanctum
1110 2294 1257 2362 Iacobum
1280 2314 1333 2363 eos
1357 2296 1422 2361 ruie
1445 2298 1665 2383 conspectibus
1688 2298 1814 2365 iuberet

635 2418 749 2479 astare.

724 2527 827 2595 Leone
850 2532 971 2611 autem,
994 2526 1050 2593 ubi
1070 2525 1131 2593 hoc
1152 2526 1318 2595 cenobium
1341 2527 1519 2594 conditum·
1542 2534 1626 2613 erat,
1649 2529 1738 2597 urbis
1763 2536 1817 2597 eet

635 2644 886 2731 promontorium
909 2642 987 2709 baut
1014 2643 1191 2727 modicum,
1219 2644 1279 2709 toti
1308 2644 1429 2709 civitati
1450 2644 1593 2730 patulam
1615 2646 1729 2712 faciem
1756 2646 1818 2713 ob·

634 2758 807 2847 pandene‘.
846 2755 950 2825 Hoc·¹
974 2760 1084 2844 'itaque
1106 2794 1149 2805 -
1173 2758 1213 2825 eb
1242 2760 1368 2843 eadem,
1397 2780 1458 2845 que
1486 2760 1518 2826 in
1547 2762 1649 2847 ipsius
1675 2761 1819 2829 fundata

636 2881 685 2943 eet
699 2874 868 2960 radicibus,
892 2874 1019 2941 ciuitate
1039 2894 1098 2961 per
1113 2875 1279 2958 sonegium
1293 2874 1415 2943 cubitos
1429 2875 1481 2942 rel
1495 2876 1589 2963 paulo
1605 2876 1677 2963 plue
1693 2876 1818 2943 blanda

635 3010 671 3059 se
694 2991 860 3059 altitudine
887 2990 921 3055 in
950 2990 1084 3056 arduum
1106 2991 1270 3077 porrigens
1294 3026 1336 3037 -
1361 3011 1507 3058 amenum
1531 2997 1564 3059 et
1585 2994 1674 3078 quasi
1698 2992 1817 3081 volup-

634 3113 762 3174 tuosum
790 3106 980 3193 receptaculi
1007 3107 1112 3173 einum
1135 3107 1168 3173 iu
1192 3108 1242 3173 sui
1264 3107 1367 3173 medio
1391 3108 1551 3193 producit3
1580 3110 1721 3195 peruiam
1754 3130 1817 3196 per

635 3224 741 3310 ipsum
764 3224 814 3288 eui
835 3222 932 3289 medii
954 3227 1109 3307 centrum,
1132 3222 1166 3289 iu
1189 3222 1357 3290 ambientis
1379 3224 1465 3289 muri
1486 3224 1601 3309 prelati
1624 3226 1818 3291 monasterii

635 3340 704 3423 giro
727 3338 840 3421 grandi
863 3336 914 3405 ac‘
936 3338 1063 3405 sublimi
1085 3340 1239 3425 positam,
1263 3340 1435 3425 respiciens
1458 3344 1593 3425 portam.
1629 3338 1753 3406 Deinde
1781 3362 1817 3407 se

636 3456 670 3520 in
695 3454 907 3520 vastissimam
929 3454 1101 3521 extendens
1124 3454 1299 3541 planitiem,
1323 3474 1341 3520 a
1364 3456 1464 3541 priori
1485 3456 1576 3539 facie,
1600 3474 1660 3539 que
1674 3454 1817 3538 blagun-

635 3572 733 3637 tiam⁸
753 3571 923 3654 intuetur-⁵,
949 3571 1062 3654 tribue,
1085 3570 1154 3656 per¹
1177 3572 1277 3657 ipsius
1300 3568 1439 3637 ciuitatis
1462 3571 1541 3637 duas
1563 3576 1670 3658 portas
1691 3570 1817 3639 ducen-

635 3686 736 3771 b'bue,
764 3687 834 3752 levo
862 3686 967 3753 medio
996 3686 1171 3771 dextroque
1200 3686 1334 3753 circuitu
1363 3686 1568 3771 distinguitur
1596 3688 1672 3769 riie3
1701 3687 1816 3773 ipsum

636 3802 802 3870 cenobium
825 3803 928 3868 sancti
949 3801 1054 3868 iacobi
1077 3802 1213 3888 apostoli
1236 3802 1402 3869 ambientis
1419 3836 1461 3849 -
1477 3808 1514 3868 ut
1528 3804 1666 3878 diximus
1681 3838 1725 3849 -
1740 3804 1816 3871 ein-

636 3919 710 4003 gulo
740 3918 823 3983 muri
849 3918 883 3982 in
907 3938 964 3983 euo
987 3917 1116 3983 sublimi
1139 3916 1324 4003 equalique¹
1345 3918 1441 4005 plano
1464 3918 1662 3986 concludens.
1697 3916 1817 3987 idone-

636 4035 770 4100 eterium
791 4032 890 4116 igitur
911 4032 1008 4116 istud,
1031 4032 1164 4119 pedibus
1188 4034 1265 4099 enie¹
1287 4052 1395 4101 muros
1415 4033 1616 4118 Meguntinoe
1639 4036 1814 4119 attingens,

637 4150 729 4235 quasi
751 4150 863 4216 civitae
886 4154 1144 4236 supermontem
1166 4150 1286 4235 posita,
1309 4150 1509 4217 cernentibus
1532 4151 1654 4217 eminus
1676 4151 1816 4237 adspec-

636 4271 757 4334 tatur.
1013 4248 1015 4251 ⁴

451 4426 457 4437 .
532 4398 619 4445 uuae
726 4382 777 4448 Ad
806 4382 890 4447 buno
915 4381 1024 4467 itaque
1045 4380 1149 4447 locum
1171 4380 1445 4448 reverentissimus
1468 4380 1628 4448 Arnoldur
1650 4380 1814 4467 birganti-

709 4538 730 4571 ι.
750 4526 849 4584 possunt
864 4524 887 4570 1.
968 4522 992 4568 b.
1011 4519 1095 4569 leuiter
1110 4524 1132 4569 2.
1209 4536 1229 4569 c.
1251 4524 1363 4570 comitum
1380 4526 1401 4571 1.
1480 4522 1656 4584 dobpaudaur
1670 4526 1753 4583 ιαῇοει·
1765 4542 1814 4583 pn

637 4602 770 4664 dependam
786 4607 808 4658 1,
819 4605 842 4650 2.
912 4618 933 4650 a.
953 4602 997 4649 Hic
1012 4604 1035 4649 ².
1102 4602 1119 4649 l.
1140 4602 1220 4661 grandi
1235 4616 1262 4649 ac
1277 4604 1360 4664 rcrr'prt
1372 4620 1415 4663 pre
1432 4602 1540 4661 melem
1554 4602 1580 4651 in
1596 4605 1651 4662 1‚a
1716 4616 1738 4661 p
1758 4603 1813 4651 Ιι-

504 4682 509 4689 ’
636 4684 752 4742 guntlnarn
769 4686 791 4740 l,
807 4684 831 4730 ln
847 4682 985 4741 lleguntiem
999 4684 1020 4728 t.
1098 4682 1122 4729 b.
1142 4683 1257 4730 mereatur
1269 4685 1289 4729 l.
1367 4684 1383 4731 i.
1404 4696 1446 4744 per
1461 4684 1554 4731 armat
1628 4682 1776 4743 require·
1790 4686 1813 4731 l.

635 4762 728 4810 Leuce
745 4765 768 4811 1.
844 4778 875 4810 ιιι.
895 4763 1055 4823 ademptantur
1070 4765 1091 4809 1.

708 4861 732 4913 1.
755 4859 978 4928 promontorium.
