4342 6034
588 859 615 906 s.
631 857 808 906 normann
829 859 874 906 rur
895 859 998 906 nunu
1020 857 1207 906 nrusuocau
1233 858 1264 906 oe
1446 841 1510 908 163

350 997 518 1066 introducta
537 998 639 1066 latent
660 1018 763 1084 neque
783 1000 879 1066 etiam
902 1019 950 1083 ea,
973 1018 1054 1084 quoe
1076 1000 1123 1066 eis
1146 1003 1300 1086 oportune
1315 999 1438 1085 possint
1453 1019 1543 1086 op·o.
1555 1006 1679 1064 tta-746

349 1115 431 1200 poni;
454 1149 495 1160 -
514 1115 585 1199 sed,
608 1135 650 1182 ne
670 1120 703 1181 te
725 1115 844 1182 diodus
866 1135 972 1182 morer
994 1115 1137 1182 ducendo
1159 1133 1217 1202 per
1240 1113 1379 1198 singula,
1404 1114 1509 1182 dicam

348 1229 475 1296 breuiter
498 1252 558 1296 -ε
587 1249 768 1316 quanquam
795 1231 943 1297 universa
969 1230 1125 1298 nefandae
1154 1229 1300 1296 factionis
1323 1235 1511 1314 argumenta

349 1345 383 1411 ed
402 1345 624 1432 expugnandos
647 1351 681 1414 et
701 1344 894 1430 adfligendos
916 1365 973 1412 uos
995 1351 1178 1430 exerceant,
1209 1349 1316 1412 temen
1339 1346 1510 1412 secundum

348 1461 591 1546 praecedentium
615 1466 796 1528 sanctornm
819 1461 992 1548 exemplar,
1015 1462 1100 1547 quod
1122 1461 1307 1545 corrigendo
1330 1462 1435 1528 curari
1454 1481 1510 1528 ne-

349 1576 416 1660 quit,
438 1577 553 1644 saltem
575 1577 758 1644 sustinendo
780 1583 915 1663 portate.

425 1691 475 1760 De
497 1693 674 1760 sacerdotio
698 1700 804 1760 aumm
824 1692 1055 1760 homicidarum
1070 1696 1103 1758 et
1117 1691 1343 1776 adulterorum,
1368 1693 1422 1777 qui
1437 1691 1510 1758 abs-

348 1827 399 1891 qoc
428 1807 495 1874 ulla
526 1808 747 1894 resipiscentia
779 1810 814 1875 in
841 1809 980 1896 peccota
1008 1807 1074 1874 suis
1110 1808 1283 1894 perdurare
1310 1811 1509 1894 presumunt,

347 1923 415 1989 satis
435 1922 494 1990 tibi
518 1925 726 1991 sacratissimi
748 1945 883 1992 canones
906 1943 944 1990 ac
966 1924 1092 1991 decreta
1107 1922 1293 2010 pontificum
1308 1922 1508 2010 persuadent

346 2036 376 2104 Si
396 2039 491 2123 igitur
518 2039 701 2125 homicidis,
730 2041 846 2124 ingiter
875 2040 1040 2124 agentibus
1067 2039 1312 2126 poenitentiam,
1336 2039 1510 2106 circumi

345 2159 404 2220 tnm
425 2155 511 2222 vitae
533 2155 701 2242 perfectio,
723 2156 757 2222 id
780 2162 830 2223 est
850 2155 1080 2222 communionis
1105 2155 1223 2222 Christi
1246 2154 1367 2240 matie,
1399 2174 1510 2222 conce·

345 2269 435 2354 ditur,
463 2271 651 2338 incorrectis
679 2291 743 2356 qna
768 2271 891 2339 ratione
918 2291 995 2338 cura
1016 2266 1221 2355 regimonii¹¹
1242 2270 1413 2338 christiane
1435 2291 1510 2338 con·

345 2386 524 2453 remotionis
550 2387 745 2470 iniungitur?
834 2386 970 2454 Adulter
998 2407 1089 2470 vero,
1120 2407 1214 2472 quom
1242 2405 1301 2453 nee
1331 2406 1402 2454 sero
1433 2405 1509 2454 suas

343 2501 546 2588 inpudiciciae
567 2502 714 2588 penituit,
738 2523 802 2588 qua
822 2504 1048 2590 consequentia
1068 2503 1132 2572 sibi
1154 2501 1348 2570 sacerdotale
1370 2500 1509 2570 officium

345 2616 522 2705 usurpabit?
545 2617 670 2703 qnando
686 2653 729 2664 -
745 2619 918 2686 seeundum
940 2623 1061 2686 statuta
1081 2619 1256 2685 innocentii
1279 2613 1400 2704 papae¹
1424 2622 1507 2686 cete·

344 2752 505 2820 roremque
528 2769 571 2780 -
595 2734 650 2820 qui
676 2734 805 2800 viduam
833 2740 890 2801 aut
916 2735 1086 2802 secundam
1115 2734 1242 2800 duxerit
1268 2753 1415 2816 uxorem,
1444 2754 1508 2801 non

344 2849 426 2916 modo
447 2871 468 2916 a
490 2849 668 2916 ministerio
692 2849 922 2918 aecclesiastice
944 2849 1107 2936 dignitatis
1129 2849 1352 2918 verumetiam
1376 2870 1395 2916 a
1417 2848 1508 2916 cleri·

344 2970 407 3030 ceto
432 2969 607 3033 coercetur.
658 2964 738 3032 Cum
766 2971 799 3032 et
826 2966 905 3034 haee
931 2971 1063 3054 propter
1091 2965 1196 3032 cernis
1224 2963 1431 3048 fragilitatem
1458 2965 1508 3030 in-

344 3079 500 3165 dulgenter
521 3099 672 3148 concessa
693 3086 779 3166 sunt,
802 3081 959 3150 adulteria
981 3101 1056 3148 vero
1079 3081 1120 3148 eb
1143 3081 1288 3148 omnibus
1304 3079 1507 3167 peritissimis

343 3179 582 3280 prohibentTrT

420 3313 697 3381 Acommnnione
724 3318 830 3381 anum
857 3312 1010 3380 falsorum
1036 3313 1172 3380 fratrum
1201 3312 1268 3379 sive
1296 3311 1505 3397 sacerdotum,

344 3427 425 3510 quale
446 3428 616 3496 consilinm
638 3434 687 3496 est
713 3435 780 3496 tam
809 3429 973 3512 idoneum,
1000 3433 1036 3496 nt
1063 3434 1096 3496 te
1117 3429 1151 3496 in
1172 3428 1267 3496 rebus
1290 3427 1506 3514 corporalibus

344 3547 506 3630 separatim
528 3545 703 3629 disiungat,
732 3545 797 3612 nisi
823 3545 906 3612 forte
933 3544 973 3611 de
995 3544 1055 3612 hoc
1076 3543 1195 3610 mundo
1219 3541 1323 3612 exire*
1351 3545 1506 3631 incipias?

344 3661 457 3741 qnando
480 3661 536 3726 isti
563 3659 680 3745 ubique
707 3667 740 3727 et
766 3680 892 3748 semper
919 3660 1110 3728 subintroire
1139 3661 1292 3726 nituntur.
1338 3659 1369 3726 A
1392 3659 1505 3744 quibus

343 3791 372 3840 se
390 3775 539 3862 periculis
560 3775 759 3862 implicatum
780 3776 897 3844 Peulns
921 3775 1082 3863 apostolus
1107 3771 1298 3844 adserebat⁴.
1345 3774 1388 3842 Et
1408 3776 1505 3842 ceteri

343 3888 503 3958 christiano
531 3891 694 3976 religionis
723 3892 917 3976 conditores,
952 3892 987 3958 id
1013 3892 1120 3980 ipsum
1153 3895 1209 3958 aut
1242 3911 1276 3958 se
1309 3909 1421 3977 passos
1450 3896 1506 3958 ant

342 4009 467 4089 posteris
490 4007 676 4094 patiendum
697 4008 783 4092 fore,
804 4009 953 4076 fatentur.

420 4123 509 4190 Dicis
538 4124 638 4209 enim,
666 4128 699 4190 te
726 4123 766 4190 ab
793 4123 857 4190 illis
885 4124 920 4190 in
949 4123 1047 4190 sacris
1078 4122 1273 4190 oblationum
1300 4121 1504 4190 libaminibus

342 4239 578 4306 remotissimum
605 4260 691 4323 esse,
719 4260 761 4306 ne
789 4244 934 4307 sanctum
956 4238 1087 4306 canibus
1111 4233 1204 4304 dero‘
1225 4237 1377 4304 videreris
1401 4273 1443 4284 -
1464 4239 1504 4306 dc

343 4348 394 4418 hoo
415 4355 488 4440 qnid
511 4355 643 4422 senhret
664 4359 790 4422 sanctos
812 4355 1026 4439 Augustinus,
1055 4354 1139 4420 inter
1168 4358 1272 4420 cetera
1294 4353 1404 4420 subtus
1426 4353 1504 4420 insi-

343 4467 498 4537 nuabimus
520 4508 566 4518 -
587 4471 718 4558 insuper
739 4491 804 4538 non
826 4475 954 4558 sponte,
977 4470 1060 4538 nonb
1084 4489 1239 4536 comcnsu
1261 4488 1363 4554 neque
1385 4489 1425 4538 ex
1448 4489 1503 4536 vo·

408 4615 429 4648 e.
448 4604 560 4663 muniuit
576 4607 611 4660 B,
626 4604 747 4662 mainonii
763 4606 790 4652 ι’.
866 4603 889 4650 b.
909 4615 953 4650 nee
969 4605 996 4650 C.

407 4680 432 4734 1.
453 4681 602 4751 regiminis.
674 4683 700 4736 o.
723 4681 758 4736 v.
775 4681 845 4749 seg.
862 4685 939 4750 pone.
957 4681 1035 4736 aon.
1053 4695 1081 4749 p.
1095 4681 1130 4736 oa
1148 4696 1175 4734 n.
1187 4679 1231 4736 sn.
1303 4679 1328 4733 3.
1349 4677 1502 4734 loerrach.

343 4763 423 4831 blo:
440 4769 579 4839 „ahoquin
590 4767 748 4824 debueratis
759 4768 795 4824 dc
805 4767 859 4824 boc
869 4768 973 4825 mundo
984 4767 1115 4824 exiisee“.
1187 4768 1214 4824 4.
1232 4765 1384 4824 tcorintb.
1398 4769 1440 4836 11,
1453 4769 1501 4824 26:

345 4851 385 4918 »in
400 4855 537 4914 inanibus
554 4857 820 4928 saepe—periculis
836 4857 865 4914 in
883 4855 960 4914 talaia
971 4855 1128 4914 truhthad.
1182 4857 1209 4912 b.
1227 4855 1324 4912 Matth
1338 4856 1363 4926 7,
1376 4857 1406 4912 6:
1427 4855 1501 4925 „No

343 4937 385 4994 litt
401 4941 462 5002 dero
477 4949 605 5002 unctum
623 4943 768 5002 canibns“.

1229 5040 1290 5097 11*
