4342 6034
579 731 606 778 s.
621 731 797 779 normann
818 733 863 780 nn
883 733 987 780 nnnnr
1007 733 1195 782 nrrsnouun
1222 735 1315 780 ao-aa
1486 721 1527 784 81

365 875 475 953 matre,
503 871 656 938 solacium
685 890 851 957 quaerere,
880 873 962 941 sicut
989 875 1079 942 decet
1100 874 1182 941 filios
1206 875 1373 942 coheredes
1397 877 1487 960 regni
1510 883 1600 944 alda

365 986 456 1069 regali
485 994 632 1072 parente,
668 989 844 1056 ministerio
873 1011 997 1076 quoque
1025 991 1203 1077 praesentis
1230 991 1338 1058 fratris
1367 991 1529 1060 karissimi
1548 955 1604 1002 Μ’

363 1101 516 1168 Bonifatii.
551 1103 652 1182 Quem
673 1105 714 1170 ad
736 1125 803 1189 vos,
828 1106 1010 1192 episcopum
1033 1112 1260 1191 consecratum,
1283 1107 1317 1174 in
1338 1113 1422 1174 sorte
1436 1129 1529 1195 prae-

364 1217 522 1285 dicationis
551 1219 786 1303 distinavimus,
822 1222 1003 1307 apostolicis
1030 1223 1282 1290 institutionibus
1312 1224 1528 1310 informatum,

363 1334 399 1399 ad
419 1335 636 1402 instruendam
658 1335 753 1404 fidem
774 1341 923 1403 vestram.
969 1337 1006 1403 ln
1029 1338 1174 1404 omnibus
1198 1339 1342 1405 volumus
1366 1345 1398 1406 et
1421 1340 1529 1406 borta-

363 1471 436 1535 mor,
459 1451 663 1520 oboedientes
685 1454 715 1520 ei
737 1453 914 1524 consentire
936 1453 975 1518 ad
998 1454 1253 1540 conplementum
1274 1455 1307 1520 in
1323 1454 1459 1522 Domino
1475 1475 1529 1522 ve-

363 1571 440 1634 stroe
461 1567 658 1634 salvationis.

364 1724 419 1794 21.
445 1727 620 1816 Gregorius
643 1729 686 1794 II
704 1755 798 1817 popu
819 1733 939 1796 Karolo
962 1731 1111 1796 Marcello
1141 1733 1216 1795 doci
1244 1733 1438 1796 comprendat
1460 1733 1527 1797 Bo·

442 1837 596 1921 nufutium
617 1841 652 1902 io
678 1836 883 1905 (immundam
903 1842 1060 1903 miaaum'.
1396 1836 1476 1918 (WG
1493 1840 1527 1922 b)

442 1968 569 2036 Domno
592 1970 728 2054 glorioso
751 1970 816 2036 filio
838 1971 955 2037 Karolo
978 1970 1050 2036 duci
1073 1968 1243 2053 Gregorius
1266 1990 1359 2056 papa.
1547 1984 1599 2037 722

442 2085 692 2173 comperientes,
713 2092 756 2170 te,
779 2088 814 2152 in
837 2087 962 2153 Christo
986 2087 1198 2170 dilectissime,
1222 2085 1389 2169 religiosae
1412 2087 1527 2152 mentis
1547 2056 1602 2102 Μ’

362 2199 498 2268 affectum
523 2223 633 2286 gerere
655 2203 688 2268 in
711 2203 819 2269 multis
848 2203 1131 2289 oportunitatibus,
1161 2201 1266 2268 debito
1296 2201 1406 2268 salutis
1436 2223 1527 2287 prae·

361 2318 465 2402 misso,
488 2324 601 2384 notum
624 2318 757 2384 iacimus
780 2319 847 2384 Deo
870 2319 1003 2385 dilectae
1032 2324 1106 2384 tuae
1135 2318 1298 2400 dignitati:
1327 2323 1527 2403 praesentem

361 2432 483 2500 fratrem
497 2433 698 2500 Bonifaoium
716 2471 758 2479 -
773 2433 834 2501 fide
858 2440 890 2501 et
911 2435 1051 2500 moribus
1076 2434 1296 2519 approbatum,
1320 2434 1443 2500 anobis
1461 2435 1527 2520 epi-

362 2568 482 2636 scopum
512 2556 732 2618 consecratum
754 2557 847 2635 atque
870 2550 1121 2615 institutionibus
1144 2555 1270 2614 sanotae
1294 2550 1377 2615 sedis
1402 2557 1527 2636 aposto-

344 2663 441 2749 licae,
463 2668 516 2733 cni
540 2666 608 2733 Deo
632 2673 757 2732 anctore
779 2666 1006 2752 praesidemus,
1031 2665 1199 2731 aecclesiae
1220 2665 1360 2748 generali
1376 2665 1527 2731 sollicitu-

362 2779 434 2865 dine,
457 2784 666 2848 iniormatnm
682 2819 723 2828 —
741 2782 781 2847 ad
796 2783 1043 2868 praedicandum
1058 2781 1203 2867 plebibus
1221 2780 1409 2846 Germaniae
1424 2783 1527 2864 gentis

361 2916 393 2961 nc
413 2898 548 2965 diversis
570 2899 604 2964 in
628 2899 774 2964 orientali
795 2897 876 2964 Reni
899 2895 1036 2962 fluminis
1059 2903 1151 2983 parte
1174 2895 1428 2980 consistentibus,
1451 2917 1527 2979 gon·

361 3013 475 3081 tilitatis
498 3035 609 3082 errore
631 3015 766 3081 detentis
781 3013 832 3080 uel
848 3013 949 3080 adbuc
964 3013 1161 3096 ignorantiae
1177 3012 1419 3078 obscuritatibus
1435 3033 1527 3099 prae-

361 3131 476 3217 peditis,
499 3132 680 3198 necessario
703 3131 870 3196 destinare.
905 3129 968 3195 Pro
991 3130 1104 3216 qrribus
1128 3151 1200 3196 eum
1223 3129 1377 3213 gloriosae
1399 3129 1527 3195 benivo-

361 3243 466 3313 lentiae
488 3253 566 3313 tuae
589 3247 767 3313 omnimodo
792 3247 1066 3330 commendamus,
1095 3251 1131 3312 ut
1153 3265 1224 3312 eum
1248 3245 1281 3311 in
1305 3245 1449 3312 omnibus
1471 3267 1527 3312 ne-

362 3364 553 3430 cessitatibus
577 3362 731 3429 adiuvetis
754 3369 786 3429 et
808 3367 918 3428 contra
941 3362 1097 3448 quoslibet
1120 3363 1332 3444 adversarios,
1357 3362 1469 3446 quibus
1492 3363 1526 3428 in

360 3475 487 3546 domino
510 3478 712 3566 praevaletis,
735 3479 964 3545 instantissime
980 3479 1171 3560 defendatis3
1195 3479 1369 3544 certissime
1384 3478 1523 3544 retinen·

360 3599 418 3660 tes:
444 3596 513 3662 Deo
543 3615 600 3661 vos
628 3595 791 3678 exbibete,
821 3614 1023 3680 quaecunque
1045 3595 1119 3661 huic
1141 3594 1379 3680 promptissimo
1402 3594 1525 3679 impen-

361 3709 462 3778 deritis
489 3713 608 3778 farore.
655 3711 731 3795 Qui,
761 3713 878 3777 sanctis
907 3709 1059 3796 apostolis
1088 3711 1153 3776 suis
1185 3709 1226 3776 ad
1253 3709 1354 3775 lucem
1383 3709 1525 3792 gentium

361 3825 533 3912 destinatis,
561 3827 805 3913 suscipientibus
829 3847 882 3893 eos
905 3846 939 3893 se
962 3826 1196 3912 suscipiendum
1221 3823 1380 3910 praedixit
1390 3820 1406 3890 ¹.
1442 3824 1524 3903 Quo-

360 3963 423 4008 mm
448 3943 700 4010 institutionibus
723 3963 781 4028 per
802 3963 861 4008 nos
883 3943 1089 4026 informatur,
1119 3941 1312 4028 praemissus
1336 3942 1467 4008 antistes
1490 3942 1523 4007 in

360 4065 436 4127 sorte
458 4060 703 4148 praedicationis
725 4059 878 4145 procedit.

362 4215 416 4286 22.
441 4219 615 4308 Gregorius
638 4221 680 4286 ΙΙ
692 4244 785 4308 papa
807 4221 997 4286 Aluaaonea
1023 4221 1063 4285 ab
1086 4221 1271 4286 idololotria
1293 4232 1413 4284 avocat.
1454 4220 1522 4284 Bo-

438 4331 590 4414 nis'atr'um
612 4327 833 4394 commendat!
1253 4324 1288 4408 (S
1308 4327 1380 4410 121,
1404 4322 1472 4392 WG
1489 4325 1521 4405 9)
1637 4331 1639 4334 ’

439 4460 611 4546 G¹⁰g⁰si¹¹⁸
634 4482 721 4549 Pal)a
741 4461 888 4528 universo
911 4460 1028 4547 populo
1051 4459 1232 4548 provinciae
1255 4459 1476 4525 Altsaxonum.
1543 4463 1615 4518 722?

441 4577 644 4666 Sapientibns
661 4583 694 4644 et
709 4576 930 4664 insipientibus
950 4577 1074 4645 debitor
1089 4597 1159 4642 sum
1166 4572 1187 4661 ²,
1210 4575 1321 4658 fateor,
1344 4573 1521 4655 karissimi3
1542 4538 1613 4584 beer

425 4714 445 4748 t.
465 4721 494 4748 ex
510 4703 605 4749 othloni
620 4703 674 4748 Vua
690 4704 815 4758 Bonifatii,
835 4703 887 4748 cod
903 4703 1001 4761 capitula·
1015 4703 1150 4748 lbeuiraerrsir
1165 4701 1208 4757 fol.
1224 4699 1279 4746 891).
1356 4697 1380 4743 b.
1401 4715 1430 4743 ex
1446 4701 1474 4744 M
1489 4699 1521 4743 dv

365 4779 429 4825 -4ο,
450 4783 503 4828 sue
518 4783 628 4828 tamnu.

426 4869 450 4920 l.
470 4867 567 4922 llattb.
581 4869 623 4937 11,
635 4869 685 4923 40:
705 4867 773 4938 ,Qui
790 4868 888 4937 recipit
904 4883 964 4938 ros,
982 4882 1027 4922 me
1044 4865 1167 4936 rocipit“.
1257 4865 1283 4918 2.
1307 4862 1480 4932 Rom.1,14.

400 4961 474 5015 oud.
489 4967 634 5012 suenorum
649 4969 688 5011 ιιι.
1291 4962 1308 5015 6
1527 4955 1531 4968 ’
