4342 6034
686 750 753 815 450
924 766 1131 814 vvmnrornnr
1152 768 1233 814 vrrs
1255 767 1283 813 e.
1299 766 1475 815 eoumnrrr
1496 764 1573 815 osv.
1588 766 1626 813 vr

616 914 668 969 722
687 908 816 975 diouum
844 907 1031 993 Italiaeque,
1064 908 1130 973 iam
1158 908 1289 976 collibus
1317 908 1448 994 Alpium
1476 908 1687 991 arusuensis,
1720 906 1835 974 lrmrtrrm

685 1022 764 1089 fines
793 1020 1010 1109 militumque¹
1038 1023 1191 1090 terminos
1218 1024 1465 1107 transmigravit
1511 1022 1556 1089 Et
1583 1022 1742 1089 &manae
1766 1022 1837 1089 urbis

686 1139 849 1205 moenibus
882 1140 1086 1225 conspectis·,
1116 1139 1298 1206 Altithrono
1325 1144 1457 1227 repente
1485 1138 1658 1223 condignas
1685 1140 1839 1223 gratiarum

686 1254 795 1321 laudes
817 1254 963 1342 rependit
991 1262 1039 1339 et,
1068 1256 1108 1321 ad
1137 1256 1222 1322 beati
1243 1254 1331 1321 Petri
1357 1274 1433 1321 mox
1454 1255 1640 1322 aecclesiam
1662 1255 1839 1341 perveuim

687 1370 831 1454 diligenti
866 1390 900 1437 ae
930 1372 1072 1438 oratioue
1100 1372 1247 1437 munivit
1338 1370 1419 1437 Guin
1448 1391 1523 1437 vero
1550 1371 1671 1437 lassata
1699 1371 1841 1459 paulisper

686 1487 829 1553 membra
851 1486 1059 1571 quievissent,
1080 1486 1145 1552 iam
1170 1486 1261 1553 beato
1284 1483 1436 1568 Gregorio
1459 1486 1652 1573 apostolicae
1673 1486 1757 1553 sedis
1776 1506 1841 1573 pon

686 1601 763 1669 tilici
784 1604 963 1670 nuntiatum
987 1608 1044 1688 est,
1069 1603 1153 1689 quod
1174 1602 1226 1667 hic
1241 1601 1302 1667 Dei
1322 1600 1460 1667 famulus
1481 1602 1653 1670 adveniret
1687 1602 1749 1681 Qui
1762 1603 1841 1669 etiam

687 1718 765 1785 bene
788 1724 967 1805 susceptus,
991 1717 1238 1785 zenodochium'
1260 1717 1413 1783 adductus
1437 1722 1494 1784 eet

774 1834 972 1901 Adveniente
1001 1836 1109 1918 itaque
1131 1838 1285 1919 oportuno
1308 1832 1535 1900 conlocutionis
1559 1854 1668 1899 eorum
1691 1834 1745 1900 die
1765 1838 1795 1899 et
1812 1832 1844 1897 ad

685 1948 849 2017 basilicam
878 1950 962 2017 beati
985 1949 1072 2017 Petri
1096 1948 1232 2035 apostoli
1255 1948 1445 2015 adventante
1468 1949 1603 2033 glorioso
1626 1949 1711 2015 sedis
1734 1954 1843 2035 aposto
1897 2011 1898 2050 ,

685 2066 781 2132 licae⁰
809 2064 980 2152 pontificii,
1009 2065 1175 2131 confestim
1204 2063 1256 2130 hic
1278 2062 1339 2130 Dei
1366 2064 1504 2130 famulus
1530 2065 1684 2131 invitatus
1713 2072 1772 2131 est
1811 2062 1844 2129 Et
1897 2053 1898 2132 l

686 2201 757 2247 oum
780 2184 890 2267 paucis
913 2182 1112 2247 adinvicem
1135 2199 1172 2246 ac
1198 2178 1337 2266 pacificis
1364 2201 1400 2246 se
1427 2181 1618 2247 salutassent
1646 2180 1768 2264 verbis,
1793 2181 1843 2244 ian

687 2296 726 2363 de
754 2297 890 2363 simbulo
919 2304 951 2363 et
978 2296 1054 2379 fidei
1081 2296 1332 2362 aecclesiasticae
1359 2296 1529 2362 traditione
1555 2296 1751 2383 apostolicus
1771 2296 1843 2361 illum

686 2412 829 2499 pontifex
856 2413 1030 2497 inquisivit
1067 2411 1126 2478 cu
1154 2432 1228 2477 mox
1256 2412 1308 2477 lric
1334 2412 1385 2477 vir
1406 2411 1467 2478 Dei
1495 2412 1658 2479 humiliter
1685 2410 1843 2498 respoudit
1897 2433 1898 2470 1

686 2529 809 2594 dicens:
839 2530 978 2595 Maniae
1007 2528 1193 2614 apostolice,
1221 2531 1300 2593 aovi
1325 2551 1375 2593 ma
1401 2531 1598 2615 imperatam,
1627 2533 1695 2594 iam
1711 2531 1843 2615 perepr'v

685 2669 761 2726 aaa,
785 2658 905 2711 vestm
918 2645 1159 2730 famila'crttutia
1182 2638 1356 2720 aerrmoae¹5
1381 2646 1438 2709 aad
1459 2666 1563 2731 quaec,
1587 2658 1623 2711 at
1645 2647 1763 2710 otram·
1783 2644 1844 2708 mli

686 2775 805 2848 tempas
838 2762 1078 2826 commutandae
1103 2761 1186 2845 fidpt'
1218 2762 1384 2840 medua,
1421 2772 1450 2825 et
1481 2772 1570 2826 macto
1601 2772 1727 2826 tuntum
1755 2762 1843 2826 lettera

686 2900 787 2943 meam
808 2878 1041 2943 radouudilr‘cer
1054 2876 1155 2959 fidem
1170 2878 1346 2962 adapertus.
1381 2873 1442 2952 Qui
1456 2876 1552 2941 etiam
1567 2876 1713 2961 protinus
1728 2894 1844 2942 consen

685 2996 729 3061 sit
750 3000 791 3078 et,
815 2999 851 3060 ut
872 2994 986 3059 festiue
1009 2992 1091 3058 hanc
1112 2992 1301 3077 scripturam
1325 2990 1477 3075 deferret,
1503 2991 1683 3076 imperavit.
1768 2990 1844 3057 Cure

687 3130 757 3196 que,
781 3110 942 3195 aliquanto
964 3108 1118 3195 temporis
1133 3107 1257 3174 evoluto
1291 3106 1406 3193 spatio,
1430 3112 1558 3172 sauctae
1572 3104 1741 3172 Trinitatis
1757 3105 1844 3185 fidem,

685 3224 807 3292 urbana
836 3225 1032 3310 eloquentiae
1060 3222 1207 3290 scientia¹
1234 3222 1462 3309 conscriptam,
1494 3221 1675 3305 detulisset,
1708 3221 1845 3289 reddidit
1897 3205 1898 3218 ¹

687 3351 766 3425 que⁸
781 3341 923 3427 praelato
945 3338 1097 3426 pontifici.
1132 3338 1339 3425 Exspectavit
1359 3338 1566 3405 nihilominus
1588 3338 1707 3425 quippe
1722 3338 1789 3405 dies
1802 3334 1846 3401 ad
1897 3317 1898 3332 ¹

686 3456 748 3522 huc
771 3456 902 3541 aliquos.

777 3571 830 3638 Sic
850 3572 957 3638 saltim
971 3570 1158 3637 reinvitatus
1175 3576 1239 3652 eet3
1263 3574 1305 3653 et,
1321 3568 1510 3636 Lateranem
1526 3569 1736 3654 introductus,
1757 3568 1846 3635 humi·

686 3688 759 3755 liter
781 3708 882 3775 prono
903 3686 994 3753 vultu
1016 3688 1172 3773 protinus,
1195 3686 1355 3773 postulata
1375 3685 1602 3769 benedictione,
1628 3686 1762 3772 pedibus
1783 3702 1847 3770 apo

690 3804 794 3870 stolici
821 3802 979 3890 pontificis
1008 3802 1175 3869 advolutus
1202 3808 1260 3868 est
1292 3800 1414 3886 Quique
1435 3807 1566 3888 repente
1588 3801 1726 3868 elevavit
1745 3817 1848 3867 eume
1897 3819 1898 3824 ¹

687 3926 787 4001 terra3
812 3926 845 3985 et
866 3924 997 4004 cartam,
1020 3920 1054 3985 in
1078 3939 1141 4004 qua
1162 3919 1287 4001 integra
1309 3923 1341 3984 et
1362 3918 1547 4004 incorrupta
1564 3917 1641 4000 fidei
1659 3918 1764 4004 patuit
1776 3913 1848 3980 veri·

688 4042 747 4119 tas,
771 4035 844 4101 huic
861 4034 923 4103 Dei
944 4034 1064 4102 famulo
1086 4034 1239 4116 reddidit;
1264 4054 1398 4119 eumque
1417 4033 1587 4100 consedere
1599 4034 1685 4099 fecit.
1720 4032 1761 4099 Et
1774 4030 1847 4097 salu-
1897 3997 1899 4120 l

687 4152 773 4217 tereh
798 4172 869 4218 eum
892 4152 1116 4218 admonitionis
1137 4150 1283 4217 doctrina
1303 4150 1470 4234 instruxit,
1498 4155 1536 4215 ut
1561 4149 1645 4216 hanc
1672 4150 1741 4216 eine
1760 4148 1847 4213 iuter·
1897 4163 1898 4204 1

687 4268 847 4334 missione
869 4269 1092 4335 intemeratam
1125 4265 1201 4348 fidei
1238 4266 1446 4332 munitionem
1482 4272 1685 4333 conservaret
1721 4270 1751 4332 et
1785 4260 1847 4329 aliia

687 4384 842 4451 instanter
876 4404 1005 4449 suarum
1039 4402 1098 4469 pro
1127 4381 1337 4468 possibilitate
1364 4382 1480 4449 virium
1507 4382 1716 4469 praedicaret
1758 4376 1848 4445 llnlta

580 4588 585 4598 Ι
688 4518 811 4585 quoque
839 4500 902 4565 alia
925 4499 964 4565 de
985 4498 1145 4582 relegione
1167 4498 1344 4565 ametimtis
1367 4504 1400 4565 et
1419 4497 1495 4582 fidei
1517 4500 1651 4565 veritate
1672 4492 1846 4565 undeno

550 4704 563 4727 ν
760 4656 779 4687 a
802 4641 962 4701 conspectibus
973 4646 999 4689 F.
1077 4642 1099 4689 b.
1121 4640 1283 4688 zenodochium
1299 4644 1325 4698 F,
1341 4640 1583 4697 xenodochiorum.
1661 4654 1682 4687 e.
1704 4634 1846 4700 apostolicis·

689 4720 711 4768 d.
732 4722 839 4781 pontifice
856 4726 884 4769 A.
947 4737 967 4768 e.
988 4738 1067 4768 munuc
1083 4738 1159 4767 recem
1175 4738 1233 4767 corr.
1249 4724 1271 4767 iu
1288 4721 1386 4767 otiosum
1403 4724 1428 4767 F.
1490 4720 1507 4767 l.
1527 4720 1614 4767 urbm
1628 4719 1766 4779 eloquentiae
1781 4714 1845 4762 etin·

688 4802 733 4848 tlte
749 4805 775 4858 F,
791 4802 878 4848 urbana
893 4800 1036 4862 eloquentiae
1052 4800 1150 4847 scientia
1163 4804 1193 4857 A,
1209 4803 1236 4848 B.
1314 4814 1336 4860 g.
1357 4800 1459 4847 reddidit
1474 4802 1502 4847 A.
1578 4799 1604 4846 h.
1625 4799 1719 4846 aelnhri
1731 4800 1757 4845 A.

761 4898 784 4950 1.
810 4894 851 4950 Cf.
871 4910 954 4967 supra
971 4912 998 4966 p.
1011 4897 1065 4953 444
1083 4912 1110 4951 n.
1124 4896 1150 4951 5.
1239 4898 1264 4951 2.
1289 4910 1415 4952 sermone
1432 4900 1492 4951 tum
1510 4894 1613 4950 Romae
1630 4892 1756 4965 populan‘.
