4342 6034
514 910 566 965 748

467 988 522 1046 post
529 984 612 1031 unum

630 740 697 809 204
880 756 907 805 s.
924 754 1102 804 nostram
1123 755 1167 802 nr
1189 755 1293 801 nunu
1313 752 1501 801 nnrsronun
1524 753 1555 799 uo

629 904 736 988 oampi
756 922 821 966 ooo
835 899 980 985 sument·
998 920 1083 964 eorus
1093 892 1110 962 ¹.
1146 894 1219 980 Sed,
1242 915 1301 982 pro
1324 894 1424 978 dolor,
1448 891 1585 961 offioium
1607 893 1726 960 laboris
1741 895 1803 961 mei
1922 909 1923 914 ’

629 1036 736 1084 rerum
759 1014 936 1081 oonlatione
958 1011 1155 1079 simillimum
1171 1032 1241 1079 esse
1256 1011 1381 1077 videtur
1395 1011 1467 1077 oani
1481 1010 1612 1077 lauanti
1627 1015 1660 1077 et
1674 1010 1802 1093 videnti,
1922 1029 1923 1038 ¹

628 1132 714 1198 fures
744 1136 776 1197 et
801 1130 940 1197 latrones
962 1129 1110 1212 frangere
1133 1132 1166 1194 et
1187 1126 1371 1194 subfodere*
1394 1132 1427 1194 at
1448 1131 1575 1193 vastare
1598 1126 1728 1193 domum
1750 1126 1805 1191 do-

629 1248 708 1313 mini
731 1247 796 1329 sui3
822 1252 854 1313 et
876 1245 950 1330 quia
972 1244 1185 1311 defensionis⁰
1209 1243 1413 1309 auxiliatores
1432 1262 1497 1309 non
1511 1242 1637 1326 habeut,
1659 1242 1805 1309 submur-

629 1383 759 1429 murans
782 1363 975 1445 ingemescat
998 1367 1030 1428 et
1051 1360 1168 1444 lugeat.
1214 1358 1306 1425 Nune
1329 1363 1452 1441 autem,
1485 1358 1569 1442 quod
1590 1357 1670 1423 mihi
1691 1359 1727 1423 in
1748 1357 1806 1424 tali

629 1478 771 1566 periculo
793 1478 897 1565 posito
919 1478 1040 1544 iustum
1064 1481 1238 1543 otrentum
1254 1474 1473 1558 ostendetur,
1496 1474 1623 1541 salubre
1638 1474 1807 1541 eonsilium

629 1600 771 1662 vestrum
795 1613 929 1679 querens
953 1597 985 1660 et
1007 1592 1090 1659 seire
1112 1592 1306 1675 desiderans,
1328 1591 1454 1657 insinuo
1476 1589 1657 1657 libertatem
1679 1590 1807 1677 praedi-

630 1710 737 1793 oandi3
767 1710 852 1793 dieo,
875 1714 911 1774 ut
933 1709 968 1775 in
990 1708 1113 1775 autibus
1136 1706 1352 1794 apostolorum
1374 1704 1493 1773 Paulus
1516 1706 1678 1793 apostolus
1701 1726 1803 1774 serer-

629 1826 755 1893 dotibus
779 1825 948 1909 intimavit,
972 1824 1095 1891 dicens:
1120 1822 1281 1889 Coateator
1294 1846 1350 1890 vos
1365 1825 1519 1889 hodierno
1533 1825 1595 1904 die,
1620 1827 1698 1910 qaia
1712 1846 1806 1889 mon·

629 1946 689 2009 das
712 1964 781 2007 aum
805 1942 843 2007 ab
869 1944 1008 2007 omnium
1030 1944 1195 2028 sanquine.
1229 1940 1307 2005 Noa
1329 1944 1412 2004 enim
1426 1940 1612 2026 stehterfupe’,
1637 1944 1806 2026 quominus

630 2056 869 2125 desudarem*
893 2058 980 2122 oobt'a
1002 2079 1093 2122 omae
1108 2056 1275 2122 eonsilium
1288 2056 1363 2121 Dei.
1400 2055 1569 2121 Adtendite
1582 2057 1670 2121 oobe's
1688 2070 1719 2123 et
1731 2060 1805 2122 ani·

630 2184 736 2241 uerso·
758 2176 860 2261 prepi,
885 2177 919 2238 ia
943 2196 1005 2259 quo
1024 2170 1153 2261 poseit‘
1175 2194 1230 2237 ooo
1254 2171 1398 2259 Spiritus
1415 2183 1541 2237 arsetam
1556 2175 1731 2260 epmcopoa
1754 2196 1805 2239 re·

629 2314 702 2378 pere
731 2292 891 2355 ecelesiam
912 2290 994 2369 Dei,
1025 2310 1121 2374 quam
1148 2290 1323 2374 adquesivit
1348 2288 1411 2353 sibi
1432 2291 1587 2374 sanquine
1608 2282 1693 2354 auo¹.
1741 2290 1805 2355 Re·

628 2430 728 2494 petam
750 2406 855 2489 inquit
871 2405 946 2485 Dei,
971 2408 1074 2471 inter⁸
1096 2427 1151 2470 ooo
1174 2405 1351 2484 ambulares,
1370 2406 1577 2491 praedieooi;
1599 2418 1635 2471 ut
1654 2427 1705 2470 me
1727 2405 1804 2472 alie·

630 2544 707 2588 nam
722 2522 761 2587 ab
779 2525 919 2587 omnium
929 2523 1109 2607 perditione
1124 2542 1288 2586 amores.
1318 2518 1402 2585 Nam
1417 2518 1580 2604 apostolus
1595 2516 1803 2609 epeaeopumss

631 2637 787 2725 propheta
798 2632 1051 2724 apemlutorem‘,
1069 2635 1208 2702 salvator
1222 2635 1334 2701 mundi
1344 2632 1524 2723 pastorem‘
1536 2635 1687 2703 eoelesiae
1701 2656 1805 2703 saeer-

632 2754 736 2821 dotom
761 2751 917 2840 appellat3
942 2756 974 2819 et
997 2772 1106 2818 omnes
1120 2757 1277 2818 tacentem
1293 2756 1424 2838 peooata
1437 2752 1548 2839 populi
1562 2752 1742 2819 (tortoremh
1756 2774 1805 2820 re·

630 2870 697 2935 um¹
720 2869 882 2953 sanguinis
913 2870 1091 2935 animarum
1112 2868 1309 2954 perditarum
1331 2867 1390 2934 sub
1412 2867 1538 2935 silentio
1560 2888 1645 2952 esse,
1673 2890 1806 2957 conpro-

631 2986 716 3053 bant.
741 2984 876 3072 Propter
892 2985 951 3051 hoo
965 2983 1126 3051 horribilis
1143 2989 1176 3051 et
1189 2984 1332 3049 maxima
1344 2983 1536 3051 nenessitas'K
1550 2986 1649 3069 cogit:
1666 2992 1702 3053 ut
1714 2986 1806 3053 iuxta

631 3102 749 3168 dietum
780 3100 916 3189 apostoli
938 3120 997 3165 nos
1018 3100 1156 3165 formam
1177 3100 1348 3165 debeamus
1371 3098 1519 3167 exhibere
1539 3098 1718 3183 fidelibus⁸3
1746 3102 1806 3170 hoo

632 3223 689 3301 est„
712 3217 774 3283 nisi
797 3237 848 3284 me
870 3215 961 3281 sallat
983 3216 1101 3302 opinio,
1124 3218 1171 3282 itu
1192 3216 1275 3282 iuste
1289 3216 1459 3281 vivendum
1474 3217 1537 3283 est'
1551 3217 1743 3303 saoerdoti“,
1765 3240 1806 3286 ne

632 3332 716 3399 diota
732 3352 790 3398 sna
803 3330 1053 3418 repugnantibus
1068 3332 1161 3397 faotis
1177 3336 1308 3397 evacuet
1322 3336 1354 3399 et
1367 3342 1437 3416 ue',
1459 3352 1531 3399 oum
1545 3332 1608 3400 sibi
1621 3333 1661 3400 de
1674 3336 1805 3421 proprio

632 3452 722 3515 oaute
745 3448 842 3532 vivat,
866 3452 974 3513 taeens
995 3446 1098 3514 alieno
1113 3448 1280 3514 damnetur
1294 3453 1432 3534 peceato.
1468 3447 1549 3526 Quia
1564 3449 1605 3515 ud
1618 3448 1679 3517 hoo
1693 3458 1743 3518 est
1755 3470 1805 3518 eo-

632 3564 747 3631 elesiae
763 3562 823 3630 Dei
838 3564 1050 3650 praepositus,
1072 3570 1186 3629 utnon
1204 3563 1305 3629 solum
1320 3564 1401 3631 bene
1416 3564 1550 3630 vivendo
1565 3564 1644 3631 alios
1659 3566 1805 3654 exemplo

631 3680 788 3765 instituat,
813 3678 984 3765 sedetiam
1006 3678 1195 3746 fiducialiter
1213 3680 1426 3767 praedicando
1444 3680 1595 3764 singulis⁰
1611 3688 1685 3749 ante
1699 3683 1806 3750 oeulos

631 3800 762 3883 peooata
784 3816 843 3862 sua
857 3796 1028 3863 constituat
1048 3802 1090 3879 et,
1113 3814 1193 3881 quae
1206 3814 1312 3881 poena
1325 3800 1470 3862 maneat*
1485 3797 1580 3863 duros
1596 3803 1629 3864 et
1643 3818 1725 3883 quae
1739 3798 1806 3883 glo-

631 3912 680 3978 ria
702 3911 913 3995 oboedientes,
938 3912 1093 3978 ostendat
1131 3910 1213 3989 Quia
1233 3912 1324 3977 iuxta
1345 3912 1474 3979 verbum
1496 3913 1626 3980 Domini
1649 3914 1689 3981 ad
1704 3914 1805 3982 Houo-

633 4028 776 4112 ohielem,
801 4028 850 4095 oui
867 4028 1060 4115 dispensatio
1076 4028 1164 4095 verbi
1180 4028 1350 4094 commissa
1363 4033 1421 4112 est,
1445 4029 1571 4095 etiamsi
1585 4036 1694 4097 saneto
1709 4032 1804 4113 vivet,

633 4149 666 4209 et
689 4148 795 4209 tamen
817 4144 941 4231 perdite
954 4145 1097 4211 viventes
1113 4164 1245 4227 arguere
1261 4149 1317 4210 aut
1330 4144 1495 4211 erubeseat
1510 4150 1566 4212 aut
1579 4150 1711 4229 metuat,
1733 4166 1805 4214 enm

705 4298 726 4331 u.
745 4284 831 4332 fuciunt
847 4288 902 4334 MV.
982 4287 1004 4333 b.
1025 4286 1142 4334 subfodire
1159 4287 1216 4333 MV.
1293 4300 1313 4333 o.
1334 4286 1480 4334 defensiones
1496 4290 1554 4344 MV,
1574 4288 1720 4336 defensiones
1739 4292 1764 4335 et
1779 4292 1804 4338 C.

632 4364 655 4411 d.
677 4364 786 4411 adnuntio
804 4368 859 4413 MV.
931 4382 950 4414 e.
971 4368 1123 4414 universim.
1193 4366 1210 4413 i.
1231 4383 1273 4413 om.
1290 4367 1348 4413 MV.
1417 4380 1439 4425 g.
1460 4368 1484 4413 in
1501 4369 1559 4418 MV.
1620 4366 1644 4413 h.
1663 4370 1801 4417 tacentes-

633 4444 740 4491 doctoree
757 4448 782 4493 C.
861 4445 876 4491 i.
898 4460 961 4493 reum
976 4448 1033 4507 Sp.‚·
1049 4465 1092 4493 om.
1109 4447 1174 4504 MK·
1190 4458 1242 4492 reos
1259 4450 1285 4494 c.
1361 4445 1385 4492 k.
1406 4448 1532 4494 necessitas
1550 4449 1578 4493 V.
1655 4448 1672 4495 l.
1693 4450 1804 4496 onam.

633 4538 663 4570 m.
685 4524 773 4571 doctori
789 4525 951 4579 M,....doti
969 4526 996 4574 V.
1066 4540 1089 4573 n.
1110 4526 1213 4574 ΜΡ.
1284 4540 1305 4573 o.
1326 4526 1428 4585 singulos
1445 4528 1502 4581 MV,
1518 4529 1558 4588 Sp.
1626 4542 1649 4589 p.
1670 4528 1803 4585 intutu,

632 4604 699 4649 aveat
716 4605 743 4659 V,
760 4608 849 4651 maneat
865 4607 892 4660 C,
908 4606 948 4663 Sp,

704 4683 729 4735 1.
752 4680 942 4751 Habao.3,17
962 4682 1113 4737 seeundum
1131 4684 1285 4739 versionem
1304 4684 1452 4754 antiquum,
1471 4700 1498 4740 v.
1511 4683 1637 4741 Sabatier
1653 4685 1802 4743 Bsoiiorum

633 4785 704 4825 vers.
717 4776 773 4825 ant.
786 4770 819 4825 Τ.
832 4770 931 4825 11969.
1004 4772 1030 4825 2.
1049 4770 1113 4825 Aet
1126 4776 1215 4841 apost.
1227 4773 1270 4842 20,
1284 4772 1408 4827 26-28.
1481 4774 1507 4829 3.
1525 4772 1588 4830 Aet.
1602 4780 1690 4844 apost
1703 4776 1748 4846 20,
1761 4777 1801 4831 28.

637 4858 660 4913 r.
683 4857 822 4929 metus,
836 4860 878 4913 ιτ.
950 4860 976 4913 s.
999 4858 1057 4915 Ioh.
1071 4860 1114 4930 10,
1126 4861 1153 4914 a.
1224 4862 1251 4916 o.
1274 4858 1566 4932 ottramnus.
