4342 6034
535 824 615 869 vrrs
638 822 792 870 sauonnr
814 822 1076 871 anemurrscorr
1098 822 1294 871 noeuunmr
1433 802 1498 871 659

329 982 391 1028 non
412 962 493 1029 testo
515 963 689 1030 beatissimi
712 964 909 1051 precursoris
923 962 1052 1029 Domini
1074 968 1257 1049 parcentem
1280 982 1345 1029 nou
1365 963 1499 1049 denique
1527 969 1597 1025 1160
1639 982 1642 989 ·

329 1079 555 1145 reverentiam·
571 1078 672 1164 ipsius
694 1079 767 1162 diei,
791 1100 854 1163 qua
875 1079 986 1145 muudi
1008 1077 1095 1145 salus
1117 1078 1151 1145 in
1175 1098 1267 1145 cruce
1289 1079 1441 1166 pependit
1455 1114 1498 1125 -
1516 1043 1564 1089 Μ’
1576 1043 1606 1089 ²4

329 1200 418 1260 sexta
445 1196 529 1260 enim
557 1199 626 1259 erat
651 1194 732 1260 teria
753 1234 794 1245 -
816 1214 880 1261 uon
908 1198 1033 1260 sacrata
1061 1200 1242 1261 sanctorum
1269 1194 1339 1263 loca
1360 1195 1498 1279 reveriti,

327 1330 390 1375 non
413 1308 531 1375 sanctil
549 1308 654 1375 Iacobi
677 1311 879 1395 presentiam,
903 1328 966 1375 non
989 1314 1170 1377 sanctorum
1193 1317 1317 1393 sanota3
1341 1316 1500 1379 monaste-

327 1426 409 1491 rium
438 1445 508 1491 oum
536 1424 688 1491 altaribus
717 1433 751 1492 et
772 1427 857 1492 omni
881 1426 1034 1508 oratorio,
1064 1446 1137 1493 cum
1160 1426 1305 1495 omnibus
1328 1426 1498 1493 monacho-

327 1561 397 1606 rum
419 1540 563 1623 officinis,
587 1540 685 1606 sacris
708 1546 741 1607 et
760 1562 825 1609 uon
847 1542 956 1626 sacris,
977 1552 1062 1607 uon⁶
1082 1543 1298 1609 extimuerunt
1318 1542 1497 1609 incendere.

329 1656 473 1723 Scilicet·¹
495 1656 634 1721 virorum
661 1652 820 1723 efficaces·
843 1657 963 1723 viribus
986 1661 1080 1741 atque
1103 1658 1290 1743 virtutibus,
1320 1659 1402 1725 sient
1424 1656 1498 1725 effe·

327 1773 453 1855 minati,
482 1771 562 1837 iam‘
584 1774 650 1838 vim
678 1772 824 1839 bellicam
851 1772 893 1839 ad
918 1772 1075 1839 elementa
1101 1779 1296 1841 convertunt
1387 1774 1498 1858 Igitur,

327 1888 547 1973 perureutibus
568 1888 706 1972 lacibus,
735 1889 824 1974 piceo
847 1888 969 1973 liquore
991 1888 1144 1974 perfusis,
1173 1890 1350 1975 massisque
1373 1890 1500 1957 strami-

328 2003 395 2067 neis
418 2000 647 2069 flammivomos
670 2004 868 2087 egerentibus
887 2010 983 2087 estus,
1008 2004 1158 2089 ediculas,
1183 2006 1295 2090 quibus
1312 2010 1422 2073 sancta
1435 2007 1500 2071 vir·

329 2117 444 2199 ginitas
467 2118 617 2185 solitariis
640 2119 774 2203 degebat
795 2120 830 2185 in
851 2120 1036 2187 leminis-
1053 2132 1120 2187 mm
1135 2140 1230 2207 super
1247 2126 1381 2206 portam,
1405 2140 1500 2205 quam

328 2232 416 2318 prius
436 2235 597 2302 securibus
612 2236 804 2319 exciderant,
828 2257 924 2321 quam
939 2256 997 2323 per
1012 2235 1091 2301 alias
1108 2237 1191 2302 muri
1205 2236 1381 2323 posterulas
1398 2242 1500 2303 struc-

328 2355 377 2413 tas
397 2384 441 2395 -·-
463 2350 622 2417 semiustis
651 2372 711 2437 que
737 2352 814 2417 illuc
839 2352 973 2419 ederant
999 2352 1192 2435 virginibus,
1226 2352 1331 2419 medio
1358 2353 1393 2419 in
1423 2352 1498 2419 colis

328 2463 451 2531 fervore
478 2486 551 2531 cum
577 2468 717 2533 strictius
739 2468 844 2533 fervor
866 2468 1054 2551 decoqueret
1075 2473 1210 2552 terram,
1241 2468 1405 2535 devoranti
1426 2469 1500 2551 igne

330 2581 511 2647 escendunt
592 2582 718 2649 Exinde
740 2604 798 2669 per
820 2582 1016 2650 officinarum
1039 2590 1172 2666 mestoc,
1195 2604 1253 2669 per
1275 2585 1372 2651 rimas
1395 2605 1501 2651 muro·

330 2714 409 2779 rum,
433 2718 492 2782 per
514 2718 567 2763 eos
591 2719 668 2783 quos
690 2697 819 2765 flamma
841 2708 972 2765 vorans⁸
990 2698 1094 2765 aditus
1117 2699 1263 2783 feceram,
1284 2700 1405 2766 toribus
1428 2700 1502 2767 hinc

329 2810 399 2879 inde
432 2814 610 2899 perruptis¹
632 2850 675 2859 -
702 2815 777 2898 qnia
804 2815 887 2898 ignis
915 2814 1074 2881 erulorumk
1102 2821 1134 2881 et
1161 2813 1371 2883 ineffabilem¹
1399 2817 1500 2903 ipsius

329 2926 509 3011 fragorem¹¹
523 2929 690 2995 interiores
711 2930 774 2995 iam
798 2930 866 3015 pati
888 2931 1061 3015 nequibant
1076 2966 1118 2976 -
1134 2930 1226 3017 impii
1242 2930 1428 3015 Magantini,
1451 2932 1500 2998 fu·

329 3044 410 3108 renti
439 3044 575 3130 strepitu
603 3051 636 3110 et
658 3046 786 3111 contuso
808 3045 961 3112 clamore:
985 3048 1050 3127 Za,
1073 3049 1133 3112 za!
1160 3046 1383 3131 vociferantes,
1414 3048 1499 3115 intus

330 3166 497 3241 proruunt3
526 3166 558 3225 et
585 3160 738 3244 inermes,
766 3161 848 3227 sicut
875 3162 921 3228 eis
947 3168 1165 3241 occurrerant,
1195 3162 1298 3227 subito
1321 3162 1500 3249 captivitati

331 3274 481 3360 addictos,
508 3274 633 3359 cedunt
656 3276 809 3360 sauciant,
831 3277 945 3343 ictibus
969 3278 1087 3345 crebris
1111 3276 1315 3345 contundunt.

415 3390 540 3457 Interea
569 3392 714 3459 omnibns
743 3413 824 3478 pene
851 3393 958 3459 domni
982 3394 1122 3480 episcopi
1144 3393 1297 3460 militibus
1321 3394 1498 3479 captivatis,

331 3504 426 3591 aliqui
450 3508 490 3573 ad
511 3508 615 3594 ipsum
640 3508 855 3591 confugientes
878 3510 924 3574 rei
947 3510 1110 3576 sinistrum
1134 3508 1195 3575 sibi
1213 3508 1391 3575 referebant
1406 3530 1499 3576 even·

330 3624 412 3687 mm:
436 3624 511 3709 quie
534 3624 636 3689 omnis
659 3624 810 3690 maceries
832 3624 944 3707 tractu,
968 3631 1000 3691 et
1022 3627 1125 3691 omnis
1146 3625 1233 3691 locus
1249 3625 1443 3709 conquisitus
1459 3626 1499 3693 ab

331 3734 472 3805 hostibus
495 3743 593 3820 esset3
616 3740 756 3825 insuper,
780 3740 948 3825 captivatis
972 3740 1115 3807 omnibus
1139 3742 1204 3807 suis
1221 3746 1276 3807 aut
1291 3741 1411 3825 occisis,
1434 3742 1498 3809 iam

332 3854 436 3921 omnia
456 3854 751 3921 vehementissimus
773 3863 972 3923 consumeret
993 3857 1093 3938 ignis3
1124 3856 1327 3923 adhortantes
1350 3874 1437 3940 eum,
1463 3862 1500 3923 ut

331 3965 363 4031 iu
383 3974 487 4037 turres
508 3971 693 4037 monasterii
716 3990 750 4037 se
773 3973 954 4037 cumomni
977 3971 1136 4038 celeritate
1154 3974 1324 4058 reciperet3
1348 3972 1498 4059 alioquin,

332 4080 407 4167 ipsis
429 4086 733 4173 supervenientibus,
756 4087 823 4153 vita
844 4086 939 4153 simul
961 4087 1113 4173 extimplo
1137 4092 1170 4153 et
1192 4088 1277 4153 omni
1300 4088 1419 4154 honore
1432 4089 1499 4174 pri-

332 4207 456 4268 varetur
485 4208 517 4268 et
545 4202 649 4268 rebus.
740 4201 807 4269 Hoc
833 4203 897 4268 illis
924 4192 1115 4287 dicentibus,
1146 4203 1333 4269 venerabilis
1355 4204 1497 4290 pontifex

334 4311 370 4379 ab
397 4317 462 4384 imo
491 4318 594 4384 cordis
620 4318 716 4401 longa
744 4323 776 4384 et
802 4318 946 4385 luctuosa
967 4317 1095 4385 trahens
1119 4319 1271 4404 suspiria:
1300 4321 1373 4385 Heu
1394 4320 1499 4403 inquit

333 4428 453 4500 domine
467 4436 566 4516 Dera,
590 4436 644 4500 beo
661 4443 724 4500 eat·
735 4448 874 4521 potestus
890 4438 999 4500 moneo
1015 4448 1044 4501 et
1058 4430 1281 4501 mebrorum&
1316 4434 1359 4500 Et
1374 4454 1498 4501 summa

401 4588 421 4621 ι.
441 4577 579 4625 reverentiae
595 4579 617 4623 2.
695 4574 717 4622 b.
738 4576 828 4623 scilicet
843 4578 865 4623 1.
943 4590 963 4623 e
984 4590 1030 4623 non
1046 4594 1090 4623 aar.
1106 4578 1128 4623 1.
1206 4576 1228 4623 d.
1250 4575 1344 4623 Scilicet
1359 4579 1442 4633 scripsi
1454 4594 1497 4635 pro

334 4645 377 4696 &tl
392 4655 413 4701 l.
437 4654 539 4713 (Scilicet
552 4656 651 4703 virorum
666 4677 691 4686 -
704 4658 839 4703 convertunt
854 4674 898 4703 oar.
914 4654 945 4713 2.)
1023 4672 1043 4703 a
1064 4656 1151 4703 efficaci
1169 4658 1190 4702 1.
1261 4654 1277 4703 i.
1297 4656 1344 4701 iam
1359 4659 1443 4714 rcriprr'
1454 4673 1497 4715 pro

334 4738 377 4775 lou
392 4734 412 4778 1.
480 4750 502 4794 g.
523 4748 593 4783 vorax
606 4736 630 4781 ἱ.
697 4734 721 4782 lu
741 4735 827 4783 tacent
842 4753 886 4783 oar.
904 4739 924 4782 l.
991 4737 1007 4783 i.
1028 4734 1143 4795 promptis
1160 4738 1182 4792 1,
1198 4738 1221 4781 2.
1282 4734 1419 4783 hodorem
1436 4737 1458 4791 1,
1474 4738 1497 4783 2.

334 4802 530 4873 [musonem
545 4818 568 4872 1,
579 4818 601 4862 a.
663 4828 695 4863 n.
714 4816 833 4873 amram
850 4818 872 4871 r,
884 4817 906 4861 a.
968 4829 991 4861 n
1012 4818 1048 4862 aa
1063 4816 1155 4863 aaaron

401 4907 425 4963 1.
449 4908 490 4968 (lt
508 4912 575 4965 Luc.
588 4912 632 4980 22,
644 4910 688 4966 53.

1226 5005 1282 5061 42*
