4342 6034
618 762 689 828 300
826 779 856 825 e.
872 777 1047 825 sosrrnrn
1069 778 1116 825 res
1136 778 1238 825 uuum
1260 776 1447 825 sumnonem
1471 776 1524 823 rea
1541 776 1586 823 rer

461 928 603 984 tob-786
711 918 799 1003 Rogo
820 924 865 1003 te,
887 940 907 985 o
929 918 1153 986 dilectissimae
1175 920 1290 1003 frater,
1315 920 1397 987 sicut
1419 920 1558 1007 optimae
1579 920 1613 987 in
1636 924 1667 987 te
1690 918 1791 1003 oredo,
1922 951 1923 979 1

621 1042 742 1102 utnon
764 1037 920 1102 inmemor
942 1037 1003 1119 sis,
1033 1036 1090 1103 sod
1112 1056 1237 1122 semper
1259 1037 1463 1119 sagacissima
1484 1042 1591 1103 mente
1613 1036 1654 1102 ad
1676 1056 1792 1103 merno-

620 1153 702 1218 riam
725 1152 857 1218 reducas
881 1153 1042 1237 antiquam
1066 1152 1257 1219 amicitiam·
1280 1158 1438 1233 nostram,
1468 1152 1522 1237 qui
1551 1152 1717 1219 internos
1739 1151 1793 1217 ha-

620 1268 747 1334 buimus
773 1268 806 1333 in
830 1264 1008 1335 Maldubia¹
1034 1266 1178 1349 civitate,
1208 1268 1332 1353 quaudo
1355 1268 1444 1334 Eaba
1472 1268 1569 1337 abhas
1597 1269 1631 1334 in
1660 1266 1794 1335 amabile

621 1384 752 1450 caritate
774 1384 908 1450 nutrivit
928 1390 970 1451 te.
1004 1383 1048 1450 Et
1069 1384 1129 1449 hoo
1151 1383 1277 1467 signum
1301 1384 1457 1469 recordor,
1482 1384 1564 1469 quod
1587 1404 1646 1471 pro
1667 1384 1795 1449 nomine
1930 1422 1931 1432 ι

620 1501 745 1567 vocavit
771 1505 804 1566 te
825 1498 947 1587 Lytel'.
993 1498 1113 1566 Idcirco
1142 1498 1260 1567 salutat
1281 1506 1313 1567 te
1337 1496 1476 1567 Heraea⁸
1500 1500 1597 1567 abbae
1619 1501 1654 1566 in
1678 1500 1795 1567 saluta·

619 1616 706 1683 tione
728 1622 837 1683 sancta
859 1622 892 1683 et
913 1616 1016 1682 omnis
1038 1616 1196 1699 regimen,
1220 1617 1329 1701 quiin
1353 1636 1409 1683 suo
1434 1616 1615 1683 coenobiale
1638 1618 1707 1683 rita
1729 1638 1796 1683 ma-
1930 1664 1931 1667 ,

620 1738 710 1814 neat,
734 1733 810 1818 qnia
831 1732 943 1817 dignos
966 1752 1024 1800 nos
1046 1733 1079 1797 in
1103 1732 1288 1799 memoriam
1309 1732 1448 1799 habuisti
1462 1739 1576 1799 tecum.
1612 1731 1674 1811 Qui
1689 1740 1797 1801 autem
1930 1747 1931 1785 ³

621 1848 871 1936 perseveraverit
892 1850 926 1913 in
948 1866 1027 1935 paee
1049 1866 1149 1932 nsque
1172 1849 1207 1913 in
1228 1846 1343 1932 finem,
1372 1848 1424 1917 hio
1453 1848 1559 1915 salvus
1582 1846 1669 1917 erit‘.
1717 1848 1798 1917 Vale
1930 1884 1931 1901 ι

619 1965 773 2032 amabiles
794 1964 928 2031 feliciter
949 1964 983 2029 in
1007 1984 1114 2045 evnm;
1139 1984 1227 2030 meus
1250 1964 1394 2049 dilectus,
1417 1964 1485 2032 Deo
1501 1964 1627 2049 electus,
1652 1966 1731 2051 qnia
1746 1986 1798 2034 oa·
1930 2012 1931 2020 ι

620 2082 699 2149 ritas
721 2082 884 2168 praecium
903 2079 1085 2147 nonhabet
1168 2080 1237 2147 Hoe
1252 2080 1394 2165 siguumh
1410 2081 1532 2149 Hereca
1546 2082 1694 2149 abbatem
1709 2083 1797 2149 tecit
1930 2136 1931 2139 ,

623 2297 709 2369 134.
733 2294 919 2366 Gcetbmctm
947 2296 1045 2363 addua
1071 2296 1323 2361 adremalech
1352 2310 1381 2362 et
1405 2294 1579 2365 Germe
1601 2296 1699 2365 ladio
1729 2302 1798 2385 cpi·

730 2434 825 2499 acopo
840 2413 1073 2477 commatibus
1085 2414 1210 2498 pretias
1226 2416 1302 2498 opit.
1326 2414 1426 2481 Mdta't
1437 2414 1545 2479 Bcdue
1559 2417 1641 2481 citos
1659 2413 1696 2481 S.
1710 2412 1798 2481 Cad-

731 2530 836 2594 bercte
872 2530 975 2595 Addit
1000 2530 1039 2593 de
1061 2528 1210 2595 Harmiai
1227 2530 1420 2615 presbytero.
1457 2530 1577 2617 Ropat,
1607 2533 1800 2597 censariam
1930 2604 1931 2609 γ

731 2657 760 2709 ee
782 2645 977 2710 arboretam
997 2645 1062 2709 eti
1081 2648 1213 2712 memet
1386 2643 1421 2725 (S
1438 2646 1491 2729 89,
1514 2643 1553 2712 W
1573 2648 1646 2728 124,
1670 2644 1699 2712 G
1720 2648 1799 2728 114)

461 2789 601 2844 tto-786
709 2777 1007 2844 Desiderantissimo
1035 2782 1069 2844 et
1095 2778 1282 2845 suavissimo
1304 2778 1337 2845 in
1361 2777 1479 2845 Christi
1501 2778 1669 2846 dilectione
1692 2783 1799 2849 amico

619 2892 711 2959 Lullo
735 2894 883 2981 episeopo
906 2898 938 2959 et
960 2895 1101 2959 omnium
1123 2894 1299 2961 antistitum
1316 2894 1478 2961 carissimo
1495 2892 1673 2981 Gutberct⁵,
1699 2897 1800 2964 disci-

618 3010 712 3097 pulus
734 3009 822 3077 Beda
842 3010 1021 3097 presbiteri,
1044 3009 1189 3077 salutem.
1930 3074 1931 3077 ,

707 3124 878 3193 Gratanter
908 3127 1035 3211 quidem
1057 3126 1246 3193 munuscula
1267 3131 1342 3193 tuae
1364 3126 1506 3193 mutatis
1529 3128 1671 3214 snscepi3
1702 3134 1739 3195 et
1762 3150 1800 3196 eo

619 3244 813 3327 gratantius,
844 3262 905 3325 qno
933 3247 966 3308 ta
993 3242 1071 3309 haec
1098 3244 1210 3309 intimo
1238 3242 1417 3309 devocionis
1446 3240 1558 3310 affectu
1585 3245 1714 3311 mittere
1745 3266 1802 3313 co·
1930 3282 1931 3285 ¹

619 3360 725 3444 guori.
793 3358 830 3424 Id
853 3363 910 3442 est,
934 3358 1119 3425 olosericam
1143 3359 1183 3425 ad
1206 3358 1355 3443 reliquias
1373 3360 1483 3426 heatae
1499 3360 1670 3427 memoriae
1685 3360 1803 3429 Baeda

620 3475 767 3558 magistri
794 3474 895 3540 nostri
923 3474 963 3541 ob
989 3476 1241 3541 recordationem
1271 3481 1304 3543 et
1330 3474 1415 3542 illius
1437 3477 1672 3545 venerationem
1696 3476 1802 3545 desti-

619 3592 714 3658 nasti.
749 3590 793 3657 Et
814 3596 936 3656 rectum
959 3590 1086 3674 quidem
1109 3591 1187 3657 mihi
1209 3591 1342 3676 videtur,
1365 3597 1402 3659 ut
1425 3597 1493 3659 tcta
1515 3612 1592 3677 gens
1614 3592 1802 3677 Anglorum
1930 3626 1931 3629 ¹

620 3708 653 3773 in
677 3706 822 3773 omnibus
845 3705 1027 3791 provinciis,
1050 3706 1238 3792 ubicumque
1260 3710 1401 3794 repperti
1417 3714 1500 3793 suut,
1523 3710 1642 3792 gratias
1657 3691 1730 3777 Deo
1747 3732 1802 3778 re·

620 3824 740 3904 ferant,
765 3823 840 3905 qnia
861 3827 928 3887 tam
950 3821 1125 3889 mirabilem
1150 3824 1263 3907 vnum,
1286 3824 1466 3910 praeditum
1488 3826 1520 3890 in
1544 3824 1677 3891 diversis
1702 3828 1801 3895 donis

620 3944 749 4021 tamque
772 3937 812 4002 ad
835 3938 1011 4005 exercenda
1033 3940 1116 4005 dona
1138 3939 1312 4005 studiosum
1336 3940 1543 4027 similiterque
1565 3942 1598 4007 in
1619 3942 1711 4009 honis
1727 3966 1802 4011 mo·

620 4054 707 4121 ribus
731 4054 900 4136 urentem,
923 4052 1009 4120 Dens
1031 4054 1095 4121 illis
1118 4056 1151 4121 in
1175 4076 1232 4121 sua
1253 4058 1381 4123 natione
1396 4056 1533 4123 donavit.
1569 4058 1649 4137 Quia
1662 4078 1723 4145 per
1741 4082 1802 4128 ex·

619 4170 848 4257 perimentum,
879 4170 918 4234 ad
941 4170 1037 4256 pedes
1061 4171 1128 4235 eius
1152 4172 1304 4256 nutritus,
1334 4172 1408 4256 hoc,
1438 4174 1521 4257 quod
1543 4194 1654 4259 narra,
1684 4176 1799 4245 didici.
1930 4210 1931 4263 3

621 4284 835 4370 Similiterque
858 4284 1002 4352 mihimet
1022 4287 1085 4371 ipsi
1108 4288 1339 4372 coopertorium
1363 4288 1533 4372 variatum,
1558 4290 1598 4356 ad
1620 4294 1800 4374 tegendum

692 4444 713 4475 a.
734 4428 852 4475 mititiam
865 4429 892 4473 V.
953 4428 976 4474 b.
997 4432 1085 4492 rignum
1102 4447 1144 4475 non
1161 4440 1194 4477 eet
1210 4432 1232 4475 r'n
1247 4430 1298 4477 cod.
1362 4444 1381 4477 c.
1402 4450 1430 4476 ex
1443 4434 1465 4478 V
1474 4432 1596 4481 bt-t'ls.
1616 4436 1800 4484 Statumae.
1930 4454 1931 4477 1

692 4526 716 4579 1.
741 4522 935 4594 lialmesbury.
1014 4526 1040 4579 2.
1065 4524 1315 4593 Anglosaxonieum
1335 4526 1443 4598 ,lytel“
1463 4529 1538 4583 valet
1554 4528 1626 4585 idem
1646 4531 1721 4600 quod
1741 4534 1799 4588 La·

620 4614 707 4668 tinum
722 4611 875 4685 ,parvns“.
959 4614 986 4667 3.
1009 4614 1117 4669 Hereca
1135 4613 1220 4669 abbas
1242 4617 1345 4671 testis
1370 4620 1485 4687 apparet
1502 4618 1529 4672 in
1548 4618 1700 4689 cynewulfi
1717 4624 1800 4693 regis
1930 4610 1931 4613 ¹

620 4704 834 4760 westsaxonum
852 4700 958 4771 tabula,
977 4702 1143 4759 monasterio
1161 4702 1342 4761 hlaldubiensi
1359 4704 1425 4759 data
1442 4722 1514 4761 anno
1533 4708 1598 4778 tos,
1617 4724 1660 4778 ap.
1674 4708 1800 4768 Kamble

621 4790 689 4846 (lod.
713 4790 778 4859 dipl.
801 4791 863 4845 aevi
885 4788 1014 4847 Saxonici
1036 4792 1128 4847 1125.
1223 4794 1249 4847 t.
1273 4790 1314 4849 ef.
1339 4792 1434 4849 ltatth.
1455 4796 1497 4865 10,
1514 4796 1557 4850 22.
1652 4800 1677 4853 b.
1702 4798 1800 4857 abbas

620 4878 649 4935 S.
662 4878 737 4935 Petri
750 4878 979 4935 wiremuthensis
996 4884 1025 4935 et
1042 4878 1070 4935 S.
1083 4880 1161 4937 Pauli
1179 4878 1337 4939 Girweueis.
1643 4882 1647 4891 '
