4342 6034
632 760 820 807 nrrsnonan
841 760 1069 809 uoounnmau
1093 762 1131 809 oe.
1147 760 1179 809 se
1426 747 1493 814 407

336 900 435 967 audeat
454 900 513 967 tibi
535 900 655 968 dinero:
680 902 764 984 Stre,
788 914 823 969 tu
835 908 952 985 mnas,
977 922 1045 988 ego,
1070 922 1139 987 ago,
1161 904 1260 971 durus
1275 904 1334 971 tibi
1348 906 1492 993 nuntius,
1503 914 1662 972 llos-1158

335 1016 497 1083 admonitor
519 1017 727 1102 oondieionis‚
757 1038 852 1105 preoo
874 1019 987 1086 mortis
1009 1018 1166 1086 clamosus
1189 1024 1223 1087 et
1244 1021 1364 1105 audax,
1392 1021 1494 1089 libera

335 1152 400 1199 roeo
425 1134 613 1219 pronunoio:
644 1134 733 1216 Stre,
763 1148 797 1201 so
823 1141 939 1211 omres.
984 1134 1028 1201 Et
1055 1135 1119 1201 uisi
1141 1136 1241 1202 vitam
1263 1138 1439 1219 correxeris
1461 1144 1495 1207 et

335 1268 487 1315 moremus
508 1250 721 1337 penitenciam
743 1251 856 1334 egeris,
878 1254 980 1317 morte
1002 1251 1115 1336 prooui
1136 1249 1232 1319 dubio
1254 1254 1410 1321 morieris.

409 1364 489 1431 iliud
511 1385 634 1451 qnoque
655 1366 748 1433 valde
770 1366 1002 1454 obstupendum
1024 1372 1087 1451 est,
1112 1368 1196 1454 qnod
1218 1367 1366 1437 mostis
1387 1375 1495 1438 vestra

333 1482 361 1547 in
384 1481 440 1548 hae
466 1487 560 1569 parto
587 1482 752 1567 dormitat,
781 1502 840 1550 neo
862 1482 998 1554 multum
1021 1483 1184 1551 attenditis
1207 1484 1258 1552 vel
1279 1486 1492 1573 perpenditis:

333 1616 385 1681 quo
405 1596 544 1681 oonsilio,
568 1618 631 1683 qua
653 1598 850 1665 ordinatione
873 1618 974 1683 quove
995 1597 1114 1665 inditio
1127 1598 1189 1666 Dei
1203 1618 1360 1687 pauperos
1374 1600 1493 1669 Christi

333 1713 366 1779 ad
384 1714 507 1781 ianuam
530 1714 621 1797 regni
642 1716 741 1781 rostri
762 1715 796 1781 iu
818 1715 941 1781 oamiuo
964 1716 1163 1801 paupertatis
1181 1716 1266 1785 fame
1280 1722 1314 1783 et
1327 1717 1400 1801 gelu
1413 1708 1492 1785 foris

332 1829 516 1914 moiuntur,
549 1850 606 1897 vos
634 1834 740 1897 autem
768 1830 855 1897 intus
884 1830 1108 1915 oonsolaurini,
1136 1850 1231 1899 canes
1261 1835 1359 1899 rostri
1387 1870 1430 1880 -
1455 1840 1493 1903 ut

330 1948 440 2011 mosam
468 1946 507 2011 de
528 1945 602 2012 filiis
624 1950 832 2033 tyrannorum
855 1982 897 1993 -·-
920 1946 1056 2033 panibus
1078 1947 1272 2015 habundant.
1318 1948 1370 2015 illi
1390 1970 1492 2037 penu·

329 2061 402 2127 riam
422 2063 600 2149 paciuntur,
624 2082 696 2128 oum
718 2068 826 2129 tamen
848 2062 950 2130 mieae
972 2082 1152 2131 mensarum
1176 2069 1365 2150 vestorum,
1387 2070 1424 2133 ut
1444 2068 1492 2133 its

329 2176 432 2263 dion,
455 2178 635 2245 suffioerant
656 2178 748 2247 nobis
771 2180 811 2245 ad
833 2178 1045 2264 retinendum,
1067 2178 1211 2247 fimbriae
1232 2182 1492 2249 vestimentorum

329 2298 494 2361 vestorum
518 2296 559 2361 od
579 2294 784 2363 induendum.
816 2294 936 2361 Audiat
958 2316 1043 2381 ergo,
1067 2297 1176 2363 audiat
1189 2297 1378 2364 universalis
1393 2298 1491 2365 eoele-

329 2410 371 2476 sia
391 2416 422 2477 et
442 2410 560 2477 iudioet
581 2412 621 2477 de
635 2410 830 2496 Mogontiuo,
854 2412 929 2495 quid
951 2431 1161 2499 responsurus
1184 2413 1227 2479 sit
1246 2412 1282 2478 in
1296 2412 1358 2479 Dei
1373 2414 1491 2481 inditio

328 2546 378 2612 pro
404 2526 597 2614 pauperibus
620 2526 752 2612 Christi,
781 2528 835 2613 qui
862 2528 967 2594 iaeeut
994 2528 1034 2594 ad
1061 2528 1191 2595 ianuam
1214 2527 1297 2614 eins,
1327 2530 1491 2617 oupientes

328 2644 455 2709 saturari
477 2642 640 2728 demicte,
663 2664 743 2729 quae
765 2643 883 2711 eadunt
905 2644 944 2710 de
965 2664 1077 2709 mensa
1095 2644 1283 2711 diviciarum
1297 2663 1437 2730 suarum,
1460 2650 1493 2713 et

327 2778 382 2825 uon
404 2758 529 2845 estqui
550 2760 703 2846 porrigat,
726 2756 836 2827 vestiri
858 2759 898 2826 de
919 2758 1052 2826 fimbriis
1075 2760 1336 2829 vestimentorum
1350 2780 1490 2847 suorum,

327 2881 354 2941 ot
372 2895 435 2941 non
457 2874 582 2961 estqui
605 2876 736 2961 operiat

328 3060 383 3131 57.
405 3063 589 3129 Aleeaoder
604 3063 666 3131 III
681 3085 771 3151 papo
794 3060 974 3127 Consedere
990 3062 1014 3127 I
1030 3063 1303 3151 arehiepiscopum
1324 3063 1489 3151 Mogonti-

406 3202 497 3261 nm,
527 3180 718 3267 apostolieae
740 3180 823 3243 aedos
846 3178 998 3263 opaeum,
1027 3192 1146 3260 mouet,
1170 3202 1209 3245 oe
1231 3182 1313 3245 inter
1333 3194 1490 3249 omaso-

405 3298 490 3361 ro'um
514 3295 550 3362 S.
567 3296 707 3361 Zenonis
730 3294 903 3359 Veronense
930 3308 959 3361 et
985 3298 1065 3361 oioes
1087 3295 1309 3362 Ferreoteoeeo
1331 3297 1490 3364 duodico-

406 3419 471 3478 tam
493 3414 737 3478 controversiam
759 3405 992 3497 rediotopo·et⁸¹.

404 3544 589 3612 Alexander
611 3544 776 3630 episeopus
800 3562 909 3609 servus
932 3562 1096 3609 servorum
1118 3542 1181 3609 Dei
1201 3542 1375 3611 venerabili
1396 3544 1490 3610 fratri
1517 3561 1586 3614 1172

325 3658 487 3745 G(ourudo)
510 3660 694 3744 Magantino
723 3659 957 3745 archiepiscopo
985 3658 1179 3745 apostolieae
1205 3659 1289 3726 sedis
1310 3660 1415 3745 legato
1438 3680 1489 3727 sa·
1507 3632 1594 3681 ΜΘ

324 3774 412 3844 lutam
437 3782 469 3844 ot
492 3776 697 3863 apostolieum
720 3775 978 3843 benedictionem.

405 3894 523 3961 Dileoti
543 3892 603 3958 tilii
624 3892 736 3975 nostri,
763 3890 801 3957 G.
824 3895 964 3978 potestas
983 3890 1173 3959 Veronensis
1195 3896 1228 3958 et
1249 3891 1391 3958 eiusdem
1412 3891 1490 3958 oiri-

324 4010 391 4077 tatis
422 4010 634 4079 communitas
668 4007 864 4075 transmissis
894 4007 985 4074 nobie
1013 4006 1129 4074 litteris
1155 4008 1361 4092 intimarunt,
1394 4007 1489 4093 quod,

323 4144 387 4192 oum
408 4147 505 4215 super
527 4124 755 4208 controversia,
780 4144 859 4207 quae
880 4124 965 4191 inter
984 4124 1212 4191 monasterium
1233 4124 1335 4191 saneti
1353 4122 1489 4191 Zenonis

325 4248 353 4307 ot
376 4245 459 4311 eires
482 4242 701 4311 Ferrarienses
730 4240 769 4306 de
791 4240 928 4307 Hostilia
950 4238 1068 4307 diutius
1091 4245 1140 4307 est
1161 4240 1296 4325 agitata,
1324 4260 1383 4326 per
1406 4240 1489 4308 orbi-

325 4362 402 4425 uum
429 4358 585 4445 quendam
607 4356 760 4423 Ubertum
785 4356 824 4423 de
846 4356 938 4441 Orto,
969 4376 1062 4441 quem
1084 4352 1219 4442 unaque
1239 4376 1316 4443 pars
1338 4355 1490 4440 ologitin

391 4515 411 4547 ι.
431 4500 513 4548 Edidit
530 4500 638 4564 Ugtarer
655 4498 1151 4566 Italissumu,Romns1658,·V7373et
1167 4500 1265 4547 Venetta's
1277 4498 1345 4555 1720,
1363 4499 1387 4546 V
1394 4496 1448 4545 ⁷94.

390 4597 414 4651 1.
437 4597 468 4653 In
487 4596 615 4665 Regestis
638 4592 735 4666 pontif.
753 4595 937 4649 Romanorum
954 4611 982 4663 p.
996 4595 1049 4651 ‘142
1066 4610 1093 4649 u.
1106 4596 1177 4650 8017
1195 4594 1266 4649 trano
1289 4593 1433 4663 epistolam
1451 4594 1488 4649 ad

327 4684 434 4752 epatium
452 4701 584 4741 annorum
598 4686 666 4740 1171
685 4688 714 4738 et
727 4684 797 4738 1172
814 4683 903 4737 rotuli.
931 4681 986 4737 Sed
999 4682 1155 4739 conradum
1173 4682 1406 4753 arehiepisoopum
1425 4698 1487 4738 oum

328 4774 456 4830 mensiune
473 4774 601 4829 ianuario
624 4778 653 4829 et
669 4770 817 4828 Februario
841 4772 904 4827 anui
925 4773 992 4827 1171
1011 4772 1040 4827 in
1064 4772 1140 4827 ouria
1157 4772 1249 4843 papati
1266 4776 1406 4827 versatum
1425 4786 1487 4828 esse

327 4864 458 4935 reperiam,
476 4864 620 4935 epistolum
639 4866 754 4933 apparet
771 4875 843 4916 anno
862 4862 931 4915 1172
950 4860 1078 4930 seriptum
1098 4874 1168 4916 ease.
