4342 6034
562 893 615 950 ⁷43

549 968 605 1029 dpr.
617 969 630 1015 l

652 731 715 798 122
899 749 926 796 s.
944 749 1121 798 sommum
1143 751 1187 797 nr
1209 751 1312 798 nuum
1333 749 1520 798 nnrsronnn
1540 751 1570 797 aa

739 889 802 958 Sed
830 890 924 975 haee,
952 891 1052 958 haten
1079 891 1276 975 karissime·,
1307 891 1346 958 de
1376 891 1523 960 omnibus
1550 891 1713 980 superiusb
1737 911 1822 958 oom·
1918 937 1919 948 .

648 1006 829 1094 prehensis⁰
851 1007 1009 1092 ospitalis,
1033 1006 1238 1074 ntDominus
1261 1008 1400 1092 donam,
1424 1008 1643 1095 respondimus
1659 1007 1823 1073 adomnia

651 1123 845 1209 amputanda
873 1123 1045 1190 diabolicae
1073 1123 1194 1190 fraudis
1224 1123 1382 1190 seandala.
1429 1124 1497 1191 Tua
1526 1144 1601 1223 pero
1624 1128 1738 1190 saneta
1758 1123 1823 1188 fra·

649 1240 798 1324 tornitas,
826 1240 855 1305 si
882 1240 958 1325 quid
985 1239 1025 1306 de
1053 1245 1157 1307 cetero
1186 1241 1342 1324 evenerit,
1372 1245 1408 1306 ut
1435 1241 1516 1307 sueri
1539 1241 1652 1308 doeent
1674 1259 1823 1324 omenes,

649 1355 775 1422 studeat
797 1355 964 1422 emendare
985 1355 1038 1421 ind
1060 1355 1205 1442 plebibus
1228 1355 1289 1422 sibi
1312 1355 1413 1423 aDeo
1427 1357 1614 1422 commissis.
1649 1355 1722 1422 Non
1738 1356 1823 1422 enirn

650 1471 736 1537 aliud
758 1471 849 1538 nobis
871 1473 1018 1538 eonvenit
1039 1472 1232 1559 praedicare,
1257 1477 1382 1557 praeter
1405 1472 1488 1557 quod
1510 1473 1661 1538 usanotis
1677 1471 1823 1558 patribus

650 1607 759 1654 snmus
782 1587 893 1654 edooti.
941 1585 976 1654 Si
998 1607 1073 1654 vero
1096 1592 1129 1654 et
1151 1587 1225 1653 novi
1248 1587 1383 1672 aliquid,
1413 1587 1535 1654 inimiei
1558 1589 1676 1655 astutia
1698 1593 1823 1672 egente,

651 1703 815 1787 abdiderit,
840 1703 924 1788 qnod
946 1707 1002 1770 tua
1024 1707 1134 1770 saneta
1155 1703 1338 1770 fraternitas
1361 1703 1492 1770 minime
1515 1724 1573 1790 por
1594 1723 1751 1770 oanonurn
1775 1704 1824 1770 in-

649 1820 762 1886 stituta
783 1819 978 1886 discernere⁸
1000 1819 1112 1906 possit,
1136 1818 1197 1884 hue
1218 1818 1310 1884 nobis
1332 1837 1395 1885 non
1418 1820 1526 1905 pigeat
1545 1819 1721 1900 insinnar03
1746 1839 1825 1904 qua-

650 1941 742 2003 tenus
770 1934 838 2002 Deo
868 1934 1021 2019 iuvante‘,
1057 1954 1200 2020 quaeque
1233 1934 1274 2000 ad
1308 1934 1558 2002 emendationem
1593 1955 1693 2002 novae
1721 1935 1824 2023 plebis

650 2071 719 2118 esse
741 2057 884 2138 possunt,
906 2051 965 2117 tibi
986 2050 1104 2135 absque
1119 2050 1269 2116 tarditate
1283 2049 1692 2136 responderomaturemus.
1764 2051 1825 2118 Go-

650 2172 800 2251 gnoseet⁸
822 2168 923 2249 enim,
946 2167 1045 2233 irater
1068 2165 1251 2249 karissime,
1274 2171 1330 2234 tua
1352 2171 1461 2234 saneta
1482 2168 1682 2252 fraternitas,
1704 2169 1754 2234 ita
1776 2169 1824 2234 di-

650 2282 818 2350 leetionem
840 2287 928 2350 tumn
950 2282 1067 2349 hahere
1088 2283 1122 2347 in
1144 2283 1261 2348 nostris
1282 2283 1491 2369 praeeordiis,
1515 2289 1551 2349 ut
1573 2289 1606 2351 to
1626 2285 1824 2371 praesentia·

651 2398 742 2465 literl
765 2398 895 2465 cottidie
916 2397 1024 2465 ridere
1046 2397 1277 2482 desideremus,
1301 2403 1333 2465 et
1354 2398 1401 2464 ita
1421 2405 1454 2466 te
1475 2399 1510 2466 iu
1532 2405 1641 2467 nostro
1663 2402 1824 2468 consortio

651 2513 822 2580 habeamus
844 2518 881 2581 ut
902 2519 987 2581 eerte
1008 2514 1190 2581 ministrum
1205 2514 1265 2582 Dei
1288 2519 1321 2581 et
1335 2515 1583 2602 dispensatorem
1600 2515 1826 2584 aeoolesiarum

652 2629 780 2696 Christi.

741 2746 791 2814 De
806 2751 909 2813 oetoro
923 2765 1059 2830 namque
1074 2746 1251 2814 confortare
1266 2747 1300 2812 in
1315 2745 1462 2832 Domino,
1478 2748 1576 2815 irater
1590 2749 1773 2836 karissime,
1795 2757 1826 2817 et

653 2868 721 2932 esto
749 2864 896 2931 robustus
906 2858 923 2946 ¹,
952 2867 986 2929 et
1006 2862 1134 2930 elabora
1155 2863 1189 2930 in
1213 2882 1309 2952 opus,
1339 2864 1423 2948 quod
1445 2867 1477 2930 te
1499 2864 1607 2931 divina
1629 2865 1730 2932 voluit
1753 2887 1825 2934 evo-

652 3001 725 3048 eare
747 2979 922 3046 elementia.
968 2977 1084 3062 Magna
1107 2979 1191 3045 enim
1213 2984 1246 3045 te
1268 2998 1341 3066 spes
1363 2981 1626 3048 remunerationis
1648 2989 1824 3069 exspectat,

653 3117 747 3182 quam
775 3096 924 3182 promisit
945 3094 1031 3161 Deus
1054 3093 1258 3178 diligentibus
1281 3115 1324 3162 se.
1369 3094 1413 3162 Et
1440 3115 1513 3180 nos,
1541 3097 1617 3163 lieet
1641 3103 1825 3184 peecatores

652 3213 852 3295 exsistamns,
874 3217 981 3278 tamen
995 3211 1056 3277 Dei
1070 3211 1172 3276 nostri
1191 3231 1255 3276 non
1271 3231 1430 3278 cessamus
1446 3209 1564 3298 absque
1579 3213 1825 3282 intermissione*

652 3331 828 3395 inmensam
851 3347 982 3393 exorare
1004 3327 1215 3410 elementiam,
1239 3332 1284 3411 m,
1307 3328 1361 3412 qui
1384 3329 1488 3415 eoepit
1507 3329 1541 3395 in
1557 3329 1657 3414 vobis,
1679 3329 1827 3416 perficiat

653 3465 732 3532 opus
760 3445 877 3511 bonum
910 3463 1010 3528 usqne
1043 3437 1171 3508 adnuet
1218 3443 1261 3510 Et
1288 3442 1398 3510 beatus
1432 3443 1644 3531 apostolorum
1675 3447 1825 3535 prinoeps

652 3560 765 3628 Petrus
787 3565 973 3646 oooperetur
993 3559 1053 3625 tibi
1075 3560 1109 3624 in
1132 3560 1277 3627 omnihus
1301 3560 1405 3644 bonis,
1435 3560 1533 3645 quea*
1556 3561 1585 3628 oi
1606 3581 1720 3647 parere
1742 3563 1827 3630 desi·

654 3677 755 3744 dorus.
795 3676 882 3743 Dens
911 3681 943 3741 te
971 3675 1161 3741 ineolumem
1189 3675 1360 3759 custodiat,
1389 3677 1644 3744 reverentissime
1673 3683 1706 3744 et
1732 3699 1825 3745 sano-

653 3793 777 3876 tissime
806 3793 914 3858 irater.
953 3790 1039 3857 Data
1066 3791 1197 3858 Kalend.
1220 3791 1364 3879 Apriles,
1394 3794 1571 3880 imperante
1601 3793 1717 3860 domno
1747 3795 1825 3881 piis·

654 3911 735 3976 simo
765 3913 898 3993 augusto
926 3905 1135 3974 Constantino
1164 3927 1184 3973 a
1212 3905 1280 3975 Deo
1313 3914 1461 3976 coronato
1490 3929 1605 3994 magno
1631 3909 1826 3996 imperatore

656 4045 738 4092 enno
761 4023 910 4091 vioesimo
934 4029 1057 4109 quarto,
1084 4029 1158 4110 post
1179 4021 1388 4092 consulatum'
1411 4025 1477 4093 eius
1501 4045 1583 4093 anno
1606 4026 1754 4110 seeundo,
1776 4029 1826 4093 in·

654 4141 791 4208 diutione
812 4135 1003 4206 undeeima⁸.

726 4296 747 4329 a.
768 4281 829 4328 meat
849 4281 943 4329 addidit
957 4299 1037 4329 manus
1054 4285 1167 4344 corrigens
1183 4285 1206 4329 in
1224 4285 1249 4331 C.
1343 4283 1365 4330 b.
1387 4299 1429 4330 om.
1447 4285 1473 4332 C.
1567 4297 1587 4330 e.
1607 4283 1782 4344 comprehendis
1800 4288 1825 4334 C.

654 4363 677 4408 d.
698 4363 730 4408 iro
746 4365 778 4409 Μ
790 4371 811 4407 et
828 4365 854 4410 C·
921 4375 941 4408 e.
961 4362 1066 4410 discerno
1083 4366 1118 4410 Μ.
1179 4362 1196 4410 1.
1217 4363 1308 4410 iubente
1325 4367 1359 4410 Μ.
1421 4376 1443 4422 g.
1465 4365 1602 4422 eognoseaut
1618 4367 1653 4410 Μ.
1714 4363 1738 4411 h.
1759 4379 1824 4425 prae·

654 4441 773 4488 sentaliter
788 4445 823 4489 Μ.
906 4441 923 4488 1.
943 4443 1099 4489 intermittens
1116 4447 1150 4490 Μ.
1228 4443 1251 4490 lr.
1273 4461 1328 4490 corr.
1345 4447 1367 4490 in
1388 4444 1470 4504 quihus
1487 4446 1513 4491 C.
1590 4443 1605 4489 l.
1626 4445 1692 4502 puter
1708 4445 1747 4499 Μ,
1768 4463 1825 4492 corr.

655 4525 678 4569 ia
693 4522 783 4582 imperii
800 4525 826 4572 C.
849 4525 938 4583 Scripsi
950 4525 1005 4583 post
1019 4523 1174 4592 comiatum
1189 4541 1211 4572 u.
1226 4541 1296 4584 supro
1309 4541 1334 4584 p.
1345 4524 1382 4570 17.

727 4621 751 4672 1.
776 4619 857 4674 losue
876 4619 901 4688 1,
914 4619 940 4673 6.
1029 4619 1055 4673 2.
1078 4617 1194 4688 Philipp.
1209 4621 1233 4689 1,
1246 4619 1271 4674 6.
1362 4619 1387 4674 3.
1412 4634 1507 4674 omnes
1524 4617 1576 4672 hae
1594 4619 1725 4688 temporis
1743 4623 1824 4674 notae

656 4711 685 4762 et
701 4705 772 4762 bauo
790 4712 819 4762 et
836 4706 914 4777 duos,
933 4721 1004 4775 quae
1022 4711 1181 4779 sequuntur,
1200 4707 1329 4778 epistolas
1343 4707 1380 4764 ad
1394 4724 1494 4764 annum
1507 4707 1559 4762 743
1576 4703 1698 4761 reienrnt
1709 4709 1824 4764 exauda·

655 4795 738 4868 sime;
762 4813 789 4851 v.
808 4811 892 4866 supra
908 4812 935 4866 p.
951 4797 992 4851 19.
1019 4795 1109 4862 Quare
1131 4811 1292 4866 responsum
1317 4795 1353 4850 ad
1370 4793 1500 4852 Bonifatii
1522 4795 1665 4865 epistolam
1683 4797 1720 4852 42
1743 4813 1825 4867 supra

655 4899 683 4954 p.
697 4885 748 4940 111
766 4887 823 4940 tam
842 4884 889 4940 din
907 4885 1020 4940 dilatam
1039 4885 1083 4954 ait,
1102 4884 1130 4940 in
1148 4883 1238 4941 medio
1255 4885 1386 4956 relinquo.
