4342 6034
575 777 601 823 s.
617 776 794 825 soumaan
812 778 860 836 ,rau
881 778 984 827 auom
1006 776 1195 825 samsones
1213 777 1253 823 ss.
1267 778 1299 825 os
1459 762 1524 829 241

364 916 438 981 nitar
463 916 671 985 continendae
692 916 911 1003 Loobgytbae·
933 916 1115 985 Bonifacius
1143 938 1253 985 servus
1276 939 1441 987 sorvorum
1463 918 1526 988 Dei
1544 927 1687 983 tat-tto

364 1029 525 1116 optabilem
548 1032 581 1097 in
605 1031 730 1099 Christo
754 1032 898 1099 salntem.

441 1146 559 1213 Notum
587 1153 661 1215 tuac
689 1148 731 1213 sit
758 1149 935 1215 sanctitatis
964 1148 1142 1231 dilectioni,
1174 1149 1248 1233 quia
1274 1149 1373 1216 frater
1396 1156 1429 1216 et
1452 1169 1526 1217 con·

362 1261 508 1347 presbiter
536 1268 643 1329 noster
670 1264 798 1331 nomine
821 1263 993 1331 Torhthatb
1016 1264 1108 1331 nobis
1137 1264 1309 1346 referebat,
1338 1266 1423 1351 quod
1452 1272 1527 1334 ate

363 1378 419 1443 suis
439 1378 587 1463 precibus
609 1379 809 1465 impetraret:
834 1384 870 1445 ut
891 1378 996 1465 puelle
1020 1378 1146 1445 cuidam
1170 1380 1311 1447 doctrine
1326 1380 1467 1447 laborem
1482 1418 1527 1429 —

363 1492 385 1559 si
404 1498 508 1559 noster
532 1514 703 1561 censemus
719 1495 880 1561 licentiam
897 1496 1119 1563 tribuisset-
1136 1500 1280 1583 tempere
1294 1497 1452 1584 imperes·
1468 1497 1526 1563 ali·

363 1615 477 1693 quanto.
514 1608 723 1698 Quapropter,
748 1611 920 1677 secundum
944 1610 1027 1695 quod
1047 1610 1173 1678 dilectio
1188 1618 1244 1679 tua
1258 1632 1318 1698 pro
1332 1612 1428 1679 suaed
1443 1634 1526 1680 mer·

363 1726 436 1791 cadis
458 1732 629 1810 augmento
653 1726 692 1792 de
713 1726 773 1794 hac
795 1746 830 1793 re
850 1726 1028 1793 consultum
1045 1728 1214 1813 putaverit,
1237 1732 1378 1795 noemam
1394 1748 1526 1797 cousen-

362 1841 413 1907 tire
427 1848 457 1909 ct
470 1842 581 1911 favere
596 1842 800 1927 voluntatem,
823 1842 1038 1910 indubitanter
1054 1862 1216 1927 cognosco.
1244 1842 1323 1911 Vale
1337 1844 1372 1909 in
1387 1842 1525 1911 Christo.

365 2050 416 2122 94.
437 2054 537 2121 Certae
560 2058 728 2143 Bonifatio
751 2060 790 2123 da
811 2082 870 2125 saa
893 2080 968 2143 erpa
991 2080 1060 2123 eam
1081 2058 1240 2123 voluntate
1262 2059 1401 2123 secabit&

1257 2170 1293 2254 (S
1309 2174 1363 2257 37,
1386 2171 1456 2240 WG
1470 2173 1526 2255 34)

440 2302 628 2371 Venerando
650 2304 791 2392 pontifici
807 2305 969 2373 Bonilacio
988 2304 1107 2372 Christi
1129 2306 1264 2373 amatori
1280 2304 1381 2389 Cone'
1395 2306 1528 2391 indigna
1555 2320 1700 2377 raa-too

364 2417 494 2487 odotem.

440 2535 507 2602 lam
530 2536 634 2603 fateor
656 2536 724 2621 tibi,
747 2536 920 2621 carissime,
944 2536 1019 2622 quia
1040 2535 1115 2603 licet
1137 2542 1169 2603 tc
1191 2536 1409 2622 corporalibus
1428 2538 1527 2607 oculis

364 2670 425 2717 raro
451 2651 594 2735 intuear,
625 2650 708 2737 quod
736 2658 767 2719 te
794 2657 902 2719 tamen
930 2651 1127 2738 spiritalibus
1156 2652 1261 2719 cordis
1282 2652 1457 2721 luminibus
1479 2656 1528 2721 iu·

365 2766 433 2848 gitcr
460 2768 604 2854 aspicere
630 2787 694 2833 non
723 2788 820 2834 cesso.
856 2766 899 2833 Et
921 2767 999 2833 haec
1020 2788 1122 2853 parva
1143 2768 1332 2835 munuscula
1352 2770 1457 2853 magis
1479 2770 1529 2835 in-

364 2880 435 2947 dicia
455 2884 600 2950 caritatis
623 2888 707 2965 sunt,
731 2903 825 2969 quam
848 2888 885 2948 ut
906 2888 979 2949 tuac
1003 2884 1165 2949 sanctitati
1187 2884 1284 2968 digna
1302 2884 1375 2951 sint
1410 2884 1455 2951 Et
1468 2884 1528 2953 hoc

365 2997 413 3063 tibi
438 3004 550 3065 notum
579 2999 678 3081 facio,
708 2998 792 3082 quod
819 3019 919 3083 usque
946 2998 986 3063 ad
1008 2996 1104 3065 finem
1126 2999 1212 3065 vitae
1234 3019 1325 3065 meae
1346 3006 1378 3066 te
1402 3020 1528 3085 semper

365 3112 392 3177 in
416 3116 492 3183 meis
521 3114 718 3181 orationibus
746 3114 902 3181 recordor.
938 3112 982 3181 Et
1006 3119 1038 3181 te
1060 3134 1138 3198 rogo
1160 3136 1219 3201 per
1241 3115 1397 3181 creditam
1418 3116 1528 3183 amici·

366 3230 445 3297 tam:
467 3238 504 3297 nt
520 3239 629 3297 meae⁸
646 3229 796 3315 parvitati
812 3227 914 3295 fidelis
929 3230 984 3313 sis,
1009 3230 1091 3296 sicut
1105 3231 1140 3295 in
1154 3237 1187 3297 te
1202 3230 1311 3313 credo;
1335 3236 1368 3297 et
1381 3235 1418 3296 ut
1432 3231 1528 3297 mihis

366 3342 476 3413 intuis
505 3328 702 3413 oratibnibus
726 3345 880 3429 adiuvas,
909 3351 946 3411 ut
968 3344 1055 3412 Deus
1079 3346 1278 3433 omnipotens
1301 3346 1400 3413 vitam
1423 3366 1529 3413 meam

367 3463 525 3529 emendum
550 3482 640 3527 suam
663 3460 857 3527 voluntatem
881 3461 1038 3547 disponat.
1073 3462 1118 3527 Et
1136 3482 1224 3546 rogo,
1247 3468 1293 3544 ut,
1316 3462 1345 3527 si
1359 3462 1529 3547 umquamk

367 3574 466 3661 aliquis
488 3584 617 3645 tuomm
646 3578 686 3643 ad
715 3577 797 3643 hanc
826 3577 1021 3663 provinciam
1050 3577 1172 3643 veniat:
1203 3581 1239 3643 ut
1262 3596 1368 3644 meam
1391 3598 1529 3666 pauper·

367 3696 450 3759 tatem
476 3692 672 3781 interpellat¹
696 3698 741 3777 et,
771 3694 800 3759 si
821 3692 856 3759 in
879 3691 985 3779 aliqua
1007 3712 1042 3759 re
1064 3691 1116 3758 vel
1138 3691 1275 3759 carnalis
1297 3694 1456 3760 commodi
1478 3694 1529 3761 vel

367 3808 506 3891 spiritalis
530 3808 725 3877 amminiculi
741 3808 791 3875 vel
811 3808 869 3875 tibi
884 3807 934 3874 vel
955 3806 1074 3873 alicuim
1090 3813 1217 3873 tuorum
1231 3810 1353 3895 possim
1368 3810 1529 3894 adiuvare,

367 3929 397 3988 ut
419 3926 494 3993 mibi
521 3926 655 4009 indicet,
686 3928 719 3991 et
740 3944 796 4007 ogo
822 3959 863 3969 -
888 3923 930 3989 ad
951 3942 1101 4007 magnam
1123 3923 1259 3991 salutem
1281 3926 1407 3992 animae
1428 3945 1528 4010 meae,

367 4043 397 4102 ut
415 4042 523 4107 credo¹¹
540 4040 770 4109 -secundum
793 4040 875 4105 vires
899 4059 985 4105 meas
1008 4039 1178 4126 imperium
1200 4046 1292 4107 tuum
1307 4046 1402 4127 atque
1415 4041 1529 4109 iussio·

368 4171 430 4221 nem
450 4156 650 4244 adimpleam.
685 4154 763 4221 Vale
785 4175 911 4242 semper
932 4154 967 4220 in
988 4154 1067 4221 Deo.

429 4348 448 4379 a
462 4334 583 4395 leobgydo
595 4338 629 4389 M,
644 4332 790 4390 Lsobgcthac
800 4334 825 4386 C,
842 4330 975 4392 leobgythp
986 4332 1013 4377 V.
1076 4331 1099 4377 b.
1115 4330 1241 4378 'lorlrtabat
1249 4336 1283 4378 Μ.
1346 4346 1366 4379 a
1381 4334 1483 4393 inoparis
1494 4338 1528 4381 Μ.

370 4407 443 4459 (ιω
458 4418 491 4461 Μ.
569 4428 590 4460 c.
611 4431 640 4459 aa
656 4416 684 4459 Μ
700 4412 853 4467 loeo-10⁷,
870 4414 891 4459 C
905 4414 935 4459 86
946 4413 1034 4466 -seo,
1053 4413 1076 4457 V
1090 4413 1146 4457 als.
1172 4414 1280 4457 hama:
1299 4410 1356 4459 ltem
1372 4413 1471 4472 epistola
1485 4412 1528 4459 (lo-

370 4500 404 4533 m
420 4494 491 4540 1107.
573 4491 589 4537 l.
610 4491 672 4557 Gerre
690 4494 723 4537 M.
806 4504 827 4549 g.
848 4504 884 4537 me
903 4495 936 4537 M.
1013 4490 1036 4536 h.
1058 4508 1115 4536 corr.
1131 4494 1154 4537 ιιι
1175 4504 1211 4537 me
1229 4494 1255 4539 ι’.
1332 4492 1348 4537 i.
1369 4495 1466 4537 corais
1487 4491 1527 4538 sd·

370 4566 424 4614 iuver
438 4574 462 4619 C.
543 4572 566 4618 k.
586 4572 679 4630 inquam
696 4574 730 4617 M.
812 4568 828 4616 l.
850 4588 906 4617 corr.
922 4573 945 4615 r'n
963 4568 1137 4629 interpellata
1214 4584 1245 4616 m.
1267 4588 1325 4616 corr.
1341 4573 1364 4616 ia
1384 4572 1408 4617 la
1429 4570 1465 4617 val
1486 4570 1527 4617 nll-

372 4656 427 4703 ‘lwss
441 4652 466 4698 C.
541 4666 565 4698 n.
585 4652 613 4697 ul
627 4650 696 4697 trodo
711 4652 795 4711 scripsi
806 4666 849 4711 pro
866 4648 934 4695 credo
949 4652 976 4695 ul
992 4650 1061 4696 codd.

409 4964 479 5019 ἔκη’.
492 4969 634 5013 Bibliotheca
649 4968 687 5011 111.
