4342 6034
585 806 587 811 ,
644 736 709 803 376
1002 752 1189 801 namnetas
1210 751 1438 799 accusemne
1462 752 1490 797 00

556 906 625 961 0090
643 894 785 962 mutatio.
821 892 946 978 Fateor,
968 894 1069 961 fateor
1092 898 1125 961 ct
1145 898 1307 977 gratanter
1322 893 1434 976 fateor,
1457 912 1509 960 me
1527 912 1599 961 cum
1619 893 1707 961 omni
1721 914 1799 960 men·

643 1010 685 1077 tis
707 1010 888 1094 integritate
909 1010 942 1075 in
965 1010 1086 1093 gremio
1109 1014 1216 1076 sancte
1237 1009 1349 1075 metris
1371 1008 1502 1075 ecclesie
1522 1009 1722 1077 familiariter
1736 1029 1800 1075 oon·

643 1125 776 1209 sedisse,
809 1126 915 1212 sepius
944 1124 1022 1191 illnd
1043 1124 1248 1191 revolvendo:
1278 1124 1379 1191 Uocon
1395 1128 1479 1212 pecii
1499 1150 1521 1190 o
1540 1127 1698 1206 Domino,
1728 1126 1800 1192 10000

642 1238 836 1328 0000100005·
868 1248 901 1309 01
928 1244 1021 1309 item:
1054 1242 1184 1307 Lavabo
1210 1245 1293 1307 ieter
1314 1244 1491 1307 innocentes
1516 1263 1630 1307 00000000
1651 1264 1751 1321 meaa,
1777 1255 1803 1307 et

644 1359 843 1424 eorumdem
871 1360 972 1425 altore
998 1370 1101 1437 10000000,
1130 1352 1298 1422 Domioe’.
1333 1354 1400 1421 Hac
1426 1360 1475 1421 001
1502 1356 1587 1421 enim
1613 1355 1672 1422 illa
1696 1356 1803 1423 dilecta

643 1471 786 1557 speciosa
808 1478 840 1539 01
862 1474 984 1557 decora,
1007 1472 1070 1539 non
1093 1470 1212 1537 habens
1234 1471 1391 1537 scismatis
1406 1489 1465 1537 nec
1479 1470 1802 1539 maculamialsitatia

644 1586 724 1653 Tota
751 1588 836 1655 enim
863 1587 974 1676 pulcra
1004 1592 1066 1672 est,
1096 1586 1184 1652 cnins
1213 1586 1351 1672 speciem
1379 1585 1560 1671 concupivit
1585 1582 1672 1653 rex⁸.
1710 1586 1804 1666 Quam

645 1703 698 1787 qni
721 1702 858 1771 noluerit
879 1703 995 1771 10010000
1017 1707 1162 1785 matrem,
1188 1700 1291 1767 Denm
1313 1720 1377 1767 non
1399 1702 1516 1787 poterit
1538 1701 1654 1769 10010000
1676 1707 1803 1789 patrem

644 1817 710 1885 Hec
732 1821 900 1904 sententia,
923 1818 1060 1905 Spiritus
1084 1816 1186 1883 sancti
1209 1816 1393 1883 auctoritate
1416 1821 1449 1883 et
1467 1817 1670 1901 antiquorum
1683 1824 1804 1904 patrum
1918 1902 1919 1905 Ἴ

644 1935 803 2018 sangnine
822 1934 1002 2020 conscripta
1030 1938 1062 1999 et
1089 1931 1288 2013 confirmata,
1316 1930 1382 1997 celo
1411 1952 1448 1997 ac
1469 1937 1555 1999 10000
1575 1934 1806 2019 permanentior

644 2048 678 2115 in
706 2050 844 2117 seculum
873 2048 1008 2115 durabit
1098 2045 1216 2112 Verum
1245 2046 1409 2130 quianon
1430 2044 1488 2113 filii
1509 2048 1653 2133 patribus
1676 2048 1734 2115 sed
1753 2069 1805 2135 pa·
1917 2098 1919 2105 1

644 2170 708 2231 tres
731 2164 804 2231 liliis
827 2164 1058 2245 thesaurizant,
1087 2162 1169 2228 100000
1190 2161 1366 2248 plenariam
1389 2161 1519 2229 ecclesie
1541 2164 1653 2229 matris
1675 2165 1806 2248 gradem

644 2300 708 2347 ncn
737 2279 815 2347 mihi
843 2278 918 2362 soli,
947 2278 1003 2345 sed
1031 2283 1064 2344 et
1090 2277 1180 2344 vobis
1207 2275 1282 2342 liliis
1309 2276 1481 2344 carissimis
1508 2277 1629 2361 gaudeo
1651 2278 1805 2345 0011010000.

644 2394 688 2461 Ε1
711 2414 794 2461 nunc
816 2414 925 2461 00000000
948 2391 1106 2479 spiritales
1128 2412 1248 2459 merces
1266 2411 1303 2457 ac
1317 2392 1510 2459 dominicum
1524 2394 1678 2461 talantum
1692 2400 1727 2461 01
1740 2415 1807 2481 pre

645 2510 761 2577 oiosam
785 2511 874 2596 pacis
896 2509 1112 2593 margaritam,
1135 2527 1230 2592 qnam
1252 2508 1441 2591 negotiando
1461 2508 1601 2575 lucratus
1618 2530 1700 2593 snm,
1723 2510 1808 2577 vebis
1918 2596 1919 2603 ἵ

645 2624 718 2691 filiis
746 2646 885 2712 expono,
917 2630 953 2691 ut
982 2644 1037 2691 vos
1066 2642 1190 2708 quoqne
1212 2622 1325 2689 divites
1348 2623 1418 2690 sitis
1440 2624 1474 2689 in
1496 2626 1582 2689 omni
1604 2625 1701 2691 000100
1723 2630 1756 2691 et
1778 2626 1809 2691 in
1918 2684 1919 2689 ,

647 2742 734 2807 omni
755 2741 895 2809 scientia
931 2740 1014 2827 Opto
1038 2745 1159 2822 antem,
1183 2758 1292 2805 00000000
1314 2758 1370 2804 000
1393 2759 1463 2807 esse
1485 2739 1567 2806 sicut
1587 2760 1649 2824 me,
1672 2741 1809 2828 exceptis

645 2857 778 2944 privatis
800 2862 1000 2944 peccatorum
1022 2874 1164 2921 meorum
1187 2853 1330 2919 vinculis.
1918 2832 1919 2837 ἵ

734 2972 783 3039 De
809 2978 912 3039 cetero
935 2990 1102 3057 precamur
1124 2976 1157 3035 01
1179 2969 1396 3053 obsecramus,
1424 2975 1460 3035 nt
1482 2970 1521 3037 de
1542 2970 1674 3055 collegio
1698 2977 1809 3056 000100,
1918 3032 1919 3053 2

647 3108 723 3175 qnos
746 3088 846 3155 nostis
868 3087 1007 3169 idoncos,
1030 3086 1063 3151 in
1087 3084 1237 3151 Kalendis
1257 3085 1441 3153 Decembris
1463 3085 1600 3171 dirigere
1619 3086 1736 3169 velitis,
1757 3088 1808 3171 qni

646 3205 769 3291 possint
796 3204 949 3269 interesse
979 3202 1147 3269 conventui
1176 3201 1321 3285 ecclesie,
1350 3202 1405 3285 qni
1433 3222 1467 3268 00
1488 3202 1523 3267 in
1545 3202 1621 3267 villa
1642 3207 1751 3269 nostra
1771 3202 1808 3268 ad
1918 3272 1919 3277 ,

645 3320 795 3386 honorem
824 3318 884 3385 Dei
918 3316 1064 3401 colligere
1099 3316 1257 3383 decrevit·
1285 3316 1353 3384 Illic
1379 3336 1516 3402 namque
1544 3319 1656 3385 matris
1684 3317 1808 3385 ecclesie
1918 3384 1919 3389 ,

645 3434 726 3503 facie
748 3432 925 3517 exhilarati,
949 3432 1103 3517 colloquio
1118 3432 1289 3516 informati,
1313 3432 1442 3499 consilio
1457 3433 1608 3518 roborati,
1629 3433 1808 3521 plenissime

647 3550 851 3635 cognoscetis,
875 3548 1010 3633 qualiter
1032 3548 1126 3628 nnius
1149 3548 1247 3613 moris
1269 3554 1396 3615 etcum
1412 3568 1567 3615 consensu
1580 3549 1725 3617 habitare
1738 3570 1804 3637 pos·

647 3667 716 3735 sitis
739 3666 772 3731 in
795 3664 887 3731 domo
910 3660 1065 3731 Domini⁴.
1101 3663 1310 3731 obsecramus
1331 3684 1387 3731 vos
1409 3665 1444 3731 in
1464 3664 1591 3731 domino
1613 3664 1701 3749 lesu,
1723 3671 1758 3732 nt
1776 3664 1806 3731 id

646 3782 751 3868 ipsum
780 3780 891 3845 dicatis
918 3800 1027 3845 omnes
1050 3784 1082 3845 01
1104 3798 1167 3845 non
1189 3779 1308 3845 sintin
1330 3779 1419 3845 vebis
1442 3776 1617 3864 scismata⁸,
1646 3801 1806 3864 memores,

647 3896 722 3981 qnia
748 3894 865 3961 vindex
892 3894 1015 3979 gladius
1041 3894 1192 3961 idolatrae
1214 3895 1401 3981 prostravit,
1431 3896 1626 3963 scismaticos
1648 3918 1724 3965 vero
1745 3898 1808 3963 hia·

646 4016 699 4077 tns
727 4015 812 4077 terre
841 4008 1011 4077 obsorbuit
1046 4010 1134 4077 Dens
1156 4011 1243 4097 pacis
1266 4017 1299 4077 et
1319 4010 1496 4078 dilectionis
1517 4018 1684 4081 conservet
1702 4013 1809 4080 resin
1917 4004 1919 4017 ⁴

648 4126 770 4193 00011010
792 4126 922 4213 spiritns
946 4132 979 4195 01
999 4126 1124 4194 vinculo
1147 4126 1245 4212 pacis,
1268 4126 1465 4193 dilectissimi
1485 4126 1553 4193 filii
1587 4128 1702 4195 Amen.

720 4312 744 4365 1.
768 4310 813 4364 P.
825 4310 869 4379 26,
881 4310 908 4365 4.
1015 4310 1040 4364 2.
1064 4310 1110 4364 Pe.
1122 4309 1165 4378 25,
1178 4308 1203 4363 6.
1310 4310 1336 4363 3.
1360 4310 1460 4381 Pau,
1474 4310 1517 4366 12.
1622 4312 1648 4366 4.
1672 4312 1807 4381 Pedii.

649 4398 674 4453 5.
700 4397 847 4453 lccrinth.
862 4398 886 4465 1,
900 4398 948 4452 10:
969 4396 1109 4468 ,Obsecro
1127 4400 1219 4451 antem
1237 4411 1296 4467 vos,
1314 4396 1420 4468 1001000,
1438 4414 1488 4468 per
1503 4414 1603 4455 nomen
1615 4400 1717 4456 domini
1728 4400 1808 4456 0000101

648 4486 710 4543 Iesu
730 4485 843 4557 Christi,
866 4488 899 4541 nt
918 4484 947 4541 id
964 4486 1053 4557 ipsum
1072 4486 1171 4540 dicatis
1188 4501 1284 4541 omnes
1300 4490 1401 4542 0100000
1419 4488 1521 4543 sintin
1537 4486 1618 4543 vobis
1635 4486 1806 4545 001010000οῐ01

1125 4718 1337 4733 σ--υ--ιι
