4342 6034
585 768 792 817 wmnmurm
810 769 891 817 vrns
913 770 941 819 e.
957 768 1133 817 aorrrsrrr
1156 768 1231 819 cnr.
1244 770 1305 819 vm
1464 752 1528 833 461

365 908 471 977 ducem
501 909 543 980 ed
569 910 822 995 congregandum
850 910 1094 997 supradictum
1123 910 1314 997 synodorum
1343 918 1530 979 conventum
1549 920 1621 977 ⁷42?

364 1025 524 1111 sepissime
545 1026 716 1110 incitavit,
740 1031 862 1093 uttam
885 1027 1104 1112 praesentibus
1128 1046 1222 1112 quarn
1245 1027 1379 1113 posteris
1395 1028 1530 1114 spirita·

363 1139 399 1207 lis
420 1140 572 1208 scientias
600 1142 758 1228 sapientia
784 1146 961 1227 patesceret
989 1148 1035 1227 et,
1063 1162 1176 1209 auersa
1198 1143 1374 1222 animarum
1397 1144 1530 1212 circum-

362 1256 522 1340 ventione,
544 1257 682 1341 cognitio
704 1256 944 1325 christianitatis
965 1259 1185 1325 innotesceret

448 1371 589 1458 Onmque
611 1372 767 1458 quoddam
791 1374 960 1441 canonicae
981 1374 1180 1441 rectitudinis
1204 1374 1366 1461 speculum
1384 1375 1529 1445 omnibus

361 1486 401 1554 ad
421 1488 601 1575 exemplum
622 1488 773 1572 gradibus
795 1488 876 1557 bene
895 1490 1023 1557 risendi
1042 1496 1224 1577 opponeret,
1249 1496 1281 1557 et
1294 1490 1422 1557 evidens
1437 1508 1530 1559 cuno·

361 1604 401 1669 tis
429 1604 572 1671 ueritads
599 1605 768 1689 vestigium
797 1604 950 1688 oriretur,
977 1605 1043 1671 iam
1070 1605 1132 1673 sibi
1158 1624 1297 1691 suaeque
1322 1605 1528 1691 infirmiter,

359 1719 491 1804 longono
513 1722 627 1789 aetatis
648 1720 737 1787 senio
760 1719 957 1805 decrepitus,
979 1720 1105 1787 salubre
1128 1720 1272 1789 exhibuit
1293 1721 1474 1805 consilinm,
1499 1728 1531 1788 et

359 1836 449 1903 iuxta
481 1836 728 1903 aecclesiasticae
761 1836 977 1923 dispositionis
1010 1836 1189 1933 normulam
1217 1836 1376 1924 pestoraie
1404 1838 1529 1925 populis

359 1952 517 2037 praevidit
536 1952 772 2036 magisterium
795 1958 841 2036 ut,
864 1954 931 2019 sive
953 1953 1078 2019 virente
1100 1952 1155 2021 illo
1170 1953 1238 2020 sive
1253 1953 1351 2040 etiem
1366 1954 1528 2038 moriente,

359 2067 538 2135 medicinali
560 2067 650 2154 plebs
670 2075 835 2155 pastorum
854 2067 957 2138 officio
971 2070 1103 2137 minime
1118 2076 1248 2137 careret.
1277 2068 1321 2135 Et
1335 2069 1415 2135 duos
1429 2068 1530 2137 bonae

358 2182 533 2251 industriae
555 2184 639 2251 viros
662 2184 702 2250 ad
725 2184 868 2252 ordinem
889 2184 1090 2271 episcopatus
1105 2184 1272 2271 promovit,
1296 2182 1530 2253 Willibaldnm⁶

358 2304 392 2366 et
418 2297 687 2383 Burchbardnm⁴‚
720 2300 828 2384 eisque
855 2300 890 2365 in
917 2300 1040 2367 intimis
1067 2300 1268 2369 orientalium
1294 2299 1530 2370 Freneborum·

358 2414 501 2500 partibus
529 2420 563 2481 et
582 2414 814 2483 Baioariorum‘
835 2416 979 2483 terminis
1002 2416 1169 2485 aecclesias
1193 2416 1253 2485 sibi
1276 2416 1460 2483 commissas
1482 2416 1531 2483 in·

358 2530 524 2616 perdendo
550 2530 721 2599 distribuit
767 2530 811 2597 Et
838 2529 1018 2599 Willibaldo
1050 2553 1127 2605 suae
1155 2532 1393 2617 gubernationis
1420 2552 1530 2619 parro-
1590 2546 1591 2549 ’

358 2645 462 2713 chiam
482 2646 716 2715 commendarit
729 2647 762 2713 in
777 2646 847 2713 loco
861 2647 950 2714 cuiue
965 2647 1152 2715 vocabulum
1168 2654 1217 2717 est
1231 2647 1387 2732 eierat«,
1411 2647 1530 2715 Pnrcb·

358 2760 475 2828 bardo*
489 2782 564 2829 rere
584 2763 619 2829 in
633 2762 702 2828 loeo
717 2764 772 2848 qni
787 2762 964 2849 appellatur
979 2762 1198 2832 Wirzabnroh¹
1214 2764 1377 2848 dignitatis
1393 2762 1530 2833 officium

359 2877 525 2961 delegarit,
548 2884 580 2945 et
602 2877 769 2945 aecclesias
791 2878 826 2943 in
847 2877 1041 2945 confinibusk
1063 2878 1291 2947 Frenohorum¹
1315 2886 1348 2946 et
1369 2879 1529 2949 Saxonum

358 2998 452 3077 atque
475 2992 658 3062 Soluvorum
686 3014 743 3061 sno
765 2992 868 3061 officio
891 2994 1063 3081 deputarit.
1109 2994 1153 3061 Et
1174 3016 1273 3081 usque
1296 2995 1337 3061 ad
1358 2996 1529 3079 gloriosum

359 3109 461 3178 exitus
483 3110 535 3175 sui
555 3109 640 3177 diem
662 3110 856 3178 incessanter
879 3115 1023 3177 aretam*
1042 3112 1133 3195 regni
1155 3110 1300 3181 caelestis
1322 3110 1408 3177 viam
1426 3100 1530 3198 ¹plebi·

359 3224 416 3292 bus
437 3226 597 3312 patefecit

447 3340 527 3407 Cum
553 3362 629 3409 rere
650 3340 805 3429 Pippinus
828 3342 964 3411 Domino
993 3343 1129 3410 donante
1158 3342 1264 3427 regale
1285 3341 1529 3425 Frenchorum·‚
1548 3346 1599 3401 747

359 3455 435 3523 felir
456 3458 630 3544 supradicti
652 3459 795 3542 germani
815 3478 986 3544 successor,
1008 3479 1141 3543 regnum
1157 3460 1313 3546 suscepit⁰
1329 3465 1371 3543 et,
1394 3459 1457 3527 iem
1473 3458 1530 3527 ali-

361 3572 544 3657 quantulnm
565 3574 696 3641 sedante
717 3574 906 3661 populorum
927 3575 1174 3662 perturbatione,
1201 3576 1234 3641 in
1257 3594 1363 3659 regem
1387 3574 1530 3643 subleve-
1548 3587 1600 3641 ree

361 3693 412 3755 tus
433 3695 509 3773 est',
532 3690 637 3776 coepit
659 3690 773 3757 anxius
795 3696 869 3757 rota
884 3690 1022 3758 Domino
1044 3692 1158 3759 devota
1180 3690 1359 3777 persolvere
1382 3696 1414 3758 et
1436 3700 1529 3778 syno-

362 3803 445 3871 deiia
464 3806 631 3873 confestim
652 3824 842 3893 recuperare
862 3807 1009 3875 instituta
1030 3827 1068 3875 ac
1090 3807 1250 3891 canonice,
1275 3826 1457 3891 agermeno
1473 3828 1529 3877 suo

363 3920 449 3987 iuxta
469 3924 698 3991 exortationem
722 3923 824 3989 sancti
838 3922 1007 3991 comare
1030 3922 1262 4011 archiepiscopi
1273 3922 1408 3991 fideliter
1422 3924 1530 3991 incho-

265 4119 266 4131 .
365 4040 423 4121 eta,
443 4038 622 4106 instaurare
643 4040 811 4125 mysteria3
839 4060 972 4125 eumque
992 4039 1104 4107 habitu
1126 4038 1221 4109 simul
1244 4039 1415 4109 ethonore
1436 4059 1529 4127 prae-

265 4135 266 4158 *
364 4150 441 4220 ferre
467 4161 501 4223 at
526 4154 593 4221 suis
619 4155 654 4221 in
676 4154 812 4222 Domino
839 4174 951 4241 perere
978 4156 1167 4244 praeceptis.
1207 4154 1269 4225 Sed
1297 4156 1372 4241 quia
1402 4162 1528 4223 sanctus

366 4268 419 4353 vir,
440 4269 623 4338 infirmitate
644 4271 785 4358 eorporis
802 4276 1033 4358 pergravetur,
1056 4270 1222 4359 synodalia
1236 4272 1439 4341 conciliorum
1454 4291 1528 4339 con·

366 4385 516 4453 venticuia
537 4407 594 4474 per
617 4388 724 4453 omnia
746 4387 833 4454 adire
855 4407 918 4454 non
940 4392 1075 4475 poteret,
1099 4389 1164 4455 iam
1187 4386 1331 4455 consultu
1347 4393 1440 4473 atque
1454 4408 1528 4454 con·

430 4570 450 4602 a
474 4556 597 4603 concitavit
611 4561 640 4605 A.
752 4555 776 4602 b.
798 4556 930 4603 infirmitate
945 4558 972 4613 11²,
995 4556 1121 4603 infirmitati
1137 4560 1165 4605 A.
1278 4570 1298 4602 o.
1322 4554 1483 4602 Wiilebuldum
1499 4560 1527 4602 A.

367 4630 386 4679 d
404 4633 558 4694 Burghurdum
572 4639 602 4683 A.
690 4650 710 4682 e.
731 4634 867 4682 Francorum
881 4640 911 4684 A.
995 4634 1012 4682 1.
1032 4636 1195 4694 Bagneriornm
1211 4638 1239 4683 A.
1324 4640 1346 4695 ς’.
1367 4632 1483 4695 Haegeted
1499 4638 1526 4683 A.

366 4709 387 4758 b.
404 4714 534 4775 Bmphurdo
550 4720 578 4764 A.
641 4716 657 4762 i.
676 4714 811 4773 wirzeburg
825 4719 854 4763 A.
915 4714 939 4763 k.
960 4715 1064 4763 confiniis
1079 4720 1108 4762 A.
1170 4714 1186 4761 Ι.
1202 4713 1339 4761 Francorum
1354 4718 1383 4762 A.
1444 4728 1475 4761 nr.
1493 4726 1528 4761 tr·

366 4793 407 4841 tn
421 4799 448 4843 A.
522 4808 547 4844 n.
566 4796 704 4844 francorum
719 4799 747 4843 A.
825 4810 845 4843 o.
867 4796 995 4856 susciperet
1008 4798 1038 4844 A.
1115 4808 1139 4855 p.
1160 4796 1222 4842 esset
1236 4798 1266 4843 A.
1344 4808 1366 4855 q.
1386 4792 1485 4841 Boniiuti
1500 4795 1525 4841 F.

366 4884 383 4918 ¹·
402 4880 545 4936 pumuntur
559 4880 587 4935 F,
601 4874 724 4939 putentur
738 4880 768 4926 A.
