4342 6034
550 948 620 1005 1105

540 1024 598 1071 llos.
608 1026 635 1071 11

654 782 721 847 380
991 797 1179 845 nrisroesn
1202 796 1428 845 uooonomsn
1453 796 1483 841 aa

745 938 847 1026 Super
873 938 933 1005 hoo
960 938 1084 1022 negotio
1110 957 1194 1005 nova
1214 958 1272 1005 nos
1295 942 1421 1024 oportet
1441 935 1639 1003 solicitudine
1660 937 1805 1021 oonoitari,

655 1076 727 1123 oum
754 1056 829 1121 nori
854 1055 944 1137 regni
966 1054 1235 1140 opportunitatem
1257 1054 1366 1121 divina
1387 1054 1552 1139 dispositio
1573 1052 1721 1139 prouidit
1750 1052 1806 1118 llos

656 1172 739 1239 enim
761 1152 897 1255 r'egibus,
922 1190 1001 1255 quae
1024 1170 1074 1236 sui
1095 1169 1175 1235 iuris
1196 1172 1281 1251 sunt,
1304 1169 1429 1253 integra
1442 1188 1570 1235 seruare
1583 1172 1739 1255 optamm,
1758 1188 1809 1235 neo

654 1288 689 1354 in
712 1286 816 1373 aliquo
839 1286 1024 1367 minuimus3
1048 1285 1216 1351 dommodo
1239 1285 1303 1371 ipsi
1324 1304 1460 1371 sponsae
1481 1285 1532 1350 sui
1545 1282 1677 1350 Domini
1693 1283 1809 1351 liberta·

655 1408 724 1483 tem,
742 1403 896 1485 integram
919 1401 1091 1487 patiantur,
1115 1420 1210 1485 quam
1233 1401 1283 1467 eui
1304 1401 1421 1467 meruit
1435 1400 1589 1484 sanguine
1601 1400 1808 1486 redemptoris.

656 1516 709 1585 Sio
731 1522 859 1601 agentm
881 1520 1024 1583 nostrum
1047 1515 1216 1601 auxilium,
1246 1522 1389 1583 nostumn
1411 1515 1593 1600 eonsilium,
1623 1515 1811 1582 mnmrdiam
1902 1503 1903 1508 ’

655 1638 805 1716 nostram,
829 1637 968 1699 nostram
992 1630 1188 1698 duldedinem
1204 1631 1403 1714 obtinebunt3
1430 1630 1570 1716 alioquin
1584 1634 1708 1698 tantam
1721 1631 1811 1697 domi·
1899 1720 1904 1726 .

654 1768 714 1815 nae
741 1769 778 1815 ao
805 1749 917 1816 matris
944 1754 1071 1815 nostrae
1102 1747 1321 1831 indignitatem
1350 1748 1420 1834 pati
1443 1767 1508 1813 non
1528 1767 1707 1835 possumus.
1739 1745 1812 1825 Quid
1902 1755 1903 1758 ’

654 1866 738 1933 onim
760 1864 800 1931 ad
820 1864 956 1931 'militem
979 1863 1108 1930 baoulus
1133 1862 1341 1949 episcopalis?
1368 1862 1445 1948 quid
1467 1862 1578 1929 anulus
1599 1862 1811 1929 saoardotalis?
1902 1953 1904 1958 Ι

654 1980 800 2047 Habeant
821 1980 855 2046 in
877 1979 1010 2047 eeclesia
1031 1980 1204 2067 primatum
1224 1998 1326 2063 suum,
1349 1983 1386 2045 ut
1400 1979 1465 2045 sint
1478 1978 1628 2045 eeclesiae
1642 1978 1811 2045 defensores

656 2100 688 2162 et
709 2096 858 2163 eeclesiae
885 2094 1032 2162 subsidiis
1059 2095 1271 2181 perfruantur.
1306 2093 1453 2161 Habeant
1473 2114 1579 2179 reges,
1607 2093 1692 2180 quod
1712 2112 1813 2177 regum

655 2216 718 2293 est3
747 2211 829 2296 quod
852 2210 1049 2277 saeerdotum
1072 2217 1130 2295 est,
1152 2209 1290 2277 habeant
1311 2210 1499 2277 saeerdotes.
1534 2208 1588 2276 Sio
1608 2228 1720 2296 paoem
1740 2208 1812 2275 invi

655 2346 723 2394 oem
748 2332 877 2393 teneant
899 2332 931 2393 et
952 2347 986 2393 se
1008 2328 1145 2393 invicem
1166 2327 1202 2392 in
1223 2346 1286 2393 uno
1301 2324 1419 2392 Christi
1440 2346 1572 2412 eorpore
1586 2331 1781 2393 venerentur.

745 2440 794 2509 De
816 2442 1064 2509 ordinationibus
1087 2442 1282 2526 elerioornm,
1306 2442 1360 2526 qui
1382 2442 1416 2507 in
1437 2442 1539 2508 nostri
1557 2442 1710 2527 temporis
1724 2442 1814 2509 sabis

655 2564 741 2625 mate
769 2558 904 2625 ordinati
932 2563 1021 2642 sunt,
1051 2577 1116 2624 non
1144 2557 1229 2624 aliud
1258 2556 1457 2624 seribendum
1479 2555 1642 2641 duximus,
1672 2558 1816 2642 quamin
1898 2536 1904 2578 ³

658 2673 841 2742 Plaoontina
863 2670 1000 2761 synodo¹
1022 2692 1079 2759 per
1102 2678 1229 2740 eunome
1250 2674 1422 2740 memoriae
1442 2671 1616 2757 Urbanum,
1638 2673 1816 2760 praedeces
1898 2654 1904 2695 ³

659 2810 762 2858 sorem
785 2795 944 2874 nostrum,
974 2790 1181 2857 deliberatum
1204 2795 1262 2857 est
1350 2788 1450 2856 Porro
1471 2788 1665 2875 episeopos·,
1689 2790 1744 2875 qui
1765 2788 1816 2856 sub
1901 2887 1904 2894 ψ

607 3002 610 3009 .
656 2906 996 2975 exeommunioationel
1011 2907 1045 2973 in
1066 2905 1177 2975 eodem
1197 2905 1366 2973 schismate
1380 2924 1492 2971 manus
1505 2904 1740 2991 impositionem
1754 2924 1816 2971 sue
1902 2911 1904 2928 ¹

656 3027 816 3110 oeperunt,
841 3022 880 3088 ad
903 3022 1026 3089 oonoilii
1049 3022 1238 3087 sententiam
1253 3020 1437 3088 deferendos
1453 3020 1652 3087 arbitramur.
1687 3020 1816 3088 Tantum
1902 3007 1904 3044 ²

656 3140 743 3206 enim
765 3142 925 3205 tantarum
947 3156 1155 3224 personarum
1176 3136 1294 3203 malum
1310 3136 1517 3221 generaliter⁰
1533 3136 1756 3204 deliberatione
1769 3142 1816 3203 aut
1901 3125 1904 3139 ²

656 3254 830 3321 curandum
853 3258 902 3320 est
923 3258 978 3319 aut
999 3252 1258 3320 detronoandum.

746 3369 795 3436 De
818 3368 942 3436 ooneilii
966 3372 1070 3435 autem
1092 3368 1161 3435 looo
1183 3368 1234 3435 vel
1254 3372 1411 3456 tempore,
1439 3368 1603 3436 deestis
1623 3368 1659 3435 in
1680 3368 1815 3456 partibus

657 3484 876 3552 eelebrandum
906 3486 964 3569 sit,
998 3490 1055 3551 tua
1082 3485 1229 3569 interest,
1262 3484 1491 3552 eommunioato
1518 3484 1653 3551 fratrum
1682 3484 1814 3566 oonsilio,

657 3602 747 3669 nobis
770 3602 862 3669 eitius
885 3600 1033 3667 indicare.
1068 3599 1222 3687 Optamus
1244 3600 1329 3667 enim
1348 3606 1381 3667 et
1394 3600 1595 3667 vehementer
1610 3606 1815 3688 opportunum

658 3722 716 3801 est,
739 3723 775 3783 ut
797 3717 847 3783 vel
870 3716 954 3802 apud
975 3735 1032 3781 vos
1049 3736 1107 3802 per
1122 3715 1243 3801 legatos
1257 3720 1381 3783 nostros
1396 3716 1447 3783 uel
1459 3717 1494 3782 in
1509 3716 1602 3783 ltalia
1615 3736 1674 3803 per
1688 3737 1745 3784 nos
1758 3716 1814 3783 lar

657 3834 761 3917 εἰοιιῐθ
784 3832 920 3899 Domino
948 3837 1127 3918 peragatur.
1161 3832 1198 3899 In
1227 3852 1289 3918 quo
1311 3832 1351 3899 de
1373 3832 1540 3899 saoerdotii
1561 3852 1599 3899 ao
1620 3833 1711 3917 regni
1732 3852 1814 3899 seen·

658 3949 729 4017 dalo
757 3948 985 4035 propulsando,
1014 3968 1093 4036 paee
1115 3948 1318 4033 stabilienda,
1347 3948 1506 4016 eommuni
1526 3968 1584 4034 per
1605 3946 1668 4015 Dei
1688 3949 1813 4033 grutam

657 4064 882 4133 deliberatione
903 4069 1083 4133 traotamus.
1902 4061 1904 4064 ’

748 4179 831 4247 Sane
856 4180 895 4248 de
918 4180 1187 4249 sohismatieorum
1209 4179 1348 4247 emlesiis
1370 4184 1497 4246 senone
1519 4179 1691 4247 memoriae
1711 4178 1814 4247 lobtn-
1902 4166 1904 4169 ’

658 4296 707 4363 nis
730 4315 831 4384 papae
846 4296 942 4365 verba
963 4298 1159 4363 mandamus.
1193 4295 1250 4362 Ait
1269 4296 1355 4363 enim
1368 4295 1525 4382 episeopis
1539 4315 1597 4383 per
1611 4295 1735 4363 ltaliam
1748 4312 1813 4361 eon·

658 4409 811 4479 stitutis':
836 4414 993 4480 &etesias
1009 4414 1224 4479 Atrianorum
1244 4413 1420 4499 massaque
1440 4416 1630 4495 domat,
1654 4413 1813 4481 mutuae

730 4622 751 4655 a.
773 4608 887 4668 episeopis
902 4608 939 4655 ed.
1016 4607 1039 4654 b.
1059 4606 1348 4655 exeommunicationiswd.
1425 4620 1445 4655 e.
1465 4625 1497 4655 ae
1512 4607 1626 4667 maelii

730 4714 755 4767 1.
783 4726 854 4767 enno
883 4712 951 4767 1095
976 4710 1082 4782 mora,
1115 4728 1143 4767 v.
1166 4712 1286 4782 sagea
1315 4709 1475 4782 musaeum
1499 4710 1683 4767 aomanorum
1710 4728 1737 4782 p.
1755 4708 1810 4765 sor.
1902 4677 1903 4756 ἴ

659 4802 685 4857 2.
712 4801 740 4855 in
763 4800 879 4869 epistola
895 4799 1170 4857 Pseudo-isidoriana
1187 4800 1363 4868 (Demetales
1379 4800 1672 4857 Pseudo-isidorianae
1694 4800 1736 4856 ed
1751 4796 1810 4853 liin·

659 4888 751 4945 sehius
768 4904 795 4957 p.
809 4889 880 4956 696).
909 4886 950 4944 Ol.
969 4887 1092 4944 Gratiani
1109 4888 1190 4944 Deor.
1207 4890 1238 4944 P.
1250 4888 1290 4945 ΠΙ
1307 4889 1350 4945 De
1367 4903 1489 4945 oonsoor.
1507 4888 1568 4944 D.l
1585 4904 1610 4945 a
1622 4891 1666 4946 al.
