4342 6034
610 770 637 817 s.
654 769 831 818 neumam
852 772 897 818 nn
918 772 1021 819 nuum
1043 770 1231 819 numnonnu
1254 770 1285 817 ro
1468 753 1533 821 203

373 910 512 999 possibile
540 917 605 997 est,
639 916 750 979 notum
776 912 894 993 feeere3
924 918 956 979 et
984 912 1046 979 sic·
1070 911 1165 980 alieni
1191 910 1287 979 lientb
1316 924 1352 979 ι’
1380 913 1535 997 sanguine
1596 920 1655 1005 748·

372 1030 539 1094 animarum
561 1028 768 1115 perditarum.
1550 994 1696 1054 ”mm

450 1144 499 1211 De
528 1150 649 1228 cetero,
677 1144 776 1211 irater
804 1144 981 1227 carissime,
1012 1144 1086 1228 quia
1112 1144 1203 1210 nohis
1227 1143 1368 1228 aequalis
1390 1144 1480 1211 labor
1503 1150 1535 1211 et

370 1260 481 1327 meust
501 1260 679 1347 pericnlum
701 1260 836 1327 inminet
859 1279 955 1344 quarn
977 1260 1091 1325 ceteris
1119 1260 1350 1343 sacerdotibus,
1380 1261 1456 1345 quia
1482 1280 1534 1327 ea·

369 1396 458 1443 nones
481 1377 605 1462 antiqui
627 1376 837 1463 praecipiunt,
860 1382 896 1441 ut
918 1396 1027 1442 omnes
1042 1376 1155 1459 sciant,
1177 1375 1455 1463 metropolitanum
1471 1376 1534 1441 sol·

368 1492 557 1559 licitudinem
578 1492 675 1559 totius
698 1492 880 1579 provinciae
903 1510 1028 1575 gerere3
1057 1495 1105 1575 et,
1135 1496 1172 1557 ut
1193 1491 1282 1557 verbi
1304 1492 1409 1574 gratia
1429 1492 1532 1558 dicam

370 1608 442 1675 siout
462 1610 570 1693 timeo,
593 1628 706 1674 navem
730 1607 967 1692 gubernandam
990 1608 1074 1673 inter
1096 1605 1209 1674 fluetus
1231 1608 1291 1673 ieri
1313 1607 1412 1673 meris
1435 1606 1534 1674 semel

369 1726 566 1813 suscepimus,
590 1744 684 1810 quam
707 1743 766 1790 nec
788 1730 896 1791 caute·
919 1743 1029 1807 regere
1051 1742 1111 1789 nee
1128 1724 1197 1789 sinc
1213 1729 1343 1809 peccato
1359 1722 1535 1790 dimittere‘

368 1840 500 1907 ememus
515 1876 558 1887 -
577 1842 678 1926 quia⁸,
702 1839 755 1906 ιιιΙι
779 1840 906 1925 quidam
930 1840 1121 1925 sapientium
1145 1838 1237 1905 dicit:
1262 1840 1304 1907 Si
1319 1841 1535 1927 periculosum

369 1970 420 2039 est,
451 1981 565 2023 noema
592 1961 675 2023 teser
694 1958 812 2043 fluctus
836 1970 924 2022 caute
945 1978 1010 2022 nore
1032 1978 1155 2042 repere,
1186 1969 1303 2041 quanto
1322 1957 1534 2043 pera'cctoeiua

369 2086 421 2153 est,
450 2096 519 2139 eam
545 2076 643 2139 andis
672 2072 921 2139 tumescentihca‘
936 2075 1143 2158 fluctuantem
1169 2075 1205 2137 io
1233 2085 1411 2159 tempestate
1435 2073 1534 2137 relin-

369 2210 454 2275 quere
476 2228 519 2239 —-
544 2188 716 2255 etidcirco
739 2188 880 2271 ecclesia,
904 2208 985 2273 quae
1008 2186 1095 2253 relnt
1116 2188 1208 2253 neris
1230 2207 1346 2271 magna
1367 2207 1425 2273 per
1446 2206 1535 2255 mere

368 2305 468 2371 mundi
491 2305 586 2371 huius
610 2304 773 2389 enavigat,
804 2324 884 2389 quae
907 2303 1041 2371 diversis
1064 2304 1310 2390 temptationum
1331 2301 1478 2370 fluctibus
1499 2304 1535 2369 in

367 2420 419 2487 hac
439 2422 506 2488 vite
530 2421 684 2505 tunditur,
707 2440 771 2486 nen
787 2425 836 2487 est
850 2426 957 2487 tamen
972 2418 1181 2504 relinquenda
1195 2424 1245 2486 set
1258 2419 1406 2503 regenda
1437 2419 1534 2486 Cuius

367 2537 408 2602 rei
428 2537 461 2603 in
484 2536 631 2624 exemplo
656 2536 778 2623 priores
800 2542 908 2623 patrer
930 2536 1081 2604 hahemus
1097 2535 1292 2603 Clementem
1306 2540 1339 2602 et
1352 2534 1534 2602 Cornelium

368 2657 535 2720 etcctcros
557 2650 723 2739 conplures
750 2653 784 2717 in
813 2652 891 2718 urbe
914 2651 1047 2734 Roma¹3
1077 2651 1272 2739 Cyprianum
1294 2652 1328 2717 in
1350 2650 1533 2735 Cartagin03

367 2767 569 2835 Athanasium
593 2770 627 2835 in
650 2768 860 2849 Alexandria3
890 2768 944 2852 qui
973 2768 1030 2835 sub
1053 2769 1188 2853 paganis
1208 2765 1454 2854 imperatoribus
1478 2786 1535 2833 ne·

368 2904 430 2949 rem
445 2884 566 2951 Christi
588 2885 685 2950 immo
709 2885 905 2951 carissimam
929 2902 1079 2969 sponsam
1102 2885 1181 2967 eins,
1204 2883 1389 2950 aecclesiam
1404 2882 1534 2966 scilicet

368 2998 499 3068 docendo
531 3000 727 3067 defendendo
754 3000 926 3067 laborando
950 3005 983 3067 et
1003 2999 1165 3085 patiendo¹
1186 3018 1286 3085 usque
1309 2997 1350 3063 ad
1372 2998 1534 3081 sanguinis

369 3114 545 3183 allusionem
573 3116 800 3199 gubernabant.
891 3115 1025 3182 Possum
1054 3116 1139 3181 enim
1166 3114 1207 3181 de
1232 3119 1351 3181 memet
1376 3114 1447 3200 ipso
1474 3133 1533 3200 pro

369 3237 445 3297 certe
468 3234 561 3298 iuxta
582 3250 691 3297 vocem
714 3232 830 3297 cantici
854 3233 1046 3299 cantieorum
1070 3232 1188 3297 diesim
1211 3231 1295 3297 Filii
1314 3234 1427 3296 monh
1448 3252 1535 3297 oreos

366 3362 585 3435 poposcerant
607 3362 717 3414 contro
739 3370 804 3425 me‚·
825 3363 1000 3436 posuerant
1021 3356 1094 3413 cael·
1110 3350 1267 3413 comtodem
1288 3351 1323 3412 ia
1344 3350 1461 3427 vinem,
1484 3350 1533 3411 oi·

370 3486 453 3530 neom
478 3488 582 3531 meam
609 3488 674 3530 noa
703 3467 857 3530 custodivi
865 3460 882 3529 ¹.
929 3463 1031 3529 Vinea
1061 3463 1146 3530 enim
1174 3462 1365 3530 secundumn
1393 3459 1535 3527 Naum⁶²

370 3580 550 3666 prophetam
581 3580 701 3645 domini
731 3578 870 3646 Sabaoht
897 3580 1008 3645 domus
1037 3578 1157 3645 Israhel
1185 3583 1249 3662 est3
1277 3597 1362 3644 nuno
1388 3577 1536 3645 videlieet

371 3696 494 3763 ecclesie
516 3693 670 3762 catholica
693 3716 762 3761 esse
784 3695 1016 3781 comprobatur.
1051 3694 1149 3761 Cuius
1171 3694 1328 3780 synodum
1342 3712 1535 3777 congregau-

371 3809 437 3877 dam
459 3818 492 3879 et
514 3810 702 3877 hortandam
726 3812 834 3877 iussu*
860 3810 1018 3897 pontificis
1041 3810 1177 3877 Romani
1204 3816 1238 3877 et
1264 3814 1395 3893 rogatu*
1416 3809 1535 3895 princi-

371 3946 440 4011 pum
455 3926 650 3993 Francorum
674 3932 706 3992 et
721 3925 882 3993 Gallorum
908 3926 966 3993 sub
989 3946 1045 4013 spe
1067 3926 1306 3993 restaurandae*
1321 3924 1401 4009 legis
1416 3924 1535 3991 Christi

372 4044 496 4129 suscepi.
543 4042 752 4127 circumfodi,
781 4042 917 4109 cofinum
939 4043 1087 4109 stercoris
1111 4043 1293 4129 adportari,
1316 4041 1373 4107 sed
1394 4060 1459 4107 non
1481 4060 1535 4107 eu·

372 4158 487 4225 stolivi.
534 4158 631 4226 Cum·
654 4165 870 4245 exspectarem
892 4164 929 4224 ut
949 4158 1069 4225 faceret
1090 4178 1179 4241 uras,
1203 4157 1280 4224 iecit
1301 4162 1408 4223 autem
1429 4155 1535 4223 lahru·

373 4272 481 4355 scas‘³;
511 4280 544 4343 et
572 4276 663 4341 iuxta
690 4274 788 4341 alium
814 4274 1017 4363 prophetam:
1046 4276 1234 4341 Mentimur·
1256 4297 1336 4361 opos
1359 4275 1475 4354 olivae,
1507 4286 1537 4339 et

438 4466 457 4499 a.
477 4454 496 4501 si
514 4456 548 4509 M,
564 4452 610 4511 ipsi
627 4456 652 4501 C.
715 4452 737 4499 h.
758 4452 853 4499 fiuntc.
917 4466 937 4498 c.
957 4464 1029 4498 aem.
1042 4452 1099 4498 MV.
1162 4451 1184 4497 (h
1206 4450 1278 4507 magis
1290 4454 1324 4497 11.
1387 4465 1408 4497 e.
1426 4452 1494 4497 cauto
1507 4451 1535 4497 V.

375 4528 518 4581 idamittera
537 4533 564 4587 V,
581 4534 622 4591 Sp.
694 4545 715 4590 g.
734 4531 764 4577 Et
779 4532 833 4591 qnia
850 4534 875 4579 C.
945 4530 969 4577 h.
989 4534 1015 4577 ut
1031 4548 1073 4577 om.
1090 4534 1117 4579 C.
1186 4531 1202 4577 i.
1223 4543 1252 4576 sa
1267 4528 1440 4577 mundissimum
1456 4544 1535 4577 eemn-

375 4608 429 4656 tihus
445 4613 477 4669 V,-
492 4612 696 4659 intumescentibus
712 4614 752 4670 Sp.
815 4610 837 4657 k.
854 4610 955 4657 Romana
971 4613 1011 4670 Sp.
1073 4610 1089 4655 l.
1105 4608 1213 4670 petiaurlo
1230 4613 1265 4657 Μ.
1327 4623 1357 4655 nr.
1372 4624 1409 4656 me
1425 4610 1535 4658 marm

376 4701 395 4733 n.
413 4702 464 4737 seen
480 4692 507 4739 V.
582 4705 604 4737 o.
626 4708 668 4737 om.
684 4694 725 4750 Sp.
800 4703 823 4750 p.
843 4690 901 4738 iussi
917 4692 975 4738 MV.
1050 4704 1073 4750 q.
1094 4690 1173 4747 rogata
1188 4692 1223 4735 M.
1298 4703 1316 4735 r.
1335 4688 1479 4736 restaurandi
1494 4692 1534 4749 Sp.

377 4780 393 4813 a
410 4767 464 4825 Quia
478 4786 528 4819 cum
544 4772 585 4831 Sp.
663 4770 805 4817 tlahruess
824 4772 851 4819 V.
929 4785 951 4816 u.
971 4770 1109 4817 mentientur
1126 4769 1183 4824 MV,
1199 4770 1240 4827 Sp.

440 4876 464 4929 1.
485 4876 564 4932 eant.
578 4875 675 4931 caneo.
689 4876 715 4945 1,
726 4875 752 4931 o.
843 4876 869 4930 a.
892 4874 1136 4943 rme-nosmet.
1225 4872 1251 4928 e.
1274 4872 1417 4941 naas.
