4342 6034
558 766 586 813 s.
602 764 778 815 comm
798 766 844 813 nr
864 765 967 813 nuum
987 763 1175 813 memnones
1199 764 1252 811 148.
1268 763 1320 811 mo
1449 747 1515 813 313

461 906 546 975 clara
567 906 686 975 Christi
706 906 877 975 elementia
963 906 1046 974 celse
1067 906 1170 975 laudis
1193 908 1227 973 in
1250 904 1363 975 secula

461 1022 630 1091 valeamus
653 1023 803 1108 angelicis
891 1024 1037 1091 victrices
1059 1024 1171 1107 iunge·
1193 1022 1331 1108 milibus,

459 1139 599 1227 paradisi
621 1140 782 1226 perpetuis
871 1139 1078 1226 perdurantes
1101 1138 1135 1206 in
1158 1138 1290 1223 gaudis.

361 1254 522 1341 Elonqueel
544 1261 577 1322 et
599 1254 749 1339 Michad,
772 1255 929 1339 Acaddm,
953 1255 1095 1338 Adonai,
1120 1256 1294 1339 Alleratia‚
1317 1253 1465 1321 Alleluia

364 1466 440 1537 149.
459 1470 635 1557 Bentpptle
651 1471 793 1555 fratrem
819 1492 911 1535 eccm
932 1470 1156 1537 Balddurdom
1179 1471 1331 1553 obsonet,
1362 1482 1398 1535 at
1418 1472 1463 1535 cd
1483 1493 1516 1535 οο

458 1584 593 1652 omiot'.
1112 1584 1147 1667 (S
1163 1587 1217 1669 64,
1240 1584 1280 1653 W
1297 1587 1369 1669 150,
1394 1583 1421 1651 G
1439 1585 1515 1667 139)

439 1718 473 1785 ln
503 1720 632 1785 nomine
659 1718 780 1787 domini
804 1719 904 1785 uestri
926 1718 997 1785 lesu
1019 1718 1137 1786 Christi
1166 1724 1198 1786 et
1223 1718 1258 1785 in
1279 1723 1389 1786 sancta
1412 1717 1516 1784 Trini-

359 1840 415 1901 tate
440 1834 645 1902 dilectissimo
672 1834 764 1901 trani
791 1835 883 1901 unico
905 1833 1084 1901 Baldhardo
1107 1834 1324 1921 (Berthgyth‘l
1346 1854 1516 1921 perennem

358 1952 387 2017 ln
406 1952 530 2018 Christo
552 1950 696 2017 salutern.

436 2067 554 2133 Notum
578 2068 621 2133 sit
643 2066 711 2150 tibi,
728 2066 818 2152 ¹quod
841 2072 996 2133 venerunt
1018 2067 1059 2133 ad
1080 2087 1132 2149 me
1153 2068 1250 2135 verbe
1264 2066 1429 2151 legationis
1444 2072 1517 2134 tuce

358 2182 552 2268 perfidelem
576 2183 722 2249 nuntium
743 2182 871 2249 nomine
885 2182 1040 2264 Aldraed3
1063 2182 1210 2251 similiter
1225 2188 1258 2251 et
1271 2204 1414 2267 munera,
1438 2203 1517 2269 quae

358 2318 421 2363 cum
442 2300 557 2365 intima
579 2300 711 2365 camtate
734 2298 881 2385 amplexi.
916 2297 960 2365 Et
981 2318 1065 2365 nunc
1079 2300 1181 2365 fateor
1196 2300 1264 2383 tibi,
1288 2300 1372 2384 qnod
1385 2300 1518 2387 implere

358 2414 492 2481 desidero
516 2415 689 2481 auxiliante
703 2414 839 2479 Domino
862 2414 978 2497 omnia,
1001 2435 1082 2499 quae
1104 2416 1294 2502 praecepisti
1316 2416 1405 2499 mihi,
1428 2417 1455 2481 si
1470 2416 1517 2481 di·

357 2537 462 2614 gnetur
490 2530 636 2596 voluntas
663 2535 720 2596 tua
741 2531 849 2596 venire
874 2530 913 2595 ad
936 2550 1003 2611 me;
1033 2533 1108 2616 quia
1128 2531 1194 2597 nllo
1215 2532 1309 2597 modo
1330 2533 1450 2599 fontem
1472 2532 1519 2598 la-

357 2648 520 2713 crimarum
544 2646 744 2731 adquiescere
766 2666 830 2713 non
852 2666 992 2733 possum,
1015 2646 1139 2731 quande
1163 2648 1254 2713 video
1278 2654 1310 2715 et
1331 2648 1424 2715 audio
1440 2648 1519 2715 alias

357 2763 448 2829 ituros
471 2763 514 2829 ad
536 2763 653 2829 amicos
671 2782 755 2829 suos.
790 2762 879 2828 Tunc
892 2762 1006 2847 recolo,
1030 2764 1114 2847 quod
1129 2784 1148 2829 a
1163 2763 1345 2850 perentibus
1360 2765 1395 2830 in
1410 2765 1518 2831 iuren—
1634 2836 1636 2839 ,

357 2884 417 2945 tote
438 2878 590 2947 derelicta
611 2878 658 2945 iui
680 2884 713 2945 et
734 2878 802 2944 sole
823 2877 874 2943 hic
896 2879 1066 2965 permansi.
1101 2878 1144 2945 Et
1157 2890 1265 2945 tamen
1280 2900 1299 2945 a
1314 2878 1449 2948 Domino
1465 2882 1519 2947 de-

357 2994 459 3062 relicta
485 3015 550 3061 non
578 2994 640 3076 iui3
670 2994 725 3060 sed
752 2994 871 3077 gratias
900 3014 958 3078 age
981 2994 1049 3061 Deo
1072 2994 1111 3059 dc
1134 2994 1279 3061 inmensa
1300 2996 1367 3061 eius
1389 2996 1517 3081 pietate,

357 3131 445 3195 qnam
473 3131 552 3197 sepe
579 3130 644 3193 non
671 3110 863 3177 merentibus
885 3130 944 3196 per
965 3110 1200 3177 misericordiae
1223 3131 1298 3177 snae
1320 3111 1442 3178 viscera
1464 3112 1518 3178 do-

357 3246 426 3294 nare
448 3227 629 3309 consuerit,
658 3231 690 3291 et
712 3225 759 3292 sio
779 3246 837 3292 uos
859 3225 1031 3292 incolumes
1054 3227 1201 3293 servarit.
1236 3226 1279 3293 Et
1300 3246 1398 3313 nunc,
1421 3228 1519 3295 irater

356 3344 410 3427 mi,
442 3344 554 3411 adiuro
582 3349 615 3408 te
642 3348 736 3427 atque
765 3341 931 3428 deprecor,
960 3347 996 3407 nt
1018 3342 1142 3410 auferas
1165 3342 1328 3409 tristitiam
1351 3343 1390 3409 nb
1414 3343 1520 3411 anime

357 3480 435 3541 mca3
466 3460 543 3544 quia
569 3458 661 3525 valde
689 3463 782 3525 nocet
809 3458 897 3524 mihi.
932 3457 1012 3523 Dico
1040 3459 1142 3525 enim:
1172 3460 1316 3545 quamvis
1341 3460 1435 3548 unius
1457 3458 1520 3527 diei

358 3575 490 3661 spatium
513 3574 566 3657 sit,
589 3575 757 3641 etiterum
780 3574 958 3659 perrexeris
980 3575 1126 3641 iuranted
1145 3574 1281 3641 Domino
1304 3576 1337 3641 in
1359 3574 1521 3642 voluntate

357 3696 420 3775 tua,
449 3698 558 3757 tamen
586 3691 706 3757 recedit
730 3691 861 3757 tristitia
884 3691 924 3757 ab
947 3690 1055 3755 anima
1074 3699 1163 3756 mea·
1186 3695 1219 3756 et
1240 3690 1344 3757 dolor¹
1366 3691 1405 3758 de
1427 3692 1520 3759 corde

357 3826 431 3874 rneo.
468 3806 524 3873 Sin
548 3811 655 3873 autem
677 3805 823 3891 displicet
843 3806 918 3889 tibi,
947 3805 1069 3893 inplere
1091 3806 1276 3892 petitionem
1299 3826 1417 3891 meam,
1445 3812 1521 3873 tunc

357 3920 455 3991 ileum
483 3927 598 3990 testem
626 3924 753 4005 invoco,
782 3922 866 4007 qnod
891 3923 927 3987 in
955 3942 1204 4007 menumquam
1233 3920 1270 3987 fit
1297 3922 1446 3989 derelicta
1473 3923 1520 3989 di·

356 4037 444 4106 lectio
471 4044 590 4106 nostra
624 4038 668 4105 Et
696 4058 781 4105 nunc
801 4058 876 4105 rere
898 4038 968 4105 dico
991 4037 1060 4122 tibi,
1083 4038 1167 4122 quod
1188 4038 1321 4105 meliora
1342 4040 1464 4122 nescio,
1492 4040 1520 4105 ri

357 4166 421 4222 me⁸
435 4156 544 4223 renim
565 4155 614 4221 vis
636 4154 721 4237 illuc,
743 4174 837 4239 quam
862 4154 914 4220 hic
934 4174 1089 4220 maneam.
1124 4154 1180 4221 Sin
1204 4161 1309 4221 autem
1332 4154 1410 4222 aliut
1428 4154 1519 4222 aliter

356 4270 411 4338 tibi
432 4271 563 4339 melius*
585 4270 704 4358 placet,
726 4276 803 4337 tunc
824 4270 964 4337 indicare
985 4290 1130 4357 possum:
1154 4271 1239 4356 quod
1260 4291 1349 4339 mene
1372 4290 1444 4338 mea
1465 4272 1519 4339 de-

357 4387 485 4471 siderat,
519 4393 557 4453 ut
588 4388 731 4455 eveniam
757 4386 847 4471 illuc,
883 4386 938 4453 ubi
964 4387 1166 4471 requiescunt
1193 4406 1326 4475 corpora
1352 4392 1519 4473 parentum
1553 4470 1555 4477 s

358 4508 541 4588 nostrorum,
565 4508 597 4569 et
618 4502 824 4590 temporalem
845 4502 944 4569 vitam
966 4502 1012 4569 ibi
1026 4502 1119 4569 finire
1134 4508 1166 4568 et
1179 4503 1355 4590 pervenire,
1378 4502 1433 4569 ubi
1448 4522 1520 4589 per·

426 4730 446 4762 ι
467 4736 496 4763 οι
511 4718 610 4764 victores
625 4717 711 4763 iuncti?
772 4715 795 4762 le.
815 4715 1014 4764 ethlt-ttc.
1038 4718 1145 4763 Leman·
1161 4716 1217 4763 ltem
1233 4716 1337 4777 epistola
1399 4730 1418 4763 c.
1438 4716 1519 4764 Barth·

360 4794 411 4852 tllh
426 4798 520 4854 adum·
536 4798 565 4844 at
581 4814 609 4843 ea
622 4800 678 4842 enin
689 4798 749 4842 lm
759 4797 878 4856 epistolam
888 4812 945 4851 ecce,
961 4797 1302 4857 domep.148cuprup.812.
1349 4796 1372 4843 d.
1387 4796 1478 4843 lubuit
1492 4798 1519 4845 V.

362 4886 381 4919 ο.
397 4888 449 4940 unp
464 4879 491 4925 V.
551 4876 568 4924 l.
588 4876 642 4923 dolo
660 4878 688 4923 7.
765 4888 788 4934 g.
807 4889 844 4922 me
861 4876 951 4923 addidi
1029 4875 1052 4923 ln
1072 4875 1153 4923 mellor
1170 4874 1198 4922 V.
