4342 6034
692 750 759 818 534
947 766 1109 814 uonscnr
1130 764 1317 813 suanensis
1339 764 1421 811 vrrs
1443 762 1615 811 nnnncrrs

692 910 798 976 minua
820 907 1117 993 suspicantibus-
1142 927 1214 973 cum
1238 906 1369 972 ridendo
1392 905 1590 989 declamavit,
1614 904 1696 989 quod
1719 904 1851 990 ipsene

693 1046 781 1093 cesse
802 1030 934 1090 noverat
954 1024 1113 1106 futurum,
1137 1022 1202 1089 acsi
1224 1021 1375 1109 possibile
1397 1022 1587 1089 enunciavit

784 1140 844 1207 llis
866 1140 963 1207 etiam
984 1139 1107 1225 pollens
1129 1139 1311 1221 virtutibus,
1333 1156 1406 1203 curn
1421 1138 1561 1224 perlecta
1575 1141 1681 1203 mente
1695 1136 1853 1223 perlectam

694 1256 791 1325 simul
819 1260 934 1322 subm
963 1254 1114 1342 arripuit,
1143 1254 1270 1338 iamque
1299 1260 1443 1339 quartam
1468 1273 1623 1319 annorum
1645 1252 1853 1339 septimanam,

693 1375 889 1439 iuventutem
916 1370 1038 1437 scilicet
1063 1390 1224 1453 egressus,
1251 1370 1394 1454 quintum
1417 1369 1639 1455 septimanum,
1668 1389 1748 1454 quae
1769 1369 1853 1433 etiam

693 1490 727 1554 in
754 1487 864 1554 virile·
884 1486 982 1552 robur
1009 1485 1153 1569 adducit,
1181 1486 1343 1569 ingressus
1367 1490 1425 1551 cst
1461 1484 1582 1551 Memor
1603 1485 1701 1568 igitur
1720 1484 1853 1550 caelestis

694 1623 830 1690 sponsus
859 1603 954 1668 amici
981 1602 1047 1687 aui,
1075 1620 1218 1667 summus
1245 1620 1302 1667 rex
1325 1600 1437 1667 militis
1460 1601 1525 1684 sui,
1554 1606 1588 1667 et
1609 1620 1728 1666 corona
1747 1599 1853 1683 gloriae

694 1718 856 1787 coronarit
869 1718 1026 1800 indutum,
1048 1722 1080 1783 ot
1095 1718 1315 1803 circumsepsit
1329 1736 1402 1783 eum
1418 1717 1514 1782 armis
1530 1717 1693 1782 virtutum.
1722 1714 1853 1782 Muniem

694 1856 766 1902 eum
788 1834 899 1920 clypeo
921 1833 1126 1915 humilitatis,
1155 1832 1313 1916 galeatum
1335 1832 1496 1919 pacientia
1516 1832 1731 1918 simplicitatis
1752 1837 1785 1897 ct
1806 1832 1853 1896 cir·

693 1951 905 2017 cumcinctum
931 1950 1037 2033 gladio
1064 1949 1263 2015 discretionis
1294 1948 1460 2015 adornavit
1482 1948 1605 2032 sagittis
1628 1947 1851 2034 predicationis

693 2070 726 2133 et
747 2071 925 2151 protectum
947 2070 1055 2131 torace
1076 2064 1222 2131 iusticias
1243 2064 1402 2147 salutaris,
1426 2062 1627 2150 superinduit
1644 2084 1716 2130 eum
1733 2062 1850 2130 clamide

693 2182 845 2248 caritatis.
881 2180 1039 2247 Humilem
1062 2180 1191 2264 quidem
1213 2186 1344 2267 proptor
1366 2200 1400 2246 se
1423 2180 1531 2246 diviua
1550 2180 1702 2247 maiestas
1716 2178 1851 2247 exaltarit

694 2296 781 2382 apud
802 2316 847 2362 sa
1628 2354 1630 2359 ,

785 2410 938 2477 Videntcs
967 2411 1052 2477 enim
1074 2411 1218 2478 cenobite
1240 2410 1375 2477 militem
1397 2409 1515 2477 Christi
1537 2410 1607 2477 aine
1628 2410 1847 2496 fatigationem

693 2528 858 2614 procinctu
883 2526 1037 2613 positum,
1068 2527 1258 2593 concedente
1281 2526 1394 2593 abbate
1415 2526 1570 2593 Richardo
1581 2524 1599 2611 ¹,
1627 2528 1846 2595 anamnesis

527 2658 685 2714 1018-1030
693 2663 809 2711 omum
829 2642 1008 2726 elegerunt3
1037 2648 1071 2708 et
1093 2643 1289 2709 conviatores
1313 2648 1465 2726 angustae
1493 2642 1580 2727 viae,
1610 2664 1693 2728 quae
1719 2642 1840 2711 ducital

694 2754 821 2843 dtam‘,
844 2758 955 2825 ducem
977 2758 1129 2842 fecerunt,
1153 2759 1208 2843 qui
1230 2778 1288 2825 nec
1310 2758 1352 2825 ad
1373 2758 1537 2825 dormtum
1559 2758 1734 2826 declinaret
1752 2758 1839 2826 need

694 2870 886 2957 sinistram⁸‚
914 2874 979 2940 acsi
1001 2874 1121 2940 diceret
1143 2874 1183 2940 ad
1206 2895 1277 2941 eum
1301 2874 1471 2941 Dominus:
1495 2874 1636 2957 Audeat,
1659 2879 1787 2942 ascmdr
1802 2900 1843 2939 rc

693 2986 831 3080 perbea‘.
921 2988 1030 3068 Qualis
1056 2995 1134 3056 tuno
1162 2996 1262 3075 osset,
1291 2990 1393 3057 adbuc
1414 2992 1557 3057 viventes
1579 2990 1673 3058 multi
1694 2996 1843 3069 testam

694 3108 749 3192 qui
771 3106 884 3190 etiam,
913 3106 948 3171 in
977 3126 1067 3171 servo
1092 3107 1195 3172 carnis
1217 3110 1339 3173 tantam
1360 3104 1540 3173 libertatem
1562 3107 1696 3194 spiritus
1716 3126 1844 3192 umquam

694 3222 869 3305 devenisse,
891 3221 1058 3287 mirantur.
1092 3220 1264 3291 Memorem
1280 3222 1452 3288 enimcum
1467 3222 1568 3289 illius:
1593 3224 1735 3290 Iudicas
1747 3238 1771 3290 tc
1783 3246 1843 3288 cos-

694 3338 881 3406 sarmati
902 3337 984 3407 Noli
1004 3340 1123 3419 artoldi,
1147 3342 1203 3404 ssd
1224 3352 1286 3405 esto
1310 3362 1381 3404 cam
1402 3340 1468 3404 itta
1492 3343 1587 3426 quasi
1607 3364 1691 3407 anas
1713 3364 1749 3407 aa
1765 3333 1842 3415 W,
1883 3360 1884 3379 ἢ

695 3474 768 3521 cum
795 3452 951 3537 dignitate
977 3454 1095 3538 gradus
1126 3459 1158 3520 et
1184 3474 1308 3521 mamm
1331 3454 1514 3521 maturitate
1536 3462 1666 3522 cunctos
1688 3452 1844 3522 bumilitate

694 3568 861 3654 subsequi,
890 3568 941 3635 uel
961 3569 1080 3635 invitus
1102 3569 1196 3635 fateri
1218 3570 1358 3637 deberes.
1393 3570 1478 3637 Inter
1499 3592 1632 3655 magnos
1654 3572 1841 3639 maximuaet

693 3686 779 3752 inter
806 3704 922 3771 parvos
949 3685 1117 3769 minimus,
1152 3685 1324 3761 maioribus
1352 3686 1600 3772 formidabilem,
1627 3686 1791 3755 minoribus
1811 3702 1840 3747 sa

695 3801 783 3869 dedit
815 3800 993 3867 amabilem.
1039 3800 1178 3869 Minores
1213 3802 1254 3867 ad
1282 3822 1353 3869 eum
1381 3808 1417 3868 ut
1446 3802 1486 3869 ad
1514 3808 1638 3890 patrem
1667 3802 1838 3871 accedebant

695 3938 788 4003 quem
810 3917 947 3984 maiores
969 3923 1007 3982 ut
1026 3918 1164 3984 iudicem
1187 3913 1405 4000 attendebant3
1429 3920 1513 4003 quia,
1536 3920 1620 4003 quod
1642 3920 1753 3985 caritas
1770 3915 1838 3983 iube

696 4034 759 4118 bat,
782 4032 942 4118 negligere
964 4033 1132 4101 nesciebat.
1168 4032 1298 4101 Nullum
1320 4034 1579 4121 condempnavit,
1603 4036 1722 4103 nullum
1743 4032 1837 4100 indico·
1882 4046 1883 4098 l

694 4151 756 4233 vit3
785 4155 819 4217 et
847 4169 920 4216 cum
946 4150 1122 4234 interroget
1141 4148 1272 4233 Petrus,
1300 4160 1407 4217 utrum
1429 4150 1571 4219 dimittat
1594 4170 1692 4237 usquc
1717 4140 1835 4237 septiee‘,

695 4265 747 4332 bio
770 4264 1024 4352 septemplicavit
1045 4266 1225 4353 septuagies
1248 4261 1393 4351 septics⁷.
1425 4264 1544 4345 Quodsi
1562 4268 1659 4335 etiam
1673 4288 1693 4334 a
1706 4278 1836 4353 quoquina

695 4382 864 4468 aliquando
887 4382 1088 4468 putredinem
1110 4381 1249 4449 vulneris
1272 4382 1356 4448 ferro
1380 4382 1586 4469 correptionis
1609 4383 1749 4465 abscidit,
1768 4378 1833 4453 ilict

768 4600 788 4633 ι.
808 4586 907 4633 iuvenile
923 4604 944 4632 c.
957 4602 1000 4645 pro
1019 4586 1045 4631 in
1059 4584 1134 4632 virile.
1160 4584 1234 4643 (eea.
1251 4586 1441 4642 Vindodomsis,
1464 4604 1528 4649 qm
1546 4589 1728 4635 Vane-tactu
1745 4580 1830 4631 W

693 4666 801 4727 prada:
815 4665 846 4713 ad
861 4663 944 4723 vbis).
1019 4664 1043 4711 b.
1063 4680 1106 4711 osa.
1118 4682 1138 4711 s.

768 4772 794 4824 1.
813 4768 1003 4824 rora-roes.
1064 4770 1091 4824 s.
1109 4768 1205 4825 neon
1218 4770 1243 4839 u,
1258 4770 1300 4825 14.
1362 4770 1470 4825 abac
1483 4770 1581 4840 coca
1641 4772 1668 4826 s.
1684 4758 1828 4831 mersio

696 4860 723 4914 c.
747 4856 789 4914 or.
807 4858 892 4913 men.
905 4858 949 4928 sa,
962 4860 987 4913 1.
1063 4860 1090 4915 e.
1113 4858 1322 4929 naturam.
1395 4859 1420 4915 a.
1445 4858 1651 4930 naeniam.
