4342 6034
630 698 698 764 280
871 714 898 763 s.
914 714 1092 764 nonmnnn
1114 716 1159 763 nn
1181 716 1284 765 unum
1305 716 1493 765 nrmnonnn
1516 718 1563 765 114

471 864 611 921 uso—768
718 854 862 924 Abstulit
894 858 980 923 enim
1010 857 1171 945 mancipia
1199 862 1231 925 et
1258 878 1365 925 servos
1394 858 1433 926 dc
1462 858 1602 927 ecclesiis
1630 860 1693 927 sibi
1721 880 1805 927 com-

630 972 768 1039 missIs·:
791 972 1016 1057 Faegenolium
1038 994 1165 1039 servum
1188 980 1330 1040 nestrum
1355 980 1387 1041 et
1409 975 1488 1041 duos
1505 973 1587 1041 filios
1604 976 1670 1042 eins
1686 974 1806 1059 Reege·

629 1088 751 1154 nolfum
775 1094 807 1154 et
821 1088 1026 1155 Amanolfum
1048 1094 1081 1155 et
1102 1108 1235 1155 uxorem
1258 1091 1326 1156 eius
1340 1088 1555 1157 Leobthruthe
1577 1096 1610 1157 et
1623 1089 1724 1157 filiam
1740 1092 1806 1157 eius

630 1202 889 1285 Amalthrntha03
920 1202 1054 1269 tradidit
1081 1223 1135 1271 eos
1164 1205 1198 1269 in
1223 1202 1393 1271 saxoniam
1424 1212 1535 1273 contre
1562 1228 1677 1293 equum
1708 1226 1808 1273 unum

630 1319 751 1385 homini
784 1320 911 1385 nomine
939 1318 1059 1405 Huelp,
1095 1319 1179 1404 qnod
1212 1320 1281 1406 ipse
1309 1339 1362 1387 eos
1391 1320 1534 1387 duxinset
1560 1322 1595 1387 iu
1623 1320 1806 1388 Saxonicum.

630 1432 801 1501 willefrith
824 1453 909 1517 vero,
938 1434 1135 1520 supradicti
1157 1434 1361 1518 Reegenoifes
1383 1433 1495 1520 filium,
1523 1438 1702 1503 tansmisii
1723 1436 1810 1503 ultra

630 1550 739 1616 mareb
762 1570 834 1617 cum
855 1549 1020 1631 Aenred03
1050 1554 1082 1616 et
1110 1550 1179 1636 ipse
1208 1570 1279 1617 eum
1309 1550 1396 1617 dedit
1424 1552 1520 1617 matri
1547 1572 1623 1619 suae
1651 1553 1685 1618 in
1708 1554 1810 1619 servi·

631 1670 741 1733 tutem.
777 1664 909 1731 Servum
934 1684 1008 1730 vero
1032 1668 1064 1731 et
1086 1665 1256 1750 ancellum,
1286 1686 1364 1751 quos
1386 1666 1541 1733 thtrich
1563 1666 1651 1733 dedit
1672 1668 1714 1733 ad
1739 1687 1811 1734 acc-

631 1780 745 1848 clesias
768 1786 894 1847 nosnos
917 1800 1015 1867 supra
1037 1780 1138 1846 dictes
1161 1802 1219 1867 pro
1244 1783 1350 1847 enimn
1371 1780 1429 1847 filii
1453 1784 1516 1865 sui,
1541 1782 1713 1849 Willefrith
1738 1782 1811 1851 abs·
1919 1824 1920 1827 =

631 1896 706 1963 tulit
729 1902 824 1981 atque
845 1897 953 1983 rapuit
975 1896 1102 1977 iurtim;
1126 1916 1241 1963 nomen
1263 1899 1347 1963 servi
1363 1896 1490 1965 Theodo
1514 1904 1546 1965 et
1567 1918 1682 1965 nomen
1699 1900 1811 1965 uxoris

631 2014 700 2079 cius
714 2012 856 2078 Aotlind.
888 2011 989 2077 Lindo
1011 2032 1087 2077 vero
1109 2032 1235 2078 servum
1250 2019 1394 2079 nostrum
1409 2014 1556 2080 Aenreed
1571 2013 1729 2101 presbiter
1745 2018 1811 2079 tra·

631 2126 714 2193 didit
735 2146 834 2214 puero
857 2123 1083 2195 Aldberchtes¹
1106 2128 1145 2193 de
1168 2126 1391 2213 Aedemone,
1422 2148 1537 2197 nomen
1559 2127 1672 2216 Upbit,
1697 2134 1813 2197 conca

632 2263 749 2329 equum
771 2262 879 2308 unum.
914 2242 958 2307 Et
979 2241 1130 2329 Erpwine
1153 2262 1279 2309 servum
1302 2250 1462 2329 nostrum,
1490 2245 1559 2311 eliis
1581 2245 1812 2329 nescientibus,

632 2360 743 2425 rurum
770 2363 863 2425 nocte
892 2356 1023 2424 abstulit
1051 2378 1122 2425 cum
1152 2359 1326 2442 nonaginta
1354 2366 1386 2427 et
1408 2366 1542 2445 quatuor
1564 2361 1685 2448 porciu
1715 2382 1811 2446 quem

633 2474 763 2541 Hredun
786 2472 874 2539 dedit
896 2472 937 2539 ed
959 2472 1122 2539 eeclesiam
1142 2479 1293 2541 nostram.
1328 2474 1371 2541 Et
1387 2476 1485 2543 altera
1500 2477 1568 2543 uice
1583 2476 1716 2543 abstulit
1730 2478 1812 2543 duos

634 2606 741 2656 servos
764 2593 890 2655 nostros
906 2587 1029 2655 Zeizoli
1047 2595 1080 2655 et
1094 2588 1269 2672 Zeizbelm3
1294 2596 1326 2657 et
1349 2592 1452 2677 primo
1476 2598 1610 2677 quatuor
1631 2592 1729 2659 boves
1754 2614 1813 2659 no-

634 2710 728 2788 stros,
751 2705 887 2772 secundo
910 2709 987 2789 tres,
1010 2711 1043 2771 et
1063 2705 1235 2772 novissime
1258 2711 1328 2771 octo
1351 2726 1462 2773 vaccas
1485 2728 1556 2773 cum
1579 2714 1702 2794 septem
1720 2708 1813 2775 bobi-

634 2819 709 2904 bus,
737 2819 894 2886 iumentos
922 2840 997 2886 vero
1025 2826 1149 2907 septem
1177 2823 1329 2908 optimas,
1359 2828 1462 2889 aetate
1485 2827 1619 2908 quatuor
1642 2842 1813 2907 annorum,

635 2956 713 3021 quas
737 2935 825 3003 dedit
839 2934 963 3003 Wenilo
988 2936 1027 3002 ed
1051 2936 1199 3003 ecclesias
1222 2938 1452 3023 supradictas.
1487 2936 1657 3005 Willefrith
1678 2938 1814 3005 abstulit

634 3057 668 3119 et
688 3050 805 3117 multos
829 3051 907 3117 alios
931 3072 1027 3136 equos
1050 3052 1125 3118 inde
1147 3053 1294 3137 nutritos,
1318 3074 1396 3139 quos
1419 3054 1553 3120 miuavit
1575 3052 1616 3119 ad
1634 3052 1814 3121 Hamulan·

633 3163 742 3251 burg¹.
777 3166 826 3233 De
856 3187 932 3232 auro
960 3188 1035 3234 vero
1065 3168 1159 3235 etde
1182 3174 1327 3252 argento,
1358 3169 1442 3253 quod
1464 3169 1551 3235 dedit
1571 3167 1813 3257 Raegenthrytb

636 3281 702 3348 filia
716 3280 857 3348 Athuolfi
880 3282 921 3347 ad
943 3284 1091 3350 ecclesias
1114 3288 1251 3368 nostres,
1274 3284 1352 3349 dues
1376 3282 1517 3349 armillas
1540 3304 1651 3351 aureas
1670 3290 1704 3351 ei
1720 3287 1814 3369 quin·

637 3418 697 3483 qne
727 3397 822 3481 siglas
851 3417 978 3483 aureus,
1007 3400 1148 3467 volentes
1177 3400 1299 3485 praetio
1324 3404 1538 3467 trecentorum
1560 3398 1751 3487 solidorum,
1783 3408 1815 3469 ct

638 3513 771 3579 aliorum
799 3512 938 3580 fidelium
965 3516 1106 3581 virorum
1136 3534 1172 3582 ec
1200 3514 1369 3581 mulierum
1396 3517 1501 3601 pretia
1521 3514 1649 3583 Eureed
1680 3516 1815 3584 abstulit

638 3628 678 3695 ab
702 3628 841 3695 ecclesiis
864 3650 962 3717 snpra
983 3630 1075 3697 dictis
1094 3650 1157 3697 non
1173 3629 1275 3696 solum
1290 3632 1324 3696 in
1340 3651 1417 3698 suro
1432 3637 1464 3699 et
1480 3637 1618 3715 argento,
1642 3632 1699 3698 sed
1715 3634 1813 3699 etiam

635 3746 671 3813 in
692 3746 879 3813 vestimento
902 3752 935 3813 et
957 3747 1053 3812 armis
1077 3752 1110 3813 et
1131 3746 1229 3832 equis.

726 3861 790 3928 Sed
817 3862 893 3947 qnia
919 3862 1048 3946 longum
1078 3868 1141 3946 est,
1172 3867 1209 3927 ut
1236 3882 1294 3949 per
1316 3862 1457 3929 ordinem
1482 3862 1669 3949 replicemus
1692 3866 1812 3949 emme,

638 3998 719 4064 quae
745 3983 840 4064 repta
867 3984 942 4044 sunt
970 3977 1111 4045 ecclesiis
1140 3998 1237 4064 snpra
1265 3978 1358 4045 dictis
1389 3998 1426 4045 ao
1454 3978 1614 4065 spoliatis,
1643 3999 1703 4046 nec
1731 4002 1814 4066 quoe

637 4095 723 4161 faeta
750 4100 862 4160 contra
882 4094 1034 4160 canonica
1055 4094 1203 4160 instituta
1225 4100 1313 4178 sunt,
1344 4100 1449 4162 vestro
1472 4095 1671 4162 sanctissimo
1686 4096 1813 4183 ‚iudicio

639 4210 847 4277 adscribimus
870 4210 1075 4276 emendanda.

711 4392 731 4424 a
753 4378 868 4425 commitis
886 4378 914 4425 V.
991 4378 1014 4423 b.
1034 4390 1110 4424 marae
1128 4380 1155 4424 V.

712 4484 736 4537 1.
761 4480 870 4537 obbatis
887 4482 1107 4551 Epternacensis,
1125 4498 1149 4537 c.
1163 4482 1332 4537 744-7772·
1350 4484 1384 4537 V.
1397 4482 1487 4537 Gellia
1503 4482 1658 4539 Christiana
1670 4482 1736 4538 XIII
1747 4484 1812 4538 577.

642 4571 668 4625 2.
693 4570 862 4639 Hamelburg
880 4570 916 4625 od
934 4569 1027 4625 Salem
1044 4570 1080 4640 fl.‚
1099 4568 1302 4639 awnzihurgo
1321 4570 1358 4627 ud
1375 4572 1592 4641 septemtriones.
