<?xml version="1.0" encoding="UTF-8"?>
<!DOCTYPE html PUBLIC "-//W3C//DTD XHTML 1.0 Transitional//EN"
    "http://www.w3.org/TR/xhtml1/DTD/xhtml1-transitional.dtd">
<html xmlns="http://www.w3.org/1999/xhtml" xml:lang="en" lang="en">
 <head>
  <title>
</title>
<meta http-equiv="Content-Type" content="text/html;charset=utf-8" />
  <meta name='ocr-system' content='tesseract 3.04.00' />
  <meta name='ocr-capabilities' content='ocr_page ocr_carea ocr_par ocr_line ocrx_word'/>
</head>
<body>
  <div class='ocr_page' id='page_1' title='image "./monumentamogunt00lulgoog/monumentamogunt00lulgoog_0400.png"; bbox 0 0 4342 6034; ppageno 0'>
   <div class='ocr_carea' id='block_1_1' title="bbox 675 740 1530 809">
    <p class='ocr_par' dir='ltr' id='par_1_1' title="bbox 675 740 1530 809">
     <span class='ocr_line' id='line_1_1' title="bbox 675 740 1530 809; baseline -0.005 -2"><span class='ocrx_word' id='word_1_1' title='bbox 675 740 742 809; x_wconf 76' lang='lat'>382</span> <span class='ocrx_word' id='word_1_2' title='bbox 987 756 1174 805; x_wconf 76' lang='lat' dir='ltr'>ueneremur</span> <span class='ocrx_word' id='word_1_3' title='bbox 1195 755 1423 805; x_wconf 74' lang='lat' dir='ltr'>moourrmln</span> <span class='ocrx_word' id='word_1_4' title='bbox 1446 756 1484 804; x_wconf 73' lang='lat' dir='ltr'>er,</span> <span class='ocrx_word' id='word_1_5' title='bbox 1499 756 1530 803; x_wconf 81' lang='lat' dir='ltr'>ro</span> 
     </span>
    </p>
   </div>
   <div class='ocr_carea' id='block_1_2' title="bbox 587 894 1905 1313">
    <p class='ocr_par' dir='ltr' id='par_1_2' title="bbox 587 894 1905 1313">
     <span class='ocr_line' id='line_1_2' title="bbox 587 894 1905 983; baseline 0 -22"><span class='ocrx_word' id='word_1_6' title='bbox 587 907 655 961; x_wconf 71' lang='lat'><strong>110‘1</strong></span> <span class='ocrx_word' id='word_1_7' title='bbox 674 896 767 965; x_wconf 80' lang='lat' dir='ltr'>modo</span> <span class='ocrx_word' id='word_1_8' title='bbox 790 896 950 981; x_wconf 78' lang='lat' dir='ltr'>debemus,</span> <span class='ocrx_word' id='word_1_9' title='bbox 972 916 1151 965; x_wconf 82' lang='lat' dir='ltr'>monemur:</span> <span class='ocrx_word' id='word_1_10' title='bbox 1174 901 1223 980; x_wconf 72' lang='lat' dir='ltr'>nt,</span> <span class='ocrx_word' id='word_1_11' title='bbox 1243 896 1329 963; x_wconf 93' lang='lat' dir='ltr'>omni</span> <span class='ocrx_word' id='word_1_12' title='bbox 1343 895 1520 983; x_wconf 71' lang='lat' dir='ltr'>postposito</span> <span class='ocrx_word' id='word_1_13' title='bbox 1534 894 1743 977; x_wconf 74' lang='lat' dir='ltr'>excusatione,</span> <span class='ocrx_word' id='word_1_14' title='bbox 1762 913 1819 980; x_wconf 83' lang='lat' dir='ltr'>pre</span> <span class='ocrx_word' id='word_1_15' title='bbox 1904 903 1905 906; x_wconf 76' lang='grc'>’</span> 
     </span>
     <span class='ocr_line' id='line_1_3' title="bbox 674 1009 1820 1098; baseline -0.005 -17"><span class='ocrx_word' id='word_1_16' title='bbox 674 1014 759 1081; x_wconf 81' lang='lat' dir='ltr'>dicte</span> <span class='ocrx_word' id='word_1_17' title='bbox 779 1013 831 1080; x_wconf 86' lang='lat' dir='ltr'>die</span> <span class='ocrx_word' id='word_1_18' title='bbox 852 1011 1046 1097; x_wconf 82' lang='lat' dir='ltr'>Mogonlinm</span> <span class='ocrx_word' id='word_1_19' title='bbox 1067 1012 1218 1095; x_wconf 81' lang='lat' dir='ltr'>veuiutio3</span> <span class='ocrx_word' id='word_1_20' title='bbox 1247 1017 1294 1096; x_wconf 87' lang='lat' dir='ltr'>et,</span> <span class='ocrx_word' id='word_1_21' title='bbox 1322 1012 1352 1078; x_wconf 85' lang='lat' dir='ltr'>ei</span> <span class='ocrx_word' id='word_1_22' title='bbox 1373 1010 1478 1098; x_wconf 80' lang='lat' dir='ltr'>aliquo</span> <span class='ocrx_word' id='word_1_23' title='bbox 1503 1011 1613 1095; x_wconf 87' lang='lat' dir='ltr'>modo,</span> <span class='ocrx_word' id='word_1_24' title='bbox 1641 1010 1724 1095; x_wconf 83' lang='lat' dir='ltr'>quod</span> <span class='ocrx_word' id='word_1_25' title='bbox 1743 1009 1820 1092; x_wconf 71' lang='lat' dir='ltr'>ebrit</span> 
     </span>
     <span class='ocr_line' id='line_1_4' title="bbox 674 1126 1820 1215; baseline -0.005 -20"><span class='ocrx_word' id='word_1_26' title='bbox 674 1128 824 1197; x_wconf 79' lang='lat' dir='ltr'>eunctileo</span> <span class='ocrx_word' id='word_1_27' title='bbox 847 1133 952 1195; x_wconf 80' lang='lat' dir='ltr'>vestre</span> <span class='ocrx_word' id='word_1_28' title='bbox 973 1128 1193 1215; x_wconf 85' lang='lat' dir='ltr'>prepediutur,</span> <span class='ocrx_word' id='word_1_29' title='bbox 1218 1126 1353 1215; x_wconf 79' lang='lat' dir='ltr'>epistole</span> <span class='ocrx_word' id='word_1_30' title='bbox 1374 1132 1482 1195; x_wconf 81' lang='lat' dir='ltr'>veetru</span> <span class='ocrx_word' id='word_1_31' title='bbox 1503 1146 1692 1195; x_wconf 70' lang='lat' dir='ltr'>eonsensum</span> <span class='ocrx_word' id='word_1_32' title='bbox 1712 1131 1742 1192; x_wconf 88' lang='lat' dir='ltr'>et</span> <span class='ocrx_word' id='word_1_33' title='bbox 1759 1144 1820 1191; x_wconf 90' lang='lat' dir='ltr'>con-</span> 
     </span>
     <span class='ocr_line' id='line_1_5' title="bbox 674 1243 1193 1313; baseline -0.002 -1"><span class='ocrx_word' id='word_1_34' title='bbox 674 1245 781 1312; x_wconf 82' lang='lat' dir='ltr'>silium</span> <span class='ocrx_word' id='word_1_35' title='bbox 802 1244 893 1313; x_wconf 86' lang='lat' dir='ltr'>nobie</span> <span class='ocrx_word' id='word_1_36' title='bbox 915 1248 1055 1311; x_wconf 74' lang='lat' dir='ltr'>vestrum</span> <span class='ocrx_word' id='word_1_37' title='bbox 1077 1243 1193 1311; x_wconf 76' lang='lat' dir='ltr'>mittut</span> 
     </span>
    </p>
   </div>
   <div class='ocr_carea' id='block_1_3' title="bbox 677 1452 1824 1755">
    <p class='ocr_par' dir='ltr' id='par_1_3' title="bbox 677 1452 1824 1755">
     <span class='ocr_line' id='line_1_6' title="bbox 677 1452 1823 1540; baseline -0.008 -13"><span class='ocrx_word' id='word_1_38' title='bbox 677 1454 738 1527; x_wconf 86' lang='lat'>35.</span> <span class='ocrx_word' id='word_1_39' title='bbox 762 1458 962 1523; x_wconf 63' lang='lat' dir='ltr'>Monaedes</span> <span class='ocrx_word' id='word_1_40' title='bbox 986 1458 1095 1523; x_wconf 82' lang='lat' dir='ltr'>electue</span> <span class='ocrx_word' id='word_1_41' title='bbox 1113 1457 1388 1523; x_wconf 72' lang='lat' dir='ltr'>Hallmradmeo</span> <span class='ocrx_word' id='word_1_42' title='bbox 1406 1452 1702 1523; x_wconf 66' lang='lat' dir='ltr'>acceleraturum</span> <span class='ocrx_word' id='word_1_43' title='bbox 1719 1457 1823 1540; x_wconf 75' lang='lat' dir='ltr'>epiceo-</span> 
     </span>
     <span class='ocr_line' id='line_1_7' title="bbox 761 1570 1824 1661; baseline -0.004 -22"><span class='ocrx_word' id='word_1_44' title='bbox 761 1596 839 1661; x_wconf 80' lang='lat' dir='ltr'>pum</span> <span class='ocrx_word' id='word_1_45' title='bbox 854 1572 1118 1657; x_wconf 72' lang='lat' dir='ltr'>Corutaotieneem</span> <span class='ocrx_word' id='word_1_46' title='bbox 1136 1584 1238 1659; x_wconf 74' lang='lat' dir='ltr'>repat,</span> <span class='ocrx_word' id='word_1_47' title='bbox 1262 1584 1298 1639; x_wconf 76' lang='lat' dir='ltr'>ut</span> <span class='ocrx_word' id='word_1_48' title='bbox 1312 1573 1497 1660; x_wconf 76' lang='lat' dir='ltr'>Mopuocioe</span> <span class='ocrx_word' id='word_1_49' title='bbox 1510 1572 1562 1635; x_wconf 78' lang='lat' dir='ltr'>die</span> <span class='ocrx_word' id='word_1_50' title='bbox 1576 1570 1619 1636; x_wconf 90' lang='grc'>31</span> <span class='ocrx_word' id='word_1_51' title='bbox 1635 1570 1750 1635; x_wconf 76' lang='lat' dir='ltr'>Marcii</span> <span class='ocrx_word' id='word_1_52' title='bbox 1762 1591 1824 1636; x_wconf 83' lang='lat' dir='ltr'>coe·</span> 
     </span>
     <span class='ocr_line' id='line_1_8' title="bbox 762 1691 1198 1755; baseline -0.002 -1"><span class='ocrx_word' id='word_1_53' title='bbox 762 1692 931 1755; x_wconf 65' lang='lat' dir='ltr'>eeerononi</span> <span class='ocrx_word' id='word_1_54' title='bbox 951 1712 1027 1754; x_wconf 73' lang='lat' dir='ltr'>eme</span> <span class='ocrx_word' id='word_1_55' title='bbox 1047 1691 1198 1755; x_wconf 73' lang='lat' dir='ltr'>iuteree&#39;l&#39;.</span> 
     </span>
    </p>
   </div>
   <div class='ocr_carea' id='block_1_4' title="bbox 588 1818 1906 4449">
    <p class='ocr_par' dir='ltr' id='par_1_4' title="bbox 588 1818 1905 2141">
     <span class='ocr_line' id='line_1_9' title="bbox 588 1818 1826 1905; baseline -0.006 -14"><span class='ocrx_word' id='word_1_56' title='bbox 588 1837 656 1892; x_wconf 72' lang='lat'>1107</span> <span class='ocrx_word' id='word_1_57' title='bbox 761 1822 947 1889; x_wconf 75' lang='lat' dir='ltr'>Venerando</span> <span class='ocrx_word' id='word_1_58' title='bbox 977 1826 1009 1888; x_wconf 87' lang='lat' dir='ltr'>et</span> <span class='ocrx_word' id='word_1_59' title='bbox 1036 1820 1193 1905; x_wconf 78' lang='lat' dir='ltr'>diligendo</span> <span class='ocrx_word' id='word_1_60' title='bbox 1219 1821 1253 1886; x_wconf 93' lang='lat' dir='ltr'>in</span> <span class='ocrx_word' id='word_1_61' title='bbox 1276 1820 1400 1886; x_wconf 78' lang='lat' dir='ltr'>Christo</span> <span class='ocrx_word' id='word_1_62' title='bbox 1423 1818 1494 1886; x_wconf 81' lang='lat' dir='ltr'>Iesu</span> <span class='ocrx_word' id='word_1_63' title='bbox 1515 1818 1751 1885; x_wconf 80' lang='lat' dir='ltr'>Constantienei</span> <span class='ocrx_word' id='word_1_64' title='bbox 1771 1818 1826 1904; x_wconf 82' lang='lat' dir='ltr'>epi</span> 
     </span>
     <span class='ocr_line' id='line_1_10' title="bbox 674 1932 1828 2024; baseline -0.003 -19"><span class='ocrx_word' id='word_1_65' title='bbox 674 1956 768 2024; x_wconf 80' lang='lat' dir='ltr'>scopo</span> <span class='ocrx_word' id='word_1_66' title='bbox 796 1936 980 2005; x_wconf 84' lang='lat' dir='ltr'>Gebehcrdo</span> <span class='ocrx_word' id='word_1_67' title='bbox 1008 1936 1221 2019; x_wconf 75' lang='lat' dir='ltr'>Reinhurllue‚</span> <span class='ocrx_word' id='word_1_68' title='bbox 1254 1934 1529 2003; x_wconf 79' lang='lat' dir='ltr'>Helberetodeneie</span> <span class='ocrx_word' id='word_1_69' title='bbox 1563 1932 1693 2001; x_wconf 74' lang='lat' dir='ltr'>ecclesie</span> <span class='ocrx_word' id='word_1_70' title='bbox 1723 1932 1828 2001; x_wconf 75' lang='lat' dir='ltr'>electro</span> 
     </span>
     <span class='ocr_line' id='line_1_11' title="bbox 675 2050 1905 2141; baseline -0.003 -20"><span class='ocrx_word' id='word_1_71' title='bbox 675 2054 851 2141; x_wconf 81' lang='lat' dir='ltr'>epiecopus,</span> <span class='ocrx_word' id='word_1_72' title='bbox 874 2073 908 2121; x_wconf 85' lang='lat' dir='ltr'>ee</span> <span class='ocrx_word' id='word_1_73' title='bbox 931 2058 963 2119; x_wconf 89' lang='lat' dir='ltr'>et</span> <span class='ocrx_word' id='word_1_74' title='bbox 984 2054 1092 2119; x_wconf 83' lang='lat' dir='ltr'>omnia</span> <span class='ocrx_word' id='word_1_75' title='bbox 1113 2072 1171 2119; x_wconf 81' lang='lat' dir='ltr'>eun</span> <span class='ocrx_word' id='word_1_76' title='bbox 1191 2053 1226 2119; x_wconf 92' lang='lat' dir='ltr'>in</span> <span class='ocrx_word' id='word_1_77' title='bbox 1248 2052 1394 2118; x_wconf 80' lang='lat' dir='ltr'>omnibns</span> <span class='ocrx_word' id='word_1_78' title='bbox 1416 2056 1449 2117; x_wconf 89' lang='lat' dir='ltr'>et</span> <span class='ocrx_word' id='word_1_79' title='bbox 1470 2050 1511 2116; x_wconf 82' lang='lat' dir='ltr'>nd</span> <span class='ocrx_word' id='word_1_80' title='bbox 1534 2051 1650 2117; x_wconf 81' lang='lat' dir='ltr'>omnin</span> <span class='ocrx_word' id='word_1_81' title='bbox 1904 2123 1905 2128; x_wconf 6' lang='grc' dir='ltr'>χ</span> 
     </span>
    </p>

    <p class='ocr_par' dir='ltr' id='par_1_5' title="bbox 673 2164 1906 3295">
     <span class='ocr_line' id='line_1_12' title="bbox 764 2164 1828 2253; baseline -0.005 -18"><span class='ocrx_word' id='word_1_82' title='bbox 764 2168 846 2252; x_wconf 85' lang='lat' dir='ltr'>Soio,</span> <span class='ocrx_word' id='word_1_83' title='bbox 870 2168 953 2253; x_wconf 87' lang='lat' dir='ltr'>quod</span> <span class='ocrx_word' id='word_1_84' title='bbox 976 2167 1062 2235; x_wconf 82' lang='lat' dir='ltr'>zelor</span> <span class='ocrx_word' id='word_1_85' title='bbox 1084 2168 1196 2234; x_wconf 83' lang='lat' dir='ltr'>domne</span> <span class='ocrx_word' id='word_1_86' title='bbox 1210 2168 1271 2234; x_wconf 90' lang='lat' dir='ltr'>Dei</span> <span class='ocrx_word' id='word_1_87' title='bbox 1288 2173 1321 2233; x_wconf 82' lang='lat' dir='ltr'>et</span> <span class='ocrx_word' id='word_1_88' title='bbox 1335 2167 1493 2235; x_wconf 72' lang='lat' dir='ltr'>cotidiano</span> <span class='ocrx_word' id='word_1_89' title='bbox 1507 2166 1685 2234; x_wconf 81' lang='lat' dir='ltr'>sollieitndo</span> <span class='ocrx_word' id='word_1_90' title='bbox 1701 2164 1828 2231; x_wconf 91' lang='lat' dir='ltr'>omnium</span> 
     </span>
     <span class='ocr_line' id='line_1_13' title="bbox 676 2279 1828 2369; baseline -0.005 -18"><span class='ocrx_word' id='word_1_91' title='bbox 676 2284 892 2368; x_wconf 77' lang='lat' dir='ltr'>ecclesiarum,</span> <span class='ocrx_word' id='word_1_92' title='bbox 923 2304 981 2369; x_wconf 91' lang='lat' dir='ltr'>que</span> <span class='ocrx_word' id='word_1_93' title='bbox 1009 2284 1043 2349; x_wconf 94' lang='lat' dir='ltr'>in</span> <span class='ocrx_word' id='word_1_94' title='bbox 1071 2284 1160 2349; x_wconf 82' lang='lat' dir='ltr'>vobio</span> <span class='ocrx_word' id='word_1_95' title='bbox 1187 2283 1249 2349; x_wconf 86' lang='lat' dir='ltr'>fuit</span> <span class='ocrx_word' id='word_1_96' title='bbox 1277 2288 1309 2349; x_wconf 89' lang='lat' dir='ltr'>et</span> <span class='ocrx_word' id='word_1_97' title='bbox 1336 2287 1400 2367; x_wconf 84' lang='lat' dir='ltr'>eet,</span> <span class='ocrx_word' id='word_1_98' title='bbox 1428 2282 1687 2349; x_wconf 81' lang='lat' dir='ltr'>Hulberotndenoi</span> <span class='ocrx_word' id='word_1_99' title='bbox 1712 2279 1828 2347; x_wconf 79' lang='lat' dir='ltr'>ecclesie</span> 
     </span>
     <span class='ocr_line' id='line_1_14' title="bbox 675 2396 1905 2487; baseline -0.001 -20"><span class='ocrx_word' id='word_1_100' title='bbox 675 2400 847 2487; x_wconf 88' lang='lat' dir='ltr'>propitium</span> <span class='ocrx_word' id='word_1_101' title='bbox 866 2419 931 2467; x_wconf 77' lang='lat' dir='ltr'>,voe</span> <span class='ocrx_word' id='word_1_102' title='bbox 958 2399 1063 2465; x_wconf 76' lang='lat' dir='ltr'>feriol.</span> <span class='ocrx_word' id='word_1_103' title='bbox 1099 2398 1189 2465; x_wconf 87' lang='lat' dir='ltr'>Unde</span> <span class='ocrx_word' id='word_1_104' title='bbox 1212 2405 1244 2465; x_wconf 83' lang='lat' dir='ltr'>el</span> <span class='ocrx_word' id='word_1_105' title='bbox 1265 2398 1400 2465; x_wconf 88' lang='lat' dir='ltr'>multum</span> <span class='ocrx_word' id='word_1_106' title='bbox 1422 2418 1553 2485; x_wconf 84' lang='lat' dir='ltr'>eperum</span> <span class='ocrx_word' id='word_1_107' title='bbox 1575 2398 1615 2465; x_wconf 86' lang='lat' dir='ltr'>de</span> <span class='ocrx_word' id='word_1_108' title='bbox 1637 2396 1720 2463; x_wconf 78' lang='lat' dir='ltr'>tanti</span> <span class='ocrx_word' id='word_1_109' title='bbox 1741 2396 1827 2483; x_wconf 78' lang='lat' dir='ltr'>patrio</span> <span class='ocrx_word' id='word_1_110' title='bbox 1904 2463 1905 2466; x_wconf 74' lang='grc'>,</span> 
     </span>
     <span class='ocr_line' id='line_1_15' title="bbox 674 2512 1906 2601; baseline 0 -19"><span class='ocrx_word' id='word_1_111' title='bbox 674 2514 895 2599; x_wconf 72' lang='lat' dir='ltr'>benivolentia,</span> <span class='ocrx_word' id='word_1_112' title='bbox 919 2515 993 2601; x_wconf 84' lang='lat' dir='ltr'>quie</span> <span class='ocrx_word' id='word_1_113' title='bbox 1014 2534 1070 2581; x_wconf 84' lang='lat' dir='ltr'>voe</span> <span class='ocrx_word' id='word_1_114' title='bbox 1093 2513 1266 2581; x_wconf 75' lang='lat' dir='ltr'>seeundum</span> <span class='ocrx_word' id='word_1_115' title='bbox 1280 2514 1459 2601; x_wconf 82' lang='lat' dir='ltr'>npoetolnm</span> <span class='ocrx_word' id='word_1_116' title='bbox 1473 2512 1607 2581; x_wconf 76' lang='lat' dir='ltr'>Paulum</span> <span class='ocrx_word' id='word_1_117' title='bbox 1622 2512 1767 2584; x_wconf 84' lang='lat' dir='ltr'>omnibus</span> <span class='ocrx_word' id='word_1_118' title='bbox 1779 2512 1828 2577; x_wconf 89' lang='lat' dir='ltr'>im·</span> <span class='ocrx_word' id='word_1_119' title='bbox 1904 2579 1906 2582; x_wconf 81' lang='grc'><strong>,</strong></span> 
     </span>
     <span class='ocr_line' id='line_1_16' title="bbox 674 2624 1905 2717; baseline 0.001 -20"><span class='ocrx_word' id='word_1_120' title='bbox 674 2630 812 2717; x_wconf 83' lang='lat' dir='ltr'><strong>penditis</strong></span> <span class='ocrx_word' id='word_1_121' title='bbox 841 2634 873 2697; x_wconf 86' lang='lat' dir='ltr'>et</span> <span class='ocrx_word' id='word_1_122' title='bbox 901 2629 1178 2717; x_wconf 84' lang='lat' dir='ltr'>superimpenditio</span> <span class='ocrx_word' id='word_1_123' title='bbox 1187 2624 1205 2713; x_wconf 87' lang='lat'>¹,</span> <span class='ocrx_word' id='word_1_124' title='bbox 1235 2630 1277 2696; x_wconf 85' lang='lat' dir='ltr'>nd</span> <span class='ocrx_word' id='word_1_125' title='bbox 1297 2630 1563 2698; x_wconf 78' lang='lat' dir='ltr'>consecrationem</span> <span class='ocrx_word' id='word_1_126' title='bbox 1585 2649 1689 2697; x_wconf 81' lang='lat' dir='ltr'>meum</span> <span class='ocrx_word' id='word_1_127' title='bbox 1713 2632 1734 2695; x_wconf 80' lang='lat'><strong>2</strong></span> <span class='ocrx_word' id='word_1_128' title='bbox 1757 2624 1829 2695; x_wconf 69' lang='lat' dir='ltr'>Kal*</span> <span class='ocrx_word' id='word_1_129' title='bbox 1904 2695 1905 2698; x_wconf 74' lang='grc'>,</span> 
     </span>
     <span class='ocr_line' id='line_1_17' title="bbox 674 2742 1830 2833; baseline -0.005 -20"><span class='ocrx_word' id='word_1_130' title='bbox 674 2742 813 2833; x_wconf 83' lang='lat' dir='ltr'>Aprilio¹</span> <span class='ocrx_word' id='word_1_131' title='bbox 835 2744 994 2829; x_wconf 77' lang='lat' dir='ltr'>Mogonlie</span> <span class='ocrx_word' id='word_1_132' title='bbox 1020 2766 1078 2833; x_wconf 91' lang='lat' dir='ltr'>pro</span> <span class='ocrx_word' id='word_1_133' title='bbox 1107 2745 1273 2813; x_wconf 75' lang='lat' dir='ltr'>dilectione</span> <span class='ocrx_word' id='word_1_134' title='bbox 1294 2745 1357 2813; x_wconf 89' lang='lat' dir='ltr'>Dei</span> <span class='ocrx_word' id='word_1_135' title='bbox 1384 2750 1418 2813; x_wconf 85' lang='lat' dir='ltr'>et</span> <span class='ocrx_word' id='word_1_136' title='bbox 1443 2745 1629 2813; x_wconf 75' lang='lat' dir='ltr'>liberatione</span> <span class='ocrx_word' id='word_1_137' title='bbox 1657 2744 1786 2812; x_wconf 77' lang='lat' dir='ltr'>ecclesie</span> <span class='ocrx_word' id='word_1_138' title='bbox 1805 2748 1830 2809; x_wconf 86' lang='lat' dir='ltr'>et</span> 
     </span>
     <span class='ocr_line' id='line_1_18' title="bbox 674 2859 1905 2949; baseline -0.003 -21"><span class='ocrx_word' id='word_1_139' title='bbox 674 2867 820 2949; x_wconf 73' lang='lat' dir='ltr'>respectu</span> <span class='ocrx_word' id='word_1_140' title='bbox 841 2862 962 2929; x_wconf 85' lang='lat' dir='ltr'>servitii</span> <span class='ocrx_word' id='word_1_141' title='bbox 984 2862 1048 2929; x_wconf 89' lang='lat' dir='ltr'>mei</span> <span class='ocrx_word' id='word_1_142' title='bbox 1069 2881 1126 2929; x_wconf 85' lang='lat' dir='ltr'>voe</span> <span class='ocrx_word' id='word_1_143' title='bbox 1147 2881 1244 2949; x_wconf 81' lang='lat' dir='ltr'>posco</span> <span class='ocrx_word' id='word_1_144' title='bbox 1266 2862 1390 2944; x_wconf 83' lang='lat' dir='ltr'>venirc3</span> <span class='ocrx_word' id='word_1_145' title='bbox 1413 2862 1490 2947; x_wconf 84' lang='lat' dir='ltr'>quio</span> <span class='ocrx_word' id='word_1_146' title='bbox 1510 2880 1619 2927; x_wconf 83' lang='lat' dir='ltr'>omues</span> <span class='ocrx_word' id='word_1_147' title='bbox 1640 2860 1700 2927; x_wconf 89' lang='lat' dir='ltr'>lilii</span> <span class='ocrx_word' id='word_1_148' title='bbox 1712 2859 1828 2927; x_wconf 77' lang='lat' dir='ltr'>ecclene</span> <span class='ocrx_word' id='word_1_149' title='bbox 1903 2941 1905 2946; x_wconf 21' lang='lat'><strong>⁴</strong></span> 
     </span>
     <span class='ocr_line' id='line_1_19' title="bbox 673 2963 1905 3061; baseline -0.003 -16"><span class='ocrx_word' id='word_1_150' title='bbox 673 2978 708 3045; x_wconf 93' lang='lat' dir='ltr'>in</span> <span class='ocrx_word' id='word_1_151' title='bbox 734 2978 868 3061; x_wconf 80' lang='lat' dir='ltr'>negotiis</span> <span class='ocrx_word' id='word_1_152' title='bbox 890 2977 1019 3045; x_wconf 83' lang='lat' dir='ltr'>ecclesie</span> <span class='ocrx_word' id='word_1_153' title='bbox 1041 2983 1182 3045; x_wconf 82' lang='lat' dir='ltr'>vestrum</span> <span class='ocrx_word' id='word_1_154' title='bbox 1204 2976 1356 3043; x_wconf 77' lang='lat' dir='ltr'>currilium</span> <span class='ocrx_word' id='word_1_155' title='bbox 1379 2982 1412 3045; x_wconf 85' lang='lat' dir='ltr'>et</span> <span class='ocrx_word' id='word_1_156' title='bbox 1433 2976 1599 3043; x_wconf 81' lang='lat' dir='ltr'>eonsilium</span> <span class='ocrx_word' id='word_1_157' title='bbox 1621 2976 1763 3046; x_wconf 78' lang='lat' dir='ltr'>iudicum</span> <span class='ocrx_word' id='word_1_158' title='bbox 1782 2994 1828 3061; x_wconf 83' lang='lat' dir='ltr'>po</span> <span class='ocrx_word' id='word_1_159' title='bbox 1904 2963 1905 3056; x_wconf 25' lang='grc' dir='ltr'>ᾗ</span> 
     </span>
     <span class='ocr_line' id='line_1_20' title="bbox 674 3090 1905 3181; baseline -0.003 -22"><span class='ocrx_word' id='word_1_160' title='bbox 674 3092 855 3161; x_wconf 83' lang='lat' dir='ltr'>otolundum</span> <span class='ocrx_word' id='word_1_161' title='bbox 877 3112 955 3161; x_wconf 86' lang='lat' dir='ltr'>esse.</span> <span class='ocrx_word' id='word_1_162' title='bbox 990 3092 1120 3160; x_wconf 81' lang='lat' dir='ltr'>Certum</span> <span class='ocrx_word' id='word_1_163' title='bbox 1142 3098 1200 3178; x_wconf 69' lang='lat' dir='ltr'>eet,</span> <span class='ocrx_word' id='word_1_164' title='bbox 1227 3093 1302 3178; x_wconf 81' lang='lat' dir='ltr'>quio</span> <span class='ocrx_word' id='word_1_165' title='bbox 1324 3092 1460 3181; x_wconf 79' lang='lat' dir='ltr'>Spiritus</span> <span class='ocrx_word' id='word_1_166' title='bbox 1482 3098 1621 3177; x_wconf 76' lang='lat' dir='ltr'>conclus,</span> <span class='ocrx_word' id='word_1_167' title='bbox 1643 3092 1699 3178; x_wconf 87' lang='lat' dir='ltr'>qui</span> <span class='ocrx_word' id='word_1_168' title='bbox 1720 3090 1828 3159; x_wconf 72' lang='lat' dir='ltr'>hunino</span> <span class='ocrx_word' id='word_1_169' title='bbox 1904 3161 1905 3164; x_wconf 48' lang='lat'>,</span> 
     </span>
     <span class='ocr_line' id='line_1_21' title="bbox 673 3187 1827 3295; baseline -0.003 -20"><span class='ocrx_word' id='word_1_170' title='bbox 673 3210 708 3275; x_wconf 90' lang='lat' dir='ltr'>in</span> <span class='ocrx_word' id='word_1_171' title='bbox 729 3208 829 3293; x_wconf 80' lang='lat' dir='ltr'>vobio,</span> <span class='ocrx_word' id='word_1_172' title='bbox 850 3207 992 3294; x_wconf 88' lang='lat' dir='ltr'>perficiet</span> <span class='ocrx_word' id='word_1_173' title='bbox 1013 3210 1048 3275; x_wconf 92' lang='lat' dir='ltr'>in</span> <span class='ocrx_word' id='word_1_174' title='bbox 1069 3187 1158 3276; x_wconf 81' lang='lat' dir='ltr'>vobis</span> <span class='ocrx_word' id='word_1_175' title='bbox 1180 3229 1260 3295; x_wconf 85' lang='lat' dir='ltr'>opue</span> <span class='ocrx_word' id='word_1_176' title='bbox 1284 3209 1411 3293; x_wconf 73' lang='lat' dir='ltr'>bonum,</span> <span class='ocrx_word' id='word_1_177' title='bbox 1434 3209 1518 3295; x_wconf 89' lang='lat' dir='ltr'>quod</span> <span class='ocrx_word' id='word_1_178' title='bbox 1539 3208 1655 3295; x_wconf 91' lang='lat' dir='ltr'>incepi.</span> <span class='ocrx_word' id='word_1_179' title='bbox 1690 3206 1771 3275; x_wconf 83' lang='lat' dir='ltr'>Nom</span> <span class='ocrx_word' id='word_1_180' title='bbox 1787 3205 1827 3271; x_wconf 90' lang='lat' dir='ltr'>lu·</span> 
     </span>
    </p>

    <p class='ocr_par' dir='ltr' id='par_1_6' title="bbox 591 3324 1828 4449">
     <span class='ocr_line' id='line_1_22' title="bbox 591 3324 1828 3409; baseline 0 -18"><span class='ocrx_word' id='word_1_181' title='bbox 591 3370 594 3377; x_wconf 84' lang='lat'>-</span> <span class='ocrx_word' id='word_1_182' title='bbox 674 3344 748 3393; x_wconf 89' lang='lat' dir='ltr'>men</span> <span class='ocrx_word' id='word_1_183' title='bbox 769 3324 911 3391; x_wconf 71' lang='lat' dir='ltr'>veritatis</span> <span class='ocrx_word' id='word_1_184' title='bbox 925 3325 1118 3409; x_wconf 82' lang='lat' dir='ltr'>verbumque</span> <span class='ocrx_word' id='word_1_185' title='bbox 1138 3324 1269 3409; x_wconf 72' lang='lat' dir='ltr'>iustitie,</span> <span class='ocrx_word' id='word_1_186' title='bbox 1292 3324 1376 3409; x_wconf 84' lang='lat' dir='ltr'>quod</span> <span class='ocrx_word' id='word_1_187' title='bbox 1397 3324 1533 3393; x_wconf 79' lang='lat' dir='ltr'>burbono</span> <span class='ocrx_word' id='word_1_188' title='bbox 1552 3344 1631 3408; x_wconf 78' lang='lat' dir='ltr'>geno</span> <span class='ocrx_word' id='word_1_189' title='bbox 1652 3329 1761 3391; x_wconf 79' lang='lat' dir='ltr'>noetm</span> <span class='ocrx_word' id='word_1_190' title='bbox 1779 3340 1828 3409; x_wconf 82' lang='lat' dir='ltr'>per</span> 
     </span>
     <span class='ocr_line' id='line_1_23' title="bbox 675 3436 1827 3527; baseline -0.002 -20"><span class='ocrx_word' id='word_1_191' title='bbox 675 3454 731 3507; x_wconf 84' lang='lat' dir='ltr'>voe</span> <span class='ocrx_word' id='word_1_192' title='bbox 752 3439 869 3507; x_wconf 86' lang='lat' dir='ltr'>memit</span> <span class='ocrx_word' id='word_1_193' title='bbox 889 3460 1091 3525; x_wconf 77' lang='lat' dir='ltr'>cognoscere,</span> <span class='ocrx_word' id='word_1_194' title='bbox 1118 3460 1175 3527; x_wconf 89' lang='lat' dir='ltr'>per</span> <span class='ocrx_word' id='word_1_195' title='bbox 1197 3460 1253 3507; x_wconf 82' lang='lat' dir='ltr'>roo</span> <span class='ocrx_word' id='word_1_196' title='bbox 1275 3440 1376 3507; x_wconf 81' lang='lat' dir='ltr'>discet</span> <span class='ocrx_word' id='word_1_197' title='bbox 1396 3440 1537 3525; x_wconf 75' lang='lat' dir='ltr'>diligere.</span> <span class='ocrx_word' id='word_1_198' title='bbox 1628 3440 1714 3507; x_wconf 84' lang='lat' dir='ltr'>Ante</span> <span class='ocrx_word' id='word_1_199' title='bbox 1735 3436 1827 3505; x_wconf 78' lang='lat' dir='ltr'>omnir</span> 
     </span>
     <span class='ocr_line' id='line_1_24' title="bbox 675 3553 1826 3643; baseline -0.005 -20"><span class='ocrx_word' id='word_1_200' title='bbox 675 3574 732 3623; x_wconf 84' lang='lat' dir='ltr'>voe</span> <span class='ocrx_word' id='word_1_201' title='bbox 761 3556 842 3621; x_wconf 84' lang='lat' dir='ltr'>scire</span> <span class='ocrx_word' id='word_1_202' title='bbox 869 3554 956 3640; x_wconf 83' lang='lat' dir='ltr'>volo,</span> <span class='ocrx_word' id='word_1_203' title='bbox 985 3556 1069 3641; x_wconf 90' lang='lat' dir='ltr'>quod</span> <span class='ocrx_word' id='word_1_204' title='bbox 1091 3555 1133 3621; x_wconf 81' lang='lat' dir='ltr'>od</span> <span class='ocrx_word' id='word_1_205' title='bbox 1154 3576 1233 3623; x_wconf 89' lang='lat' dir='ltr'>onue</span> <span class='ocrx_word' id='word_1_206' title='bbox 1255 3556 1424 3624; x_wconf 88' lang='lat' dir='ltr'>durieeime</span> <span class='ocrx_word' id='word_1_207' title='bbox 1446 3556 1608 3643; x_wconf 75' lang='lat' dir='ltr'>provincie</span> <span class='ocrx_word' id='word_1_208' title='bbox 1629 3556 1762 3643; x_wconf 89' lang='lat' dir='ltr'>imperio</span> <span class='ocrx_word' id='word_1_209' title='bbox 1782 3553 1826 3618; x_wconf 83' lang='lat' dir='ltr'>lo-</span> 
     </span>
     <span class='ocr_line' id='line_1_25' title="bbox 675 3670 1826 3758; baseline -0.002 -21"><span class='ocrx_word' id='word_1_210' title='bbox 675 3671 754 3737; x_wconf 90' lang='lat' dir='ltr'>mini</span> <span class='ocrx_word' id='word_1_211' title='bbox 776 3670 839 3739; x_wconf 92' lang='lat' dir='ltr'>mei</span> <span class='ocrx_word' id='word_1_212' title='bbox 860 3670 955 3756; x_wconf 78' lang='lat' dir='ltr'>regie,</span> <span class='ocrx_word' id='word_1_213' title='bbox 977 3670 1129 3740; x_wconf 78' lang='lat' dir='ltr'>violentie</span> <span class='ocrx_word' id='word_1_214' title='bbox 1148 3671 1339 3758; x_wconf 80' lang='lat' dir='ltr'>principum,</span> <span class='ocrx_word' id='word_1_215' title='bbox 1361 3671 1471 3739; x_wconf 77' lang='lat' dir='ltr'>nolens</span> <span class='ocrx_word' id='word_1_216' title='bbox 1493 3677 1526 3739; x_wconf 88' lang='lat' dir='ltr'>et</span> <span class='ocrx_word' id='word_1_217' title='bbox 1539 3671 1717 3739; x_wconf 74' lang='lat' dir='ltr'>reclamem</span> <span class='ocrx_word' id='word_1_218' title='bbox 1730 3673 1826 3757; x_wconf 84' lang='lat' dir='ltr'>ruptm</span> 
     </span>
     <span class='ocr_line' id='line_1_26' title="bbox 676 3784 1825 3873; baseline -0.001 -18"><span class='ocrx_word' id='word_1_219' title='bbox 676 3806 755 3855; x_wconf 88' lang='lat' dir='ltr'>eum.</span> <span class='ocrx_word' id='word_1_220' title='bbox 846 3784 964 3853; x_wconf 81' lang='lat' dir='ltr'>lterum</span> <span class='ocrx_word' id='word_1_221' title='bbox 985 3786 1125 3853; x_wconf 79' lang='lat' dir='ltr'>lacrimis</span> <span class='ocrx_word' id='word_1_222' title='bbox 1147 3792 1181 3855; x_wconf 85' lang='lat' dir='ltr'>et</span> <span class='ocrx_word' id='word_1_223' title='bbox 1200 3786 1407 3872; x_wconf 76' lang='lat' dir='ltr'>clamoribus,</span> <span class='ocrx_word' id='word_1_224' title='bbox 1429 3787 1543 3872; x_wconf 75' lang='lat' dir='ltr'>quibus</span> <span class='ocrx_word' id='word_1_225' title='bbox 1565 3787 1679 3855; x_wconf 80' lang='lat' dir='ltr'>absono</span> <span class='ocrx_word' id='word_1_226' title='bbox 1700 3802 1825 3873; x_wconf 76' lang='lat' dir='ltr'>poenum,</span> 
     </span>
     <span class='ocr_line' id='line_1_27' title="bbox 675 3898 1825 3989; baseline -0.003 -20"><span class='ocrx_word' id='word_1_227' title='bbox 675 3906 712 3969; x_wconf 87' lang='lat' dir='ltr'>ul</span> <span class='ocrx_word' id='word_1_228' title='bbox 732 3901 909 3989; x_wconf 90' lang='lat' dir='ltr'>prinoipem</span> <span class='ocrx_word' id='word_1_229' title='bbox 930 3902 1060 3971; x_wconf 78' lang='lat' dir='ltr'>ecclesie</span> <span class='ocrx_word' id='word_1_230' title='bbox 1081 3924 1138 3970; x_wconf 86' lang='lat' dir='ltr'>voe</span> <span class='ocrx_word' id='word_1_231' title='bbox 1159 3922 1253 3971; x_wconf 84' lang='lat' dir='ltr'>voco:</span> <span class='ocrx_word' id='word_1_232' title='bbox 1276 3908 1313 3969; x_wconf 86' lang='lat' dir='ltr'>ut</span> <span class='ocrx_word' id='word_1_233' title='bbox 1333 3908 1439 3970; x_wconf 78' lang='lat' dir='ltr'>restro</span> <span class='ocrx_word' id='word_1_234' title='bbox 1462 3902 1594 3971; x_wconf 83' lang='lat' dir='ltr'>consilio</span> <span class='ocrx_word' id='word_1_235' title='bbox 1616 3908 1652 3971; x_wconf 88' lang='lat' dir='ltr'>et</span> <span class='ocrx_word' id='word_1_236' title='bbox 1671 3898 1825 3970; x_wconf 77' lang='lat' dir='ltr'>auxilioin</span> 
     </span>
     <span class='ocr_line' id='line_1_28' title="bbox 675 4016 1825 4105; baseline -0.003 -20"><span class='ocrx_word' id='word_1_237' title='bbox 675 4036 742 4101; x_wconf 85' lang='lat' dir='ltr'>mc,</span> <span class='ocrx_word' id='word_1_238' title='bbox 767 4016 873 4084; x_wconf 86' lang='lat' dir='ltr'>inutili</span> <span class='ocrx_word' id='word_1_239' title='bbox 893 4022 1020 4103; x_wconf 85' lang='lat' dir='ltr'>trunco,</span> <span class='ocrx_word' id='word_1_240' title='bbox 1044 4019 1127 4103; x_wconf 88' lang='lat' dir='ltr'>qnod</span> <span class='ocrx_word' id='word_1_241' title='bbox 1149 4018 1227 4087; x_wconf 85' lang='lat' dir='ltr'>utile</span> <span class='ocrx_word' id='word_1_242' title='bbox 1249 4023 1281 4087; x_wconf 84' lang='lat' dir='ltr'>et</span> <span class='ocrx_word' id='word_1_243' title='bbox 1302 4018 1470 4087; x_wconf 76' lang='lat' dir='ltr'>honestum</span> <span class='ocrx_word' id='word_1_244' title='bbox 1491 4019 1535 4085; x_wconf 84' lang='lat' dir='ltr'>eit</span> <span class='ocrx_word' id='word_1_245' title='bbox 1555 4018 1697 4103; x_wconf 74' lang='lat' dir='ltr'>ecclesie,</span> <span class='ocrx_word' id='word_1_246' title='bbox 1718 4017 1825 4105; x_wconf 75' lang='lat' dir='ltr'>pleuto</span> 
     </span>
     <span class='ocr_line' id='line_1_29' title="bbox 675 4130 1826 4223; baseline 0.003 -24"><span class='ocrx_word' id='word_1_247' title='bbox 675 4136 737 4199; x_wconf 85' lang='lat' dir='ltr'>tur.</span> <span class='ocrx_word' id='word_1_248' title='bbox 772 4130 808 4199; x_wconf 89' lang='lat' dir='ltr'>Si</span> <span class='ocrx_word' id='word_1_249' title='bbox 828 4152 919 4218; x_wconf 90' lang='lat' dir='ltr'>vero,</span> <span class='ocrx_word' id='word_1_250' title='bbox 943 4134 1027 4219; x_wconf 86' lang='lat' dir='ltr'>quod</span> <span class='ocrx_word' id='word_1_251' title='bbox 1049 4134 1147 4219; x_wconf 78' lang='lat' dir='ltr'>ebrit,</span> <span class='ocrx_word' id='word_1_252' title='bbox 1169 4140 1277 4203; x_wconf 68' lang='lat' dir='ltr'>vermo</span> <span class='ocrx_word' id='word_1_253' title='bbox 1297 4135 1460 4223; x_wconf 78' lang='lat' dir='ltr'>presentia</span> <span class='ocrx_word' id='word_1_254' title='bbox 1480 4154 1589 4201; x_wconf 85' lang='lat' dir='ltr'>curere</span> <span class='ocrx_word' id='word_1_255' title='bbox 1609 4136 1777 4220; x_wconf 76' lang='lat' dir='ltr'>contingct,</span> <span class='ocrx_word' id='word_1_256' title='bbox 1796 4133 1826 4195; x_wconf 72' lang='lat' dir='ltr'>ul</span> 
     </span>
     <span class='ocr_line' id='line_1_30' title="bbox 674 4246 1824 4339; baseline 0.011 -24"><span class='ocrx_word' id='word_1_257' title='bbox 674 4247 710 4315; x_wconf 95' lang='lat' dir='ltr'>in</span> <span class='ocrx_word' id='word_1_258' title='bbox 741 4246 875 4334; x_wconf 75' lang='lat' dir='ltr'>epistole</span> <span class='ocrx_word' id='word_1_259' title='bbox 906 4266 1092 4319; x_wconf 81' lang='lat' dir='ltr'>consensum</span> <span class='ocrx_word' id='word_1_260' title='bbox 1120 4255 1262 4319; x_wconf 80' lang='lat' dir='ltr'>vestrum</span> <span class='ocrx_word' id='word_1_261' title='bbox 1288 4250 1404 4319; x_wconf 81' lang='lat' dir='ltr'>domno</span> <span class='ocrx_word' id='word_1_262' title='bbox 1431 4250 1669 4339; x_wconf 76' lang='lat' dir='ltr'>archiepiscopo</span> <span class='ocrx_word' id='word_1_263' title='bbox 1696 4246 1824 4327; x_wconf 56' lang='grc' dir='ltr'>Μ</span> 
     </span>
     <span class='ocr_line' id='line_1_31' title="bbox 674 4361 943 4449; baseline 0.004 -19"><span class='ocrx_word' id='word_1_264' title='bbox 674 4361 836 4431; x_wconf 87' lang='lat' dir='ltr'>humiliter</span> <span class='ocrx_word' id='word_1_265' title='bbox 856 4384 943 4449; x_wconf 77' lang='lat' dir='ltr'>rogo.</span> 
     </span>
    </p>
   </div>
   <div class='ocr_carea' id='block_1_5' title="bbox 747 4556 1822 4625">
    <p class='ocr_par' dir='ltr' id='par_1_7' title="bbox 747 4556 1822 4625">
     <span class='ocr_line' id='line_1_32' title="bbox 747 4556 1822 4625; baseline 0 -20"><span class='ocrx_word' id='word_1_266' title='bbox 747 4571 767 4605; x_wconf 78' lang='grc' dir='ltr'>ι</span> <span class='ocrx_word' id='word_1_267' title='bbox 786 4558 1042 4619; x_wconf 68' lang='lat' dir='ltr'>errprop.llsslr.e‚</span> <span class='ocrx_word' id='word_1_268' title='bbox 1104 4560 1127 4607; x_wconf 85' lang='lat' dir='ltr'>lr.</span> <span class='ocrx_word' id='word_1_269' title='bbox 1142 4560 1426 4622; x_wconf 67' lang='lat' dir='ltr'>mocripsiproiduec.</span> <span class='ocrx_word' id='word_1_270' title='bbox 1451 4562 1488 4617; x_wconf 78' lang='lat' dir='ltr'>cf.</span> <span class='ocrx_word' id='word_1_271' title='bbox 1504 4556 1822 4625; x_wconf 70' lang='lat' dir='ltr'>ep.34aenelup·5.·e22</span> 
     </span>
    </p>
   </div>
   <div class='ocr_carea' id='block_1_6' title="bbox 668 4658 1821 4911">
    <p class='ocr_par' dir='ltr' id='par_1_8' title="bbox 668 4658 1821 4911">
     <span class='ocr_line' id='line_1_33' title="bbox 746 4658 1821 4733; baseline 0.005 -16"><span class='ocrx_word' id='word_1_272' title='bbox 746 4663 772 4718; x_wconf 92' lang='lat'>1.</span> <span class='ocrx_word' id='word_1_273' title='bbox 795 4661 945 4718; x_wconf 64' lang='lat' dir='ltr'>icorinth.</span> <span class='ocrx_word' id='word_1_274' title='bbox 959 4664 1001 4733; x_wconf 77' lang='lat'>12,</span> <span class='ocrx_word' id='word_1_275' title='bbox 1015 4664 1057 4718; x_wconf 79' lang='lat'>15.</span> <span class='ocrx_word' id='word_1_276' title='bbox 1146 4666 1173 4721; x_wconf 76' lang='lat'>2.</span> <span class='ocrx_word' id='word_1_277' title='bbox 1196 4664 1342 4721; x_wconf 76' lang='lat' dir='ltr'>Annoliete</span> <span class='ocrx_word' id='word_1_278' title='bbox 1358 4664 1432 4721; x_wconf 74' lang='lat' dir='ltr'>Sero</span> <span class='ocrx_word' id='word_1_279' title='bbox 1450 4664 1533 4729; x_wconf 81' lang='lat' dir='ltr'>(lien</span> <span class='ocrx_word' id='word_1_280' title='bbox 1551 4664 1645 4723; x_wconf 81' lang='lat' dir='ltr'>Germ.</span> <span class='ocrx_word' id='word_1_281' title='bbox 1665 4664 1712 4721; x_wconf 83' lang='lat' dir='ltr'>SS.</span> <span class='ocrx_word' id='word_1_282' title='bbox 1724 4658 1821 4722; x_wconf 69' lang='lat' dir='ltr'>welo)</span> 
     </span>
     <span class='ocr_line' id='line_1_34' title="bbox 676 4745 1818 4825; baseline 0 -18"><span class='ocrx_word' id='word_1_283' title='bbox 676 4752 759 4807; x_wconf 76' lang='lat'>1107:</span> <span class='ocrx_word' id='word_1_284' title='bbox 780 4750 971 4821; x_wconf 80' lang='lat' dir='ltr'>„Reinlmrdue</span> <span class='ocrx_word' id='word_1_285' title='bbox 988 4748 1226 4810; x_wconf 76' lang='lat' dir='ltr'>Helberotodenele</span> <span class='ocrx_word' id='word_1_286' title='bbox 1244 4754 1348 4811; x_wconf 80' lang='lat' dir='ltr'>elector</span> <span class='ocrx_word' id='word_1_287' title='bbox 1360 4782 1394 4795; x_wconf 88' lang='lat'><em>-</em></span> <span class='ocrx_word' id='word_1_288' title='bbox 1406 4752 1544 4825; x_wconf 75' lang='lat' dir='ltr'>Mogontle</span> <span class='ocrx_word' id='word_1_289' title='bbox 1562 4770 1581 4809; x_wconf 77' lang='lat' dir='ltr'>c</span> <span class='ocrx_word' id='word_1_290' title='bbox 1596 4752 1733 4812; x_wconf 74' lang='lat' dir='ltr'>Rothmdo</span> <span class='ocrx_word' id='word_1_291' title='bbox 1747 4745 1818 4807; x_wconf 75' lang='lat' dir='ltr'>mehi-</span> 
     </span>
     <span class='ocr_line' id='line_1_35' title="bbox 668 4840 1247 4911; baseline 0.003 -15"><span class='ocrx_word' id='word_1_292' title='bbox 668 4840 804 4911; x_wconf 79' lang='lat' dir='ltr'>·epiooopo</span> <span class='ocrx_word' id='word_1_293' title='bbox 822 4842 839 4896; x_wconf 80' lang='lat'>2</span> <span class='ocrx_word' id='word_1_294' title='bbox 857 4840 918 4896; x_wconf 85' lang='lat' dir='ltr'>Knl.</span> <span class='ocrx_word' id='word_1_295' title='bbox 938 4840 1022 4910; x_wconf 88' lang='lat' dir='ltr'>April.</span> <span class='ocrx_word' id='word_1_296' title='bbox 1042 4840 1247 4898; x_wconf 62' lang='lat' dir='ltr'>oomecrntw.</span> 
     </span>
    </p>
   </div>
   <div class='ocr_carea' id='block_1_7' title="bbox 0 0 2176 6034">
    <p class='ocr_par' dir='ltr' id='par_1_9' title="bbox 0 0 2176 6034">
     <span class='ocr_line' id='line_1_36' title="bbox 0 0 2176 6034; baseline 0 0"><span class='ocrx_word' id='word_1_297' title='bbox 0 0 2176 6034; x_wconf 95' lang='lat' dir='ltr'> </span> 
     </span>
    </p>
   </div>
  </div>
 </body>
</html>
