4342 6034
634 802 699 870 628
837 822 918 870 vira
940 823 1095 871 neroum
1117 822 1380 871 naonrnrrsoorr
1401 821 1598 869 uoouurnu

542 970 613 1024 1158
631 982 762 1050 scopum
790 964 976 1047 armaverit,
1007 963 1090 1049 quod
1118 964 1224 1049 ipsum
1247 963 1441 1030 Buroardum
1468 964 1502 1029 in
1525 964 1702 1050 episcopum
1722 982 1796 1028 con-

547 1043 605 1101 A*
630 1079 772 1146 dicerent
793 1086 826 1146 et
846 1100 905 1166 pro
923 1081 1071 1165 episcopo
1086 1079 1253 1162 haherent3
1278 1086 1311 1146 et
1325 1080 1364 1145 da
1380 1080 1454 1145 sede
1470 1079 1642 1166 episcopali
1657 1084 1687 1145 et
1700 1080 1799 1143 omni·

629 1194 688 1261 bus
704 1195 744 1261 ad
759 1196 976 1282 episcopatum
990 1194 1221 1282 pertinentibus
1237 1216 1293 1282 per
1308 1196 1505 1261 invasionem
1516 1216 1550 1261 se
1562 1195 1800 1273 intromitterat3

631 1310 782 1377 officiatos
806 1317 838 1377 et
859 1312 998 1377 iustitias
1021 1312 1220 1397 episcopatus
1244 1310 1440 1377 subverteret
1462 1316 1495 1377 et
1517 1332 1591 1377 suas
1614 1312 1801 1397 imponeret3

629 1425 771 1492 hominia
791 1426 963 1493 multomm
984 1427 1155 1515 reciperet3
1180 1431 1366 1512 cogeretque
1382 1449 1440 1513 per
1455 1426 1657 1493 violentiam·
1672 1426 1802 1505 multos;

632 1541 824 1627 haberetque
847 1564 882 1608 se
904 1543 938 1608 in
959 1542 1150 1629 episcopalib
1165 1542 1253 1608 curia
1267 1548 1358 1627 gestu
1373 1544 1521 1628 omnique
1535 1543 1707 1609 festivitate
1721 1543 1805 1607 sicut

629 1656 847 1741 Mogontinus3
864 1659 1028 1745 omnisque
1044 1660 1155 1725 civitas
1172 1658 1277 1724 oculos
1293 1660 1327 1723 in
1342 1658 1446 1745 ipsum
1457 1658 1604 1737 haheret3
1620 1660 1685 1745 ipsi
1699 1663 1805 1723 autam

628 1771 687 1839 lilii
708 1773 848 1858 llengoti
877 1775 1021 1841 homines
1044 1780 1076 1841 et
1099 1774 1320 1840 ministeriales
1345 1780 1376 1839 et
1398 1773 1526 1840 colonos
1550 1774 1680 1841 ecclesie
1702 1775 1806 1861 cepis·

630 1896 701 1955 sent
726 1892 1016 1977 captivassentque,
1045 1895 1077 1957 et
1104 1910 1216 1975 graves
1244 1891 1373 1977 rapinas
1403 1890 1437 1955 in
1459 1890 1546 1977 ipsos
1570 1896 1603 1956 et
1624 1892 1806 1957 exactiones

630 2008 853 2090 exercuissent,
877 2006 1087 2092 precipientes
1109 2006 1144 2071 in
1166 2006 1310 2089 civitate3
1334 2007 1397 2093 ipsi
1416 2006 1539 2090 civitas,
1563 2006 1626 2092 ipsi
1642 2007 1807 2093 episcopa-

629 2126 698 2205 tus,
728 2124 835 2188 omnia
863 2123 897 2187 in
926 2122 1070 2188 omnibus
1100 2122 1133 2187 in
1162 2122 1290 2190 civitate
1313 2128 1434 2203 essent3
1465 2122 1571 2203 aulam
1593 2122 1807 2209 episcopalem

629 2238 783 2318 avunculo
806 2258 874 2319 suo,
898 2258 990 2322 quem
1015 2238 1198 2325 episcopum
1221 2244 1394 2322 oraarant⁰,
1418 2238 1518 2304 multa
1536 2238 1672 2304 elatione
1686 2238 1808 2304 facien-

629 2360 687 2420 tes.
778 2352 974 2419 Venerabilis
998 2359 1103 2419 autem
1127 2355 1308 2442 episcopus,
1341 2354 1419 2421 bene
1444 2354 1504 2420 sihi
1526 2356 1685 2437 conscius,
1710 2352 1809 2421 tidem

628 2469 817 2535 relationum
840 2469 945 2535 verbis
969 2469 1070 2535 adhuc
1092 2476 1234 2556 prestare
1257 2470 1393 2555 nolebat,
1417 2470 1517 2536 donoc
1539 2490 1630 2536 suam
1653 2472 1698 2537 eie
1716 2470 1810 2537 exhi-

628 2585 735 2651 heretd
758 2585 960 2672 presentiam,
984 2584 1157 2651 secundum
1181 2587 1371 2672 scripturam
1386 2584 1514 2653 Domini
1539 2587 1711 2653 dicentem:
1736 2588 1809 2653 De-

629 2704 775 2767 scendom
798 2715 825 2766 et
847 2702 968 2782 videbo,
992 2711 1114 2767 utrum·
1138 2704 1306 2769 clamorem
1328 2725 1447 2783 corum,
1472 2706 1529 2789 qui
1543 2718 1669 2769 veneat
1683 2706 1731 2769 ad
1745 2726 1810 2783 mc,

631 2840 725 2905 opere
747 2819 984 2905 compleveris&
1007 2842 1050 2883 an
1072 2842 1136 2883 non
1161 2832 1205 2885 eat
1226 2822 1287 2899 ito,
1311 2832 1347 2883 ut
1367 2822 1466 2884 scium
1475 2814 1493 2883 ¹.

718 2933 849 2999 Interim
877 2939 984 2999 autem
1007 2935 1130 3018 questio
1153 2953 1258 2999 coram
1282 2934 1441 3020 imperiali
1464 2936 1624 3020 presentia
1646 2934 1683 3001 de
1708 2934 1811 3001 hene·

629 3046 709 3114 ficiis
736 3049 896 3136 ipsorum,
926 3050 980 3134 qui
1008 3050 1120 3115 militie
1149 3049 1308 3136 stipendia
1336 3056 1592 3137 contempserunt
1613 3048 1810 3137 persolvere,

630 3164 760 3230 suborta
781 3170 839 3230 est.
874 3164 917 3230 Et
940 3166 1053 3231 exinde
1076 3164 1271 3252 principum‘
1295 3166 1434 3232 omnium
1453 3168 1613 3233 emanavit
1630 3168 1810 3232 sententia:

631 3280 715 3365 qnod
738 3280 918 3347 abiudicata
941 3282 986 3347 eis
1009 3281 1114 3347 forent
1136 3280 1301 3366 beneficia,
1331 3282 1429 3349 donec
1453 3288 1485 3349 et
1506 3284 1621 3369 stipem
1643 3282 1811 3369 persolve·

630 3401 702 3461 rent
720 3396 891 3461 secundum
907 3396 1129 3463 beneficiorum
1144 3398 1224 3481 iura,
1248 3402 1281 3463 et
1295 3404 1519 3485 contemptum,
1544 3420 1637 3484 qnam
1650 3398 1809 3483 fecerant,

629 3532 688 3597 per
716 3512 953 3598 compositionis
982 3513 1183 3600 dispendium
1213 3514 1349 3581 dominis
1376 3515 1442 3580 suis
1471 3515 1605 3581 civiliter
1627 3514 1808 3600 expiarent

630 3626 681 3693 nx
709 3648 763 3693 ore
789 3628 887 3711 igitur
915 3629 1095 3717 principum
1121 3628 1261 3716 prolata,
1291 3630 1330 3697 ab
1359 3630 1550 3717 imperatore
1573 3636 1606 3698 et
1626 3636 1691 3698 tota
1714 3634 1810 3698 ouria

631 3743 816 3810 confirmata
839 3750 896 3811 est

720 3860 852 3927 Factum
880 3866 985 3927 antem
1015 3866 1064 3928 est
1086 3860 1197 3947 quod⁸,
1220 3882 1299 3955 'oum
1323 3862 1431 3928 omnia
1453 3862 1493 3929 ad
1515 3864 1665 3931 honorem
1687 3862 1752 3930 Dei
1775 3870 1808 3931 et

631 3974 897 4059 magnificentiam
925 3978 1067 4063 imperii,
1098 3976 1383 4045 Mediolanensibus
1411 3980 1444 4045 in
1472 3980 1607 4063 gratiam
1638 4000 1693 4067 per
1715 3980 1806 4047 dedi-

526 4110 612 4169 sepae
630 4094 749 4158 tionem
777 4094 914 4159 civitatis
941 4088 1106 4180 recaptis',
1135 4092 1265 4159 oonsilio
1293 4096 1489 4181 principum,
1520 4098 1657 4163 maxime
1686 4096 1805 4163 virtute

632 4209 681 4276 eth
704 4210 872 4295 prudentio
887 4208 1074 4294 Magantini,
1098 4216 1203 4276 essent
1225 4210 1258 4275 in
1281 4232 1358 4297 pace
1379 4213 1563 4299 composita,
1587 4212 1720 4279 domnus
1736 4210 1805 4278 hla-

630 4326 797 4409 gnntinus,
825 4325 1087 4393 honoratissimus
1115 4332 1147 4393 et
1173 4326 1212 4394 de
1235 4328 1401 4411 magnifico
1425 4328 1574 4414 obsequio
1598 4350 1618 4395 a
1638 4328 1804 4395 maiestate

630 4440 757 4528 imperii
780 4441 950 4509 admodum
970 4444 1172 4529 regratiatus,
1197 4444 1236 4511 do
1256 4444 1355 4511 latere
1370 4446 1570 4532 imperatoris
1586 4444 1676 4511 bonis
1691 4444 1803 4511 avibus

631 4558 784 4625 remeavit
806 4558 847 4625 ad
868 4559 1008 4647 propria

703 4750 724 4783 a
745 4736 864 4784 violatiam
881 4740 902 4785 1.
982 4738 1005 4784 h.
1027 4738 1161 4799 episcopatu
1177 4740 1203 4795 1,
1221 4740 1243 4785 t.
1324 4751 1344 4785 c.
1364 4740 1470 4785 crearunt
1485 4740 1508 4785 2.
1586 4738 1609 4785 d.
1629 4738 1719 4787 exhibet
1736 4740 1761 4795 1,
1776 4740 1802 4785 2

631 4829 652 4861 a.
673 4818 775 4863 ratarum
792 4818 813 4862 1.
891 4816 1067 4877 tprinaipinnr
1083 4821 1105 4865 l.
1182 4832 1204 4877 ς.
1227 4818 1289 4879 qnod
1305 4818 1397 4865 addidi.
1469 4818 1492 4865 h.
1513 4820 1536 4865 st
1551 4836 1594 4865 on.
1611 4820 1632 4867 2.

702 4922 729 4975 1.
752 4918 822 4975 oen.
836 4921 878 4991 re,
890 4922 934 4976 a1.
1024 4923 1050 4978 a.
1074 4922 1144 4979 nes
1162 4920 1277 4994 sepas.
