4342 6034
568 772 649 819 vrrs
673 770 827 819 nssouur
848 770 1111 819 sscmmscorr
1132 770 1329 819 mocunnnu
1467 752 1532 819 625

357 912 519 999 imperiali
541 913 696 996 attritum,
719 912 919 999 pretendens.
953 911 1000 978 At
1021 912 1205 999 imperator,
1230 912 1342 996 sciens,
1366 932 1434 979 rem
1448 913 1532 979 mili·
1552 920 1622 976 1158

356 1032 459 1095 tarem
488 1029 606 1095 virtute
634 1028 733 1095 animi
760 1029 862 1113 magis
889 1028 1060 1115 procedere
1090 1048 1185 1113 quam
1214 1028 1334 1094 viribus
1363 1024 1532 1115 corporis¹,

356 1164 621 1231 cognoscensque,
643 1145 748 1211 uirum
770 1145 878 1231 ipsum
899 1143 1030 1210 consilio
1053 1149 1086 1210 et
1109 1144 1196 1209 omni
1218 1144 1336 1211 virtute
1360 1144 1479 1211 divitiis
1496 1164 1533 1210 ac

356 1261 524 1327 bonmtate
555 1262 640 1327 inter
674 1280 783 1327 omnes
817 1260 908 1344 regni
936 1260 1097 1346 principes
1126 1280 1195 1327 esse
1224 1259 1533 1345 excellentissimum,

355 1376 462 1443 uoluit
482 1377 584 1463 ipsius
612 1396 720 1443 carere
746 1377 917 1463 presentia.
951 1374 1154 1459 Magantinus
1183 1377 1306 1461 itaque,
1336 1376 1535 1463 imperialem

355 1494 470 1560 ridens
493 1492 657 1580 prevalere
679 1494 879 1576 sententiam,
901 1497 1084 1575 vergentem
1103 1494 1152 1559 ani
1168 1492 1259 1578 quasi
1275 1492 1390 1559 oblitus
1407 1499 1533 1577 etatem,

355 1615 396 1675 ut
417 1609 467 1675 rir
488 1610 642 1675 virtutum
666 1608 807 1675 omnium
830 1628 948 1691 gnarm
972 1644 1014 1653 -
1038 1629 1095 1694 pro
1118 1608 1237 1674 honore
1260 1608 1320 1674 Dei
1345 1612 1377 1675 et
1401 1608 1534 1693 Magan-

355 1726 427 1791 tine
449 1724 595 1806 ecclesie;
618 1729 651 1791 et
671 1730 708 1790 ut
728 1710 801 1811 pax⁴
815 1726 900 1790 inter
921 1744 1055 1807 regnum
1077 1730 1110 1790 et
1132 1723 1352 1808 sacerdotium,
1377 1746 1437 1809 que
1459 1731 1535 1792 tunc

356 1840 549 1925 quibusdam
571 1840 804 1923 emergentibus
827 1840 931 1905 causis
954 1839 1126 1906 admodum
1149 1844 1217 1905 erat
1239 1838 1357 1925 elapsa,
1381 1842 1535 1907 reforma-

355 1962 481 2037 retur·;
514 1962 683 2043 possetque
716 1955 758 2021 ad
784 1956 911 2042 imperii
939 1955 1076 2039 gratiam
1104 1954 1354 2022 Mediolanenses
1386 1977 1535 2024 revocare

357 2073 537 2155 concordia,
559 2092 600 2138 ne
621 2076 712 2139 tauta
733 2071 865 2138 civitasb
888 2072 1087 2158 deperditum
1110 2072 1173 2137 iret
1192 2106 1234 2117 -
1257 2072 1377 2156 statuit,
1401 2084 1452 2139 se⁰
1475 2074 1535 2139 im-

356 2188 532 2275 perialibus
555 2188 773 2275 obtemperare
794 2187 964 2253 mandatis

448 2303 492 2369 Et
519 2304 595 2389 quia
615 2303 818 2387 Maguntiuus
841 2303 932 2389 postd
955 2304 1179 2389 imperatorem
1203 2302 1351 2390 princeps
1377 2310 1426 2370 est
1446 2305 1535 2391 prin-

356 2420 482 2506 cipum,
511 2426 547 2485 ut
575 2420 746 2486 secundum
769 2418 954 2503 Maguntine
981 2418 1113 2486 ecclesie
1142 2418 1317 2485 decentiam
1348 2419 1388 2485 ad
1410 2425 1535 2485 tantum

357 2536 489 2622 imperii
510 2536 673 2619 negotium
695 2556 729 2601 se
751 2541 860 2622 posset
883 2536 1060 2619 accingere,
1090 2534 1172 2600 sicut
1193 2535 1244 2601 ius
1266 2536 1408 2618 gentium
1431 2535 1535 2620 habet,

360 2673 382 2717 a
405 2650 598 2735 ldaguntinis
625 2652 746 2719 civibus
766 2657 834 2718 tam
855 2652 906 2717 in·
928 2650 1187 2716 ministerialibus
1211 2670 1307 2735 quam
1329 2651 1536 2735 burgensibus
1634 2632 1639 2641 ⁸

360 2768 522 2853 stipendia
545 2767 657 2833 militie
680 2768 849 2853 deposcere
871 2767 969 2853 oepit3
998 2786 1177 2851 proponens
1201 2768 1262 2850 eis,
1292 2767 1375 2851 qnod
1399 2802 1441 2813 -·
1465 2787 1535 2833 cnm

359 2884 617 2969 frequentissime
639 2904 697 2969 pro
720 2882 839 2949 honore
861 2882 992 2948 ecclesie
1015 2886 1047 2947 ct
1068 2882 1166 2947 totius
1190 2882 1328 2947 civitatis
1351 2884 1474 2966 magnis
1489 2884 1536 2949 la-

360 3001 507 3067 borasset
532 2998 718 3086 impendiis,
748 2999 815 3065 sive
843 2998 877 3063 in
903 2997 1062 3084 imperiali
1090 2997 1157 3063 sive
1184 2998 1218 3063 in
1242 2998 1415 3083 apostolica
1438 3000 1535 3082 curia,

360 3116 431 3183 sive
457 3121 569 3182 contra
595 3114 701 3181 hostes
729 3114 858 3181 ecclesie
881 3150 923 3159 -
948 3112 1026 3178 nihil
1058 3113 1215 3197 exegisset
1237 3113 1276 3179 ab
1300 3114 1355 3179 eis.
1446 3114 1538 3181 Post·

360 3252 461 3317 quarn
485 3252 561 3297 rero
583 3251 676 3318 opem
699 3252 738 3296 ex
760 3229 891 3296 consilio
914 3228 1177 3315 subpeditationis
1202 3230 1307 3295 animo
1330 3228 1441 3297 libenti
1463 3252 1538 3317 spo-

359 3347 551 3435 ponderunt,
575 3348 704 3433 quidam
717 3346 878 3412 Arnoldus
901 3344 1128 3428 ministerialis,
1153 3345 1240 3411 cuius
1265 3351 1333 3412 erat
1350 3346 1537 3432 prenomen'

359 3464 473 3547 Rufus,
497 3484 569 3530 cum
590 3464 631 3529 ad
654 3464 759 3549 ipsum
774 3460 906 3527 verbnm
920 3462 1084 3547 petitionis
1098 3461 1247 3545 venisset,
1271 3462 1374 3527 medio
1391 3482 1537 3548 prorum·

358 3600 442 3667 pens
464 3579 688 3663 multitudinis,
712 3578 817 3644 aiebat
837 3612 879 3623 -—
899 3578 981 3643 forte
1004 3598 1044 3643 ex
1065 3577 1250 3663 privilegio⁸
1272 3598 1330 3663 per
1352 3574 1536 3645 Albertum¹

359 3695 485 3763 civibus
506 3716 671 3778 concesso,
700 3693 803 3781 quodl
826 3692 974 3775 allegarit
989 3730 1030 3739 —
1047 3694 1134 3777 ipsos
1158 3692 1197 3759 de
1219 3694 1287 3759 iure
1309 3693 1389 3759 nihil
1412 3694 1535 3778 debere,

357 3810 445 3878 nibil
464 3810 580 3877 domno
602 3812 750 3897 episcopo
775 3832 814 3877 ex
835 3811 958 3876 iustitia
981 3809 1104 3875 debere.
1139 3808 1230 3875 Unde
1254 3830 1273 3875 a
1295 3812 1415 3876 cunctis
1439 3810 1534 3877 etiam

357 3926 484 3995 civibus
512 3927 653 3993 animum
680 3926 839 3993 tribuendi
860 3947 924 3992 non
946 3926 1014 3991 sine
1037 3944 1152 4007 magno
1176 3926 1316 4012 episcopi
1338 3926 1535 3992 incommodo

357 4044 530 4111 revocarit
565 4042 762 4110 Venerabilis
790 4063 865 4109 uero
893 4042 1036 4128 pontifex
1060 4040 1202 4125 -quia
1229 4041 1296 4107 dies
1326 4042 1536 4127 expeditionis

358 4159 534 4243 instabant,
556 4179 615 4226 nec
637 4164 763 4246 poterat
785 4180 825 4225 ex
844 4158 990 4241 induciis,
1013 4155 1126 4241 quibus
1143 4154 1314 4241 culpabiles
1330 4157 1536 4223 conveniendi

358 4278 477 4359 forent,
499 4275 665 4359 legittimis
687 4275 735 4341 uti
757 4274 924 4341 diebus-
942 4279 1064 4339 tantam
1089 4293 1144 4339 sue
1166 4272 1296 4339 lesionis
1318 4272 1467 4339 iniuriam
1483 4294 1536 4338 us-

436 4438 457 4474 a.
476 4426 638 4474 rafomare'tur
653 4427 676 4472 1.
752 4424 775 4471 b.
796 4439 822 4471 se
839 4426 897 4472 odd.
913 4426 934 4471 2.
1013 4438 1033 4470 c.
1053 4436 1078 4470 se
1095 4440 1138 4470 om.
1154 4426 1176 4469 2.
1255 4422 1278 4469 d.
1300 4425 1354 4482 post
1369 4424 1535 4481 -llagnntino

359 4524 407 4554 on.
423 4509 445 4553 2
524 4521 545 4552 ο.
565 4506 590 4552 in
606 4524 649 4552 orn.
666 4508 688 4552 2.
765 4504 781 4551 l.
804 4508 853 4551 orat
868 4519 910 4565 per
924 4518 1007 4551 nomen
1023 4507 1072 4551 orat
1088 4503 1151 4551 ruins
1168 4504 1191 4561 1,
1207 4505 1256 4549 erat
1271 4516 1409 4563 praenomen
1425 4502 1496 4549 Bulus
1513 4506 1536 4549 d.

358 4601 385 4645 g.
403 4585 530 4647 previlegio
546 4588 568 4632 1.
646 4584 670 4631 ln.
691 4584 753 4645 qnod
769 4576 812 4631 orass
829 4586 850 4631 1.
1229 4640 1230 4643 Ἴ

434 4692 460 4747 1.
489 4688 592 4745 Salusti
615 4688 733 4744 Catilina
749 4690 775 4744 l:
805 4690 888 4758 ,vine
911 4688 1032 4758 eorporis
1053 4703 1089 4742 an
1112 4688 1214 4743 virtute
1238 4686 1321 4740 animi
1343 4701 1389 4740 res
1411 4684 1536 4741 militaris

359 4780 451 4850 magia
474 4778 667 4849 procederet“.
757 4780 782 4833 2.
808 4778 843 4833 V.
861 4775 1033 4831 Adelbertil
1055 4775 1177 4832 tabulam
1203 4792 1247 4846 ap.
1265 4774 1364 4830 Guden
1382 4775 1448 4831 Cod.
1468 4775 1533 4845 dipl.

360 4870 374 4925 1
387 4869 539 4925 11'1-121.
931 4950 938 4961 ι

404 4962 486 5014 rane.
502 4966 700 5011 arscensem.
1283 4962 1320 5017 40
