4342 6034
648 760 716 826 294
860 776 886 824 s.
904 774 1081 824 nonnum
1103 774 1148 823 nr
1170 773 1274 823 nuum
1294 774 1483 823 nonnosus
1506 774 1559 821 ιιι.
1575 774 1620 821 ιιι

491 930 632 987 755486
646 924 734 1008 pen-tt
754 920 989 987 mndimdinem
1006 912 1226 1007 pcccceonnm¹
1249 922 1281 984 et
1303 921 1416 983 cetera.
1463 916 1581 985 Nostra
1603 937 1688 1002 ergo,
1710 916 1747 985 ni
1768 916 1826 983 fal·
1926 906 1927 917 ’

649 1036 715 1119 lor,
743 1036 886 1123 parvitas
913 1056 980 1101 non
1006 1040 1178 1121 utcumque
1199 1034 1314 1101 vestris
1337 1037 1387 1100 est
1407 1033 1557 1100 roborata
1578 1034 1695 1121 oppido
1719 1038 1827 1120 patro-

651 1152 755 1219 ciniis.
792 1152 913 1218 ldcirco
936 1151 1098 1218 audaciter
1120 1170 1232 1234 rogare
1255 1150 1456 1235 presuminus
1478 1154 1618 1217 renuam
1640 1150 1768 1216 beamur
1791 1170 1829 1217 ao

650 1288 724 1335 vere
743 1268 942 1335 benedictam
966 1266 1158 1335 almitatem:
1188 1270 1407 1349 mnostrum,
1430 1266 1572 1333 visentes
1595 1266 1629 1331 iu
1651 1265 1712 1331 hac
1734 1265 1829 1332 lacri-

650 1404 775 1451 marum
810 1383 894 1451 valle
928 1389 994 1449 tam
1024 1382 1119 1449 etiem
1148 1382 1187 1449 in
1211 1381 1441 1466 gloriosissima
1465 1382 1679 1469 praescientia
1704 1380 1767 1448 Dei
1793 1382 1829 1447 in

651 1499 777 1567 Christo
798 1505 981 1586 pausantes,
1005 1498 1141 1566 asnduu
1166 1516 1203 1567 ac
1227 1498 1325 1565 sacris
1348 1497 1543 1565 orationibus
1564 1502 1745 1565 vmtrarnm
1762 1504 1829 1565 stu·

651 1616 713 1686 diis
736 1616 864 1683 dondno
886 1615 955 1682 Deo
978 1614 1199 1683 commendare
1222 1613 1406 1697 dignemini.
1584 1590 1588 1602 ⁵

740 1730 809 1817 Ego
827 1752 961 1817 quoque,
985 1732 1136 1797 minimus
1152 1730 1303 1799 ecclesiae
1318 1748 1439 1815 servus,
1464 1728 1600 1816 supplici
1614 1749 1673 1816 pro
1688 1728 1829 1799 Domino

652 1847 873 1935 deprecatione
903 1848 1023 1931 rogito:
1059 1852 1097 1915 ut
1124 1846 1203 1913 mihi
1231 1865 1303 1913 oum
1331 1866 1403 1913 mea
1429 1844 1567 1931 familia,
1602 1846 1730 1912 domino
1759 1846 1830 1914 Deo

652 1968 767 2031 cuncta
793 1963 990 2050 dispensanti
1014 1982 1051 2029 ac
1072 1964 1135 2029 rite
1157 1962 1294 2047 regenti,
1324 1962 1408 2029 inter
1430 1950 1550 2029 ceteros
1572 1961 1681 2029 fideles
1704 1968 1830 2029 essuos

652 2080 770 2147 amicos
798 2080 834 2146 in
857 2100 1025 2147 commuue
1045 2080 1181 2163 benigne
1204 2078 1401 2166 suscipiatis,
1432 2079 1487 2165 qni
1507 2080 1637 2166 proprio
1660 2078 1749 2145 dicor
1772 2100 1830 2145 no

651 2196 738 2265 mine
758 2194 951 2281 Aldberoht,
980 2197 1165 2263 diaconatus
1187 2193 1291 2262 officio
1313 2195 1463 2279 fungens,
1491 2195 1567 2263 licet
1586 2195 1753 2279 indiguum
1784 2201 1830 2279 ut,

652 2314 755 2380 munti
772 2312 890 2396 gradus
904 2312 1116 2381 ministerium
1132 2310 1208 2378 olim
1223 2316 1387 2397 acceptum
1401 2312 1515 2377 restris
1531 2310 1766 2379 saluberrimis·
1781 2312 1830 2379 in·

652 2429 895 2497 terocssionibus
917 2428 1124 2512 meliorando,
1147 2428 1188 2495 de
1210 2426 1261 2493 die
1282 2428 1317 2493 in
1332 2428 1416 2493 diem
1431 2426 1604 2513 proficiam.
1639 2426 1830 2495 Atmitatem

653 2551 802 2630 vestram,
825 2564 885 2632 pro
906 2545 999 2612 nobis
1022 2550 1176 2627 orantem,
1201 2562 1343 2613 summm
1366 2542 1485 2610 arbiter
1499 2542 1586 2611 orbis
1601 2544 1641 2611 ab
1657 2543 1740 2611 dea·
1756 2562 1829 2610 cae-

651 2660 757 2729 lorum
780 2679 852 2728 arco
874 2667 963 2728 tuere
985 2661 1142 2746 dignetur.
1177 2658 1288 2727 Vnteto
1310 2661 1344 2727 in
1367 2658 1514 2727 Domino.

1133 2794 1346 2807 ——uu—-u

657 2874 745 2950 128.
765 2878 960 2964 ansnpaos
995 2879 1161 2964 epiecopus
1191 2876 1454 2963 Wrze'bnrycnssis
1482 2874 1612 2973 laddum
1646 2878 1830 2963 εριζισογιιιιι

762 2998 940 3079 interrepere
961 2995 1001 3059 dc
1021 2996 1211 3059 mononem
1234 2995 1373 3079 quodam
1394 3004 1467 3079 post
1482 2995 1692 3059 inminentem
1707 2997 1829 3059 sororis
1930 2982 1931 3047 ἒ

764 3133 841 3177 snae
857 3111 1034 3177 mameae
1046 3111 1430 3180 mortennconets'tnendo‘.
1454 3106 1490 3189 (S
1503 3108 1557 3191 80,
1574 3104 1613 3175 W
1624 3111 1697 3191 1-11,
1713 3106 1829 3191 6100)

495 3260 636 3317 755-786
743 3242 881 3310 Domino
908 3243 943 3309 in
972 3242 1100 3309 Christo
1130 3262 1330 3329 summopere
1357 3240 1536 3309 venerando
1559 3240 1650 3308 Lullo
1679 3242 1829 3329 episcopo

653 3356 860 3444 Magingaoz¹
883 3355 1056 3445 optabilem
1084 3358 1220 3446 supplex
1246 3358 1281 3425 in
1303 3356 1445 3425 Domino
1473 3356 1703 3445 sempiternae*
1726 3356 1829 3425 beati·
1930 3364 1931 3449 f

651 3474 772 3542 tudinis
794 3474 939 3541 salutem.
1312 3482 1326 3532 ί
1409 3480 1411 3486 ’
1930 3456 1931 3485 ³

656 3671 659 3674 ¹
744 3590 811 3657 Scit
832 3590 929 3678 plane
950 3589 1156 3657 sublimitatis
1179 3594 1312 3683 restrae
1325 3588 1508 3677 prudentia:
1532 3590 1607 3674 qnia
1629 3594 1742 3657 conus
1763 3588 1828 3656 dis-

653 3707 788 3775 crimina
808 3706 952 3773 maxima
972 3706 1177 3775 consiliorum
1200 3707 1380 3791 adiutoriis,
1409 3712 1442 3774 et
1462 3706 1595 3790 integris
1618 3710 1713 3773 etex
1739 3706 1828 3773 omni

653 3829 747 3911 parte
767 3823 922 3906 solidatis
945 3822 1048 3890 modis
1071 3822 1218 3891 omnibns
1239 3844 1319 3910 opus
1342 3828 1408 3899 est,
1443 3822 1561 3890 Notum
1583 3842 1658 3889 vero
1681 3821 1751 3889 deri
1773 3844 1829 3889 ve-

654 3940 813 4007 nerandas
840 3940 981 4008 cantetis
1002 3945 1128 4008 ammae
1150 3928 1327 4024 dignationi
1349 3938 1578 4007 desideramus:
1607 3939 1683 4025 quia
1705 3940 1827 4007 exitum

653 4058 772 4123 sororis
794 4061 931 4142 noemae,
954 4062 1132 4124 extremum
1155 4056 1302 4143 spiritum
1325 4057 1457 4140 agentis,
1480 4054 1657 4123 meroribus
1680 4076 1719 4123 ao
1734 4058 1828 4125 timo-

653 4172 742 4240 ribus
763 4172 903 4259 undique
929 4174 1088 4261 depressi,
1118 4172 1366 4259 praestulamur3
1395 4178 1530 4239 mortem
1552 4170 1701 4239 videlicet
1722 4174 1828 4241 carnis

653 4288 741 4355 illius
765 4290 918 4356 instinctu
944 4290 1101 4357 naturalis
1124 4288 1316 4356 condicionis
1338 4288 1432 4355 velud
1453 4289 1585 4375 propria
1605 4287 1764 4373 dolentes3
1792 4294 1829 4355 et

653 4427 714 4494 pro
735 4406 860 4473 animae
881 4406 967 4472 illius
990 4410 1106 4473 eventu
1126 4405 1247 4473 incerto
1271 4410 1304 4472 st
1324 4404 1385 4472 soli
1406 4404 1503 4472 iudici
1525 4404 1669 4491 piissimo
1684 4412 1770 4489 noto,
1791 4410 1829 4471 et

654 4523 785 4611 insuper
813 4522 952 4589 familiae
980 4521 1042 4588 loci
1063 4521 1149 4588 illius
1172 4522 1341 4589 tenerrime
1363 4526 1396 4589 et
1418 4520 1646 4608 propemodum
1669 4522 1738 4589 sine
1760 4520 1827 4587 ulls

727 4714 748 4747 ι
771 4700 933 4748 woman
954 4700 983 4749 r.
1096 4699 1119 4747 ι.
1142 4700 1188 4747 uso
1211 4700 1238 4747 ν.
1349 4712 1369 4746 e.
1393 4717 1422 4746 a
1446 4700 1609 4748 ros-sev.
1641 4702 1694 4749 ssu
1713 4702 1825 4747 ιω...

655 4780 678 4828 d
698 4781 837 4841 sempiterna
852 4780 881 4827 7.

727 4886 753 4945 1.
778 4884 995 4956 lfomana
1084 4882 1430 4963 supermensus.
