4342 6034
645 748 709 813 100
868 764 896 811 s.
911 763 1089 813 aonmerm
1112 765 1156 812 nr
1179 764 1281 812 nuum
1303 763 1490 814 ssrsrouan
1511 765 1590 812 ocae

645 904 706 976 34.
729 907 917 992 concanae
944 910 1011 972 surb
1033 910 1069 972 ic
1095 904 1268 975 Germania
1292 907 1409 974 relictis
1433 908 1605 994 eipobteot,
1635 927 1668 973 se
1690 931 1712 972 a
1736 903 1815 973 Gree-
1928 947 1929 960 2

728 1026 821 1110 perio
844 1023 907 1088 III
922 1045 1012 1110 popo
1034 1024 1109 1089 bene
1131 1037 1308 1110 smeeptom
1331 1047 1413 1105 esse,
1447 1023 1640 1110 concilioque
1664 1023 1816 1088 celebrato
1929 1064 1930 1128 p

732 1141 777 1204 ad
799 1161 850 1204 eoa
872 1148 1097 1204 reversuram.
1543 1136 1579 1218 (S
1596 1140 1651 1218 27,
1675 1135 1745 1204 WG
1761 1139 1816 1220 42)

473 1302 497 1342 e.
512 1286 632 1343 ter-738
731 1271 955 1339 Dilectissimis
972 1270 1047 1338 filiis
1062 1270 1214 1359 Geppan⁵
1231 1277 1262 1338 et
1277 1271 1398 1356 Eoban,
1415 1271 1558 1338 Tatwino
1574 1277 1606 1338 et
1617 1271 1816 1358 Wyigberto‘

643 1393 675 1456 et
697 1388 842 1455 omnibus
863 1387 1016 1455 fratribus
1039 1408 1076 1455 ac
1100 1388 1259 1455 sororibus
1282 1389 1399 1454 nostris
1415 1387 1595 1454 Bonifatius
1619 1407 1729 1456 servus
1753 1407 1818 1454 ser·

642 1525 755 1572 vorum
777 1504 838 1572 Dei
859 1504 894 1570 in
917 1503 1042 1571 Christo
1064 1524 1163 1591 purae
1186 1504 1328 1570 caritatis
1352 1503 1496 1570 salntem.

731 1620 850 1687 Notum
872 1621 915 1686 sit
935 1621 1062 1688 caritati
1083 1625 1218 1704 restae,
1242 1626 1274 1687 et
1294 1621 1413 1704 gratias
1429 1621 1513 1703 agite
1528 1619 1612 1687 Deo:
1637 1621 1722 1706 quia,
1747 1640 1817 1686 cum
1930 1675 1931 1716 ἕ

641 1737 853 1823 prosperitate
874 1735 1037 1804 venientes
1060 1737 1102 1803 ad
1124 1736 1235 1803 limina
1256 1737 1340 1804 beati
1364 1735 1451 1803 Petri
1473 1737 1628 1823 principis
1659 1737 1819 1824 apostolo-

641 1873 729 1938 rum,
759 1857 923 1936 gratanter
952 1873 1011 1919 nos
1033 1873 1107 1919 cum
1129 1853 1243 1936 gaudio
1268 1852 1459 1938 apostolicus
1481 1849 1643 1939 pontifex¹
1663 1853 1817 1940 suscepit3

642 1973 675 2036 et
701 1967 740 2035 de
765 1968 924 2052 legatione
946 1974 1056 2035 nostra
1077 1969 1162 2035 lacta
1184 1988 1337 2055 responsa
1358 1968 1512 2052 reddidit3
1542 1975 1575 2036 et
1596 1968 1765 2035 consilium
1788 1974 1819 2034 et

641 2089 847 2171 praeseptum
877 2084 979 2169 dedit,
1014 2090 1051 2150 ut
1083 2085 1199 2150 iterum
1233 2085 1273 2150 ad
1302 2104 1357 2150 vos
1385 2089 1581 2151 revertamus
1610 2091 1642 2152 et
1669 2085 1703 2150 in
1731 2089 1818 2150 oerto

641 2199 750 2268 labore
777 2201 994 2286 persistamus.
1041 2199 1132 2265 Nune
1162 2206 1267 2266 autem
1296 2201 1348 2267 hic
1376 2207 1595 2288 exspectantes
1618 2201 1816 2267 sacerdotum

642 2315 830 2383 concilium‘
857 2315 909 2382 vel
936 2315 1074 2402 synodus
1103 2316 1297 2401 consultum,
1335 2317 1436 2383 adbuc
1463 2319 1661 2401 ignoramus:
1692 2317 1817 2402 quaudo

642 2431 703 2498 hoo
723 2430 794 2498 fieri
815 2431 912 2498 faeiat
934 2431 1142 2518 apostolicus⁰
1166 2432 1318 2518 pontifex.
1356 2431 1418 2500 Sed
1435 2453 1471 2500 eo
1486 2432 1586 2518 finito,
1610 2433 1678 2500 Deo
1693 2432 1818 2500 volente

644 2552 676 2614 et
709 2547 777 2613 vita
810 2548 940 2632 comite,
976 2547 1016 2613 ad
1050 2531 1189 2614 rostram
1220 2551 1432 2634 praesentiam
1459 2547 1703 2616 festinabimus‘.
1751 2548 1818 2616 Hoc

644 2668 750 2730 autem
774 2663 919 2747 seientes,
941 2683 999 2730 nos
1022 2683 1095 2730 cum
1109 2664 1251 2730 fraterna
1265 2664 1398 2731 caritate
1414 2671 1446 2732 et
1461 2664 1534 2732 fidei
1549 2667 1671 2732 unitate
1687 2685 1817 2752 exspec-

642 2784 725 2863 tate,
749 2777 830 2846 alter
852 2779 982 2846 alterius
1005 2779 1125 2847 honera
1146 2785 1324 2866 portantem
1355 2785 1387 2847 et
1410 2781 1455 2847 sic
1479 2781 1692 2868 adimplebitis
1714 2781 1816 2866 legem

643 2892 780 2962 Christi'
803 2899 836 2962 et
857 2896 1009 2979 gaudium
1030 2903 1173 2964 vestrum
1197 2896 1399 2963 renovabitis.
1446 2897 1557 2965 Valete
1579 2899 1613 2964 in
1636 2897 1763 2965 Christo
1787 2904 1818 2964 et

643 3017 731 3080 orate
754 3032 813 3100 pro
836 3011 937 3080 nobis.

647 3224 708 3297 35.
736 3223 909 3314 Gregorius
921 3227 1083 3314 IIIpapo
1104 3228 1247 3293 omnibus
1266 3231 1421 3316 episcopm
1440 3229 1630 3316 presbyterale
1652 3229 1816 3295 abbatebus

732 3343 937 3429 Bonp‘etr'om
958 3343 1063 3408 Roma
1083 3356 1283 3410 reverentem
1306 3347 1509 3427 commendat,
1535 3348 1588 3411 cai
1608 3345 1653 3410 od
1672 3367 1817 3432 pepones

732 3462 769 3526 ire
782 3459 851 3544 fide
873 3461 1059 3525 erudiendos
1082 3461 1253 3526 concedant
1275 3462 1461 3527 adiutorem.
1526 3458 1561 3542 (S
1580 3462 1653 3545 127,
1676 3458 1745 3527 WG
1761 3459 1816 3542 43)

476 3626 501 3668 e.
516 3611 636 3667 737-739
671 3600 676 3612 “
734 3591 905 3677 Gregorius
927 3592 1095 3679 episcopus
1118 3613 1227 3660 servus
1245 3613 1408 3660 servorum
1423 3594 1483 3661 Dei
1499 3593 1712 3661 dilectissimis
1727 3594 1817 3660 nobis

645 3709 790 3777 omnibus
814 3708 982 3796 episcopis,
1004 3709 1237 3777 venerabilibus
1250 3710 1455 3797 presbyteris,
1479 3711 1635 3795 religiosis
1651 3709 1818 3777 abbatibus

645 3825 787 3893 omnium
810 3825 1054 3912 provinciam.

733 3942 870 4008 Domino
893 3946 1080 4028 cooperante
1104 3947 1136 4008 et
1158 3961 1335 4009 sermonem
1357 3937 1578 4010 confirmante⁸
1599 3943 1675 4029 per'¹
1690 3961 1818 4029 presen-

645 4063 711 4124 tem
738 4057 973 4124 sanctissimum
1000 4058 1106 4123 virum
1133 4056 1343 4143 Bonifatium,
1372 4060 1504 4126 fratrem
1533 4079 1570 4126 ec
1597 4059 1817 4146 coepiscopum

646 4178 801 4258 nostrum,
827 4174 958 4241 verbum
981 4173 1134 4258 veritatis,
1157 4173 1239 4240 sicut
1262 4195 1281 4240 a
1303 4175 1467 4242 decessore
1488 4180 1596 4242 nostro
1619 4180 1747 4243 sanctae
1769 4195 1819 4242 re-

647 4289 839 4357 eordationis
855 4289 1008 4374 Gregorio
1030 4290 1156 4377 presule
1179 4291 1213 4358 in
1236 4291 1300 4358 illis
1322 4293 1467 4379 partibus
1490 4293 1605 4358 missus
1627 4291 1732 4358 fuerat
1745 4311 1819 4379 pre-

647 4405 754 4473 dicare
775 4405 906 4472 verbum
928 4405 1005 4490 Dei,
1028 4406 1259 4493 postmultum
1281 4408 1448 4495 temporis,
1471 4407 1607 4476 Domino
1630 4415 1820 4496 cooperante

720 4553 740 4586 ι.
762 4557 791 4585 α
807 4545 835 4588 br
850 4540 1008 4595 lose-1⁰4.
1030 4541 1199 4598 csse-84,
1223 4542 1247 4588 V
1260 4542 1315 4589 lde.
1344 4545 1448 4589 Lemma:
1468 4541 1525 4588 Item
1541 4541 1639 4601 epistola
1655 4541 1768 4589 bonifacii
1783 4555 1818 4589 ar·

648 4619 790 4680 ebiepisoopi
806 4619 885 4668 MCV.
976 4619 1000 4665 b.
1020 4619 1123 4680 Goppam
1139 4623 1179 4676 11,
1199 4618 1279 4681 (loppa
1296 4625 1325 4678 c,
1343 4623 1437 4681 Geppan
1455 4623 1482 4668 V.
1576 4635 1595 4668 c.
1611 4621 1744 4681 Wylgbsrto
1762 4624 1820 4676 ΚΜ

647 4699 771 4760 Wygberto
789 4702 815 4748 C.
893 4699 917 4745 d.
938 4698 1058 4746 ooudlium
1074 4701 1110 4746 Μ.
1187 4715 1206 4747 s.
1228 4701 1361 4761 apostolicis
1380 4701 1406 4749 V.
1476 4701 1493 4748 f.
1513 4701 1672 4748 festinavimus
1688 4703 1745 4758 MV,
1762 4719 1818 4748 corr.

648 4783 672 4826 ia
686 4779 845 4827 festinabimus
861 4781 887 4826 C.
964 4791 987 4837 g·
1006 4797 1037 4825 ex
1052 4783 1082 4826 Μ
1097 4781 1220 4828 12-12υ.
1243 4784 1296 4830 ssu
1310 4783 1420 4828 umaro.
1498 4780 1521 4828 h.
1541 4795 1583 4841 par
1598 4781 1690 4828 addidi.

721 4876 746 4931 1.
770 4874 920 4945 Gregorius
932 4873 980 4930 ΠΙ.
1070 4876 1097 4929 2.
1121 4873 1211 4931 Galat.
1224 4877 1249 4948 6,
1262 4877 1288 4932 2.
1378 4875 1403 4931 3.
1427 4875 1510 4932 bfarc.
1524 4878 1566 4948 16,
1579 4877 1623 4932 20.
