4342 6034
601 798 821 847 asomum
842 798 887 847 nr
908 798 1011 848 nuum
1033 798 1221 848 nrmnonsn
1246 799 1291 845 roe
1466 782 1533 849 255

370 936 586 1025 prefulgidum·
608 938 702 1023 longe
730 938 855 1024 latoque
882 939 1111 1007 beatitudinem
1133 946 1222 1007 tuam
1245 940 1426 1007 amicalium
1447 939 1533 1007 litte·
1552 948 1693 1005 748-'165

369 1072 467 1119 rarum
481 1052 616 1121 lectione
631 1074 688 1121 eeu
701 1053 842 1121 fidelium
857 1054 1032 1138 legatorum
1049 1054 1238 1139 allegatione
1261 1055 1413 1141 alloquar.
1443 1055 1534 1133 Quod

368 1168 484 1253 quidem
515 1169 576 1236 alio
600 1170 740 1255 quolibet
760 1170 795 1235 in
817 1174 960 1257 tempore
982 1170 1095 1237 molius
1119 1168 1335 1257 efficatiusque
1358 1171 1532 1256 adimplere

366 1302 412 1350 mo
432 1304 526 1370 posse
547 1305 611 1351 non
634 1284 785 1368 arbitror,
814 1304 910 1371 quam
932 1284 1025 1352 modo
1047 1306 1148 1370 nunc,
1177 1306 1249 1352 cum
1273 1284 1407 1354 adsunt*
1431 1286 1533 1353 excel·

365 1397 473 1466 lentiae
497 1404 622 1467 vedrae
644 1401 705 1467 viri
728 1399 883 1484 tolegium,
907 1400 962 1486 qui
985 1421 1004 1467 a
1026 1402 1116 1468 vobis
1139 1402 1200 1468 huc
1220 1403 1255 1468 in
1278 1401 1469 1468 Brittaniam
1483 1407 1534 1469 ut·

365 1520 432 1599 pote
453 1515 625 1601 prudentes
648 1520 681 1582 ot
701 1514 810 1583 fideles
832 1515 977 1599 legatarii
999 1518 1179 1583 transmissi
1202 1522 1277 1584 sunt
1300 1522 1332 1583 et
1346 1536 1431 1583 nunc
1445 1516 1532 1583 vide·

364 1629 432 1697 licet
459 1630 501 1697 ud
523 1631 671 1699 visionis·
695 1638 818 1698 vestrae
840 1630 998 1717 placidum
1028 1633 1242 1717 praesentiam
1265 1632 1333 1699 Deo
1363 1632 1533 1701 adiuvante

365 1746 540 1829 quantotius
563 1751 676 1833 optant
697 1746 872 1832 pervenire.
963 1745 1053 1813 Unde
1082 1746 1181 1830 igitur
1207 1748 1288 1813 mibi
1316 1748 1436 1833 optime
1463 1746 1533 1834 pla·

364 1862 438 1945 cuit,
471 1862 559 1929 hunc
585 1866 785 1951 praesentem
814 1863 1001 1948 portitorem
1031 1862 1210 1929 litterarum
1241 1863 1376 1930 istarum
1403 1863 1533 1930 nominc

363 1974 544 2061 Ethelbun⁶‚
567 1977 735 2061 relegionis
758 1976 879 2044 scilicet
901 1976 1011 2044 habitu
1034 1978 1242 2062 monachum,
1264 1998 1337 2045 oum
1360 1980 1532 2065 praedictis

363 2094 467 2160 restris
490 2092 671 2159 hominibus
695 2094 786 2178 quasi
808 2094 948 2160 cautiore
971 2096 1004 2159 et
1025 2094 1159 2161 tutiore·
1181 2113 1277 2160 cursu
1305 2094 1346 2161 ad
1375 2114 1431 2160 vos
1455 2095 1532 2161 diri-

363 2226 428 2291 gere
450 2228 488 2275 ao
510 2228 571 2295 per
593 2228 666 2275 eum
688 2208 766 2275 haec
787 2208 941 2275 salutaria
963 2209 1088 2275 caritati
1116 2214 1240 2276 vestrae
1268 2230 1324 2276 seu
1351 2211 1531 2296 precatoria

362 2324 475 2411 scripta
496 2324 671 2411 porrigere.
717 2322 779 2391 Por
807 2344 868 2408 que
897 2344 956 2391 nos
985 2324 1089 2410 primo
1116 2324 1330 2409 declaramus,
1361 2345 1471 2392 omnes
1499 2326 1533 2393 in

362 2458 521 2506 commune
544 2440 754 2527 omnipotenti
767 2439 836 2507 Deo
859 2440 978 2523 gratias
1001 2438 1164 2507 uberiores
1179 2440 1368 2527 rependere;
1393 2442 1447 2526 qui
1462 2446 1533 2507 tan·

362 2559 420 2620 tam
442 2556 476 2621 in
499 2574 558 2622 vos
579 2554 814 2622 misericordiae
835 2574 911 2621 suae
925 2555 1062 2639 gratiam
1079 2555 1222 2639 contulit,
1244 2561 1282 2621 ut
1295 2556 1532 2625 innumerosam

361 2670 594 2737 multitudinem
619 2670 800 2755 gentilium,
828 2669 996 2737 idolatriae
1018 2670 1250 2738 vetustissimo‘
1272 2691 1379 2738 errore
1401 2673 1533 2740 misera·

361 2784 459 2853 biliter
482 2786 665 2872 deceptam,
690 2785 731 2851 ad
753 2785 924 2852 christiane
947 2784 1020 2853 fidoi
1042 2806 1186 2852 normam
1209 2786 1455 2872 praedicationis
1477 2808 1532 2855 vs-

361 2906 438 2969 strae
460 2901 560 2968 verbo
583 2906 616 2967 ct
636 2900 744 2967 labore
767 2902 931 2967 convertit
967 2900 1057 2967 Unde
1080 2901 1219 2987 plurima
1241 2901 1344 2975 adbuc
1357 2902 1532 2970 auxiliante

361 3014 491 3083 bomino
514 3036 681 3103 speramus
704 3021 736 3083 et
759 3022 920 3103 optamus3
951 3016 1044 3099 certi,
1075 3017 1165 3101 quia,
1189 3018 1244 3100 qui
1266 3036 1325 3102 per
1346 3036 1405 3083 vos
1425 3018 1532 3103 coepit

361 3133 494 3217 operari,
519 3132 642 3198 maiora
664 3130 815 3218 perficere
839 3132 878 3198 do
901 3132 951 3197 dic
973 3133 1007 3197 in
1031 3132 1115 3197 diem
1137 3151 1202 3197 non
1224 3131 1350 3198 desinit
1412 3182 1416 3189 .

441 3246 506 3315 Per
533 3248 617 3313 hunc
645 3266 769 3332 quoquc
791 3246 932 3313 baiulum
955 3246 1089 3312 harum⁸
1112 3246 1237 3332 apicum
1259 3248 1455 3313 reverentiae
1478 3268 1532 3315 ve-

359 3366 437 3429 strae
465 3363 588 3429 direxit
615 3362 740 3428 devotio
763 3382 835 3428 mea
857 3382 972 3445 magna
994 3382 1065 3428 cum
1087 3362 1220 3427 caritate
1242 3362 1395 3429 nonnulla
1416 3383 1530 3429 munu-

360 3478 456 3563 scula,
487 3476 522 3543 id
549 3482 598 3544 est
619 3472 768 3543 caucum¹
791 3482 973 3560 argenteum
1002 3479 1087 3543 intus
1111 3477 1314 3561 deauratum,
1342 3483 1530 3564 pensantem

359 3590 450 3661 libras
473 3600 543 3660 tres
565 3598 597 3659 ot
617 3592 726 3677 semis,
750 3598 782 3659 et
804 3591 865 3658 duo
888 3588 1026 3678 repte'¹².
1061 3592 1106 3659 Et
1126 3592 1204 3659 baec
1220 3582 1346 3659 exenia¹
1361 3593 1450 3660 vobis
1466 3614 1529 3659 non

360 3726 394 3774 oa
413 3708 590 3775 intentione
616 3728 719 3793 neque
748 3708 911 3775 occasione
938 3708 1130 3791 direximus,
1161 3714 1197 3774 ut
1226 3713 1377 3775 terrestre
1405 3708 1528 3774 lucrum

361 3822 485 3909 aliquod
514 3828 569 3889 aut
596 3823 838 3890 retributionem
861 3824 1043 3909 quampiam
1066 3824 1277 3910 temporalem
1299 3844 1358 3909 pro
1380 3824 1427 3890 eis
1449 3824 1530 3890 reci·

360 3958 431 4024 pore
463 3938 708 4006 desideramus¹.
761 3936 825 4005 Sed
857 3938 956 4005 multo
989 3940 1091 4023 magis
1119 3938 1347 4023 genuclisntes'
1375 3974 1417 3986 -
1447 3940 1530 4025 quod

361 4054 455 4121 multo
484 4056 585 4139 magis
609 4054 821 4121 necessarium
846 4059 959 4121 est-
983 4055 1059 4120 totis
1082 4055 1254 4121 visceribus
1278 4053 1418 4138 efflagito
1439 4074 1529 4122 meu·

361 4168 413 4236 tis:
435 4176 482 4254 ut,
506 4171 655 4255 quoniam
678 4170 746 4236 dios
766 4168 845 4235 mali
868 4175 941 4236 sunt
963 4174 996 4236 et
1016 4170 1269 4256 multiplicantur
1291 4170 1407 4237 cotidie
1421 4172 1530 4237 variae

362 4290 391 4351 et
416 4286 598 4373 improvisae
627 4284 879 4373 perturbationes
908 4285 942 4351 in
971 4284 1031 4351 hoc
1059 4285 1184 4352 saeculo
1213 4285 1396 4352 monium
1423 4285 1529 4372 plano,

362 4400 465 4468 multis
493 4422 551 4468 noo
574 4422 612 4468 ac
634 4400 753 4468 crebris
776 4402 954 4467 orationum
976 4405 1103 4467 tuarum
1126 4399 1284 4485 suffragiis
1308 4401 1459 4468 adiuuare
1481 4401 1530 4467 di·

430 4566 450 4597 ι.
471 4552 620 4611 perfulgidam
638 4555 692 4599 MC.
782 4552 804 4598 b.
826 4554 879 4598 suut
895 4555 951 4599 Mc.
1041 4564 1061 4597 c.
1081 4552 1191 4598 insulanis
1206 4554 1242 4598 Ι.
1327 4550 1351 4596 d
1370 4550 1486 4597 lltlmldun
1503 4554 1529 4599 C.

365 4640 383 4673 s.
402 4630 489 4679 elatiore
506 4635 540 4679 Ι.
607 4632 623 4679 l.
643 4631 751 4678 idolatria
766 4632 891 4677 ratrammo
908 4635 941 4677 Μ.
1008 4644 1029 4688 g
1050 4632 1086 4677 etc
1101 4632 1170 4677 codd.
1235 4630 1259 4678 b.
1279 4633 1345 4691 repta
1363 4634 1402 4686 M,
1418 4633 1482 4689 rapte
1501 4632 1530 4687 V,

365 4691 425 4781 ci}
441 4714 466 4759 c.
542 4711 637 4757 rme.
652 4714 675 4757 a
693 4711 760 4757 :ena
776 4712 802 4758 c.
879 4708 902 4756 s.
924 4712 1020 4757 emo
1040 4710 1241 4760 corrueremus.
1317 4710 1333 4756 r
1354 4726 1411 4757 m.
1427 4712 1451 4756 o
1466 4710 1529 4768 genr-

366 4788 461 4837 mura
477 4793 502 4839 C.
580 4804 611 4837 m.
631 4788 775 4837 scandalibus
793 4790 820 4836 V.

433 4886 456 4938 1.
478 4890 610 4955 peram.
700 4887 727 4939 n.
751 4881 793 4939 cr.
814 4884 925 4953 „repar
945 4885 974 4939 ru
990 4884 1129 4954 numm
1145 4885 1287 4955 pomum
