4342 6034
662 764 728 831 416
1003 780 1191 829 nvusrunea
1213 780 1444 829 mocunuuvea
1464 781 1496 828 es
1899 663 1908 892 ἐ

576 932 644 989 1193
661 921 774 1007 fidelis,
796 922 957 1006 innocens,
980 921 1176 1010 peregrinus,
1198 927 1264 989 tam
1288 921 1418 990 subdole
1439 928 1567 1009 captus,
1589 928 1657 989 tam
1679 922 1815 990 malitium
1900 949 1904 996 l

663 1040 824 1123 detentus,
854 1045 922 1105 tam
944 1038 1114 1105 crudeliter
1134 1042 1185 1105 est
1205 1038 1367 1121 venditus,
1389 1042 1455 1103 mm
1476 1038 1608 1123 indigue
1630 1036 1817 1122 alticinae
1899 1011 1904 1126 1

663 1174 735 1221 cum
762 1154 887 1241 populis
916 1155 982 1221 suis
1003 1160 1070 1221 tam
1094 1154 1210 1241 cupida
1230 1159 1264 1221 et
1284 1154 1465 1221 detestabili
1484 1154 1653 1222 exactione
1673 1160 1816 1239 gemtus
1901 1137 1904 1150 ¹

662 1270 725 1337 Ubi
747 1276 796 1339 est
816 1270 869 1337 lex
891 1270 1043 1337 naturaei
1067 1269 1121 1337 ubi
1144 1275 1194 1337 est
1215 1269 1379 1355 aequitas?
1406 1268 1462 1337 ubi
1483 1270 1724 1357 peregrinorum
1742 1290 1818 1337 reve·

661 1386 786 1453 tentia?
815 1406 892 1471 quos
921 1388 1016 1453 etiam
1039 1385 1159 1453 Christi
1186 1384 1387 1453 crucifixores
1416 1388 1558 1453 venerati
1580 1392 1670 1471 sunt,
1698 1387 1820 1453 duuriu

663 1522 773 1587 agrum
795 1500 884 1587 figuli
906 1502 946 1569 ob
965 1502 1203 1589 peregrinorum
1218 1502 1413 1589 sepulturam
1428 1501 1548 1569 christi
1562 1502 1684 1569 venditi
1697 1502 1821 1589 pretium

662 1618 892 1685 transtulerunt
900 1613 917 1683 ¹.
963 1616 1061 1684 Porro
1096 1636 1169 1683 cum
1195 1617 1358 1684 Abraham
1392 1618 1650 1705 peregrinaretur
1681 1620 1717 1685 in
1748 1624 1823 1685 terra

526 1744 528 1749 ’
663 1733 823 1818 Chauaau,
846 1754 903 1801 rex
918 1732 1103 1800 Abimclech
1124 1734 1155 1800 ei
1176 1734 1313 1818 gratiam
1327 1733 1441 1821 plenae
1455 1734 1662 1801 humanitatis
1676 1734 1822 1815 exhibuit3

663 1850 755 1917 Iacob
778 1850 862 1937 apud
876 1849 997 1933 Laban,
1020 1848 1145 1935 Moyses
1166 1849 1251 1935 apud
1266 1848 1360 1933 letro,
1383 1849 1487 1917 David
1503 1850 1588 1936 apud
1602 1870 1710 1934 regem
1726 1850 1824 1931 Adria

663 1972 696 2034 et
717 1967 833 2033 caeteri
855 1972 961 2053 patres
985 1965 1117 2050 antiqui,
1139 1965 1280 2031 nondum
1303 1966 1441 2052 acceptis
1461 1966 1759 2053 repromissionibus
1777 1964 1825 2033 sed

662 2082 756 2167 longe
778 2102 832 2149 eas
860 2081 1064 2168 aspicientes·
1086 2087 1120 2149 et
1146 2079 1347 2166 coufitentes,
1375 2082 1451 2166 quia
1477 2087 1585 2149 essem
1613 2082 1774 2169 peregrini
1799 2086 1826 2148 et

661 2199 801 2286 hospites
825 2202 1070 2284 superterram,
1095 2197 1180 2284 apud
1203 2196 1382 2264 barbariem
1402 2199 1545 2282 gentium
1567 2198 1739 2285 multiplex
1759 2216 1826 2266 suae

662 2314 924 2402 peregrinationis
958 2313 1105 2379 solatium
1137 2313 1336 2380 invenerunt
1425 2312 1470 2379 Et
1498 2315 1552 2400 qui
1581 2334 1653 2381 eum
1675 2308 1827 2381 vendidit⁸

662 2435 695 2497 et
728 2430 782 2515 qui
814 2425 919 2514 emit⁸,
954 2430 990 2495 iu
1018 2434 1136 2495 sortem
1162 2428 1259 2495 Iudae
1285 2427 1464 2496 iscariotis*
1492 2434 1525 2497 et
1550 2430 1586 2495 iu
1614 2430 1828 2497 maledictione

661 2546 782 2613 fraudis
804 2544 949 2611 Iudaicae
970 2549 1172 2631 reputentur3
1195 2550 1233 2611 ut
1253 2545 1297 2613 sit
1317 2564 1389 2611 oum
1411 2545 1458 2613 eis
1479 2546 1623 2632 ipsorum
1644 2548 1829 2633 pmuunin

661 2662 869 2749 perditionem
877 2658 897 2726 ⁴.
927 2658 1007 2727 Cum
1029 2659 1158 2726 Dathau
1179 2666 1213 2727 et
1233 2660 1356 2728 Abiron
1377 2667 1464 2727 terra
1485 2682 1540 2728 eos
1561 2662 1703 2729 viventes
1730 2662 1831 2729 aliem

661 2777 745 2861 beat,
761 2796 956 2845 successores
971 2776 1076 2861 Iudae,
1092 2774 1175 2842 tilios
1190 2776 1352 2861 avaritiae,
1372 2797 1481 2844 servos
1494 2798 1705 2862 mammonae,
1731 2796 1831 2845 semen

662 2892 827 2977 Ghauaan,
851 2892 1012 2977 genimina
1041 2890 1250 2979 viperarum‘,
1272 2892 1416 2959 membra
1437 2893 1570 2978 diaboli,
1599 2894 1766 2961 ministros
1788 2914 1830 2959 sa-

662 3016 751 3094 tane,
787 3008 1006 3096 praeambulos
1035 3008 1223 3076 antichristi.
1270 3008 1435 3075 Saeviente
1468 3010 1503 3076 in
1535 3009 1669 3097 populos
1700 3010 1830 3077 istorum

660 3125 838 3213 tyrannide,
862 3124 990 3212 publica
1012 3124 1190 3191 mortalitas
1211 3123 1386 3207 invalescit,
1410 3126 1505 3192 urbes
1528 3131 1726 3193 evacuantur
1740 3126 1830 3214 pesti·
1909 3145 1910 3148 ’

660 3242 760 3309 lentis
782 3246 814 3308 θῖ
834 3241 933 3325 lame,
958 3260 1038 3325 quae
1061 3240 1289 3328 superveniunt
1309 3242 1457 3308 universo
1479 3240 1558 3308 orbi.

750 3355 817 3423 Neo
845 3356 1044 3423 dissimulare
1066 3376 1234 3443 possumus
1258 3361 1313 3422 aut
1335 3362 1455 3442 tacere,
1484 3358 1568 3443 quod
1590 3358 1682 3425 iuxta
1703 3359 1831 3426 verbum

663 3472 798 3559 apostoli
825 3472 891 3539 iam
918 3472 1122 3559 mysterium·
1149 3472 1328 3557 iniquitatis
1357 3474 1561 3541 antichristus
1587 3471 1769 3561 operatur⁸,
1799 3478 1831 3539 ut

661 3583 835 3655 reveletur*
858 3588 892 3654 in
915 3592 1057 3674 tempore
1080 3608 1154 3670 su03
1183 3588 1323 3655 abundat
1344 3590 1430 3656 euim
1451 3590 1620 3676 iniquitas,
1649 3596 1683 3657 et
1704 3591 1831 3674 refrige-

663 3705 724 3771 scit
745 3704 860 3770 caritas
883 3702 1053 3771 multorum
1062 3698 1083 3769 ⁸.
1118 3702 1264 3790 Optimus
1287 3711 1346 3791 est,
1369 3707 1423 3791 qui
1445 3726 1510 3773 nou
1532 3712 1581 3774 est
1601 3706 1699 3773 nimis
1721 3706 1830 3773 malus.

664 3820 701 3887 In
723 3824 943 3903 argumentum
967 3819 1120 3887 adventus
1142 3820 1228 3887 illius
1249 3819 1308 3887 lilii
1330 3822 1516 3909 perditionis
1537 3822 1728 3907 generalitor
1744 3841 1833 3889 mun·

664 3936 724 4003 dus
746 3936 781 4001 in
802 3934 940 4020 maligno
962 3936 1085 4023 positus
1113 3931 1190 4021 est⁹,
1218 3937 1360 4005 desaevit
1381 3938 1510 4005 morbus
1531 3938 1682 4025 pestilens
1704 3944 1739 4006 at
1760 3937 1832 4005 edu·

663 4051 738 4119 litas
760 4051 936 4119 invalescit
974 4050 1116 4137 Legitur,
1140 4052 1224 4139 quod
1244 4074 1331 4121 mors
1353 4072 1426 4121 oum
1448 4074 1485 4121 eo
1508 4060 1567 4139 est,
1590 4054 1751 4122 etfaciam
1767 4054 1833 4121 eiua

663 4167 825 4255 praecedit
847 4164 1007 4252 egestas²⁰.
1042 4168 1140 4236 Nobis
1162 4168 1197 4235 iu
1218 4190 1370 4253 germana
1383 4169 1555 4237 Germania
1572 4171 1651 4238 haec
1663 4171 1751 4238 mala
1764 4190 1832 4255 ger-

663 4283 804 4351 minantd
825 4284 990 4352 universis.
1026 4283 1107 4369 Heu,
1129 4284 1200 4369 heu,
1223 4286 1383 4374 principes
1406 4286 1577 4373 aquilonis3
1600 4306 1675 4355 vere
1689 4286 1730 4355 ab
1745 4286 1831 4373 aqui-

663 4400 735 4469 lone
756 4400 907 4488 panditur
929 4421 1021 4469 omne
1043 4397 1195 4467 malumu.

735 4546 756 4581 a.
777 4536 923 4595 expectantes
939 4536 963 4582 2.
1023 4533 1046 4581 b.
1068 4534 1178 4582 Scariotts
1194 4536 1217 4583 t.
1278 4548 1300 4583 a.
1319 4536 1471 4583 miniaterium
1486 4538 1509 4584 t.
1571 4536 1594 4583 d
1614 4537 1725 4597 geminat
1739 4538 1764 4583 2

736 4613 761 4667 1.
779 4612 814 4668 V.
832 4610 928 4667 Matth.
942 4612 985 4682 27,
999 4612 1077 4667 Fl.10.
1172 4612 1499 4683 l.1eopolduanux.
1587 4615 1613 4669 3.
1637 4610 1830 4670 Heinrieuavl

663 4700 819 4771 imperator.
891 4702 917 4757 4.
941 4699 1004 4755 Act
1016 4716 1060 4771 ap.
1073 4700 1099 4771 8,
1111 4702 1155 4757 20.
1224 4702 1252 4757 ὅ.
1275 4700 1372 4757 ldatth.
1385 4703 1429 4771 23,
1440 4702 1485 4757 33.
1556 4703 1582 4759 6.
1601 4700 1828 4770 ethaeum.

665 4790 691 4845 i.
710 4790 900 4860 2Thessal.2,
913 4790 939 4845 8.
1001 4790 1027 4845 8.
1045 4788 1141 4847 Matth.
1154 4788 1197 4864 at,
1210 4792 1253 4847 12.
1315 4791 1341 4847 9.
1361 4788 1485 4863 nouo,
1498 4791 1541 4847 19.
1599 4792 1642 4849 10.
1660 4791 1716 4849 lob.
1727 4792 1774 4861 41,
1787 4790 1828 4845 13.

667 4878 709 4933 11.
733 4878 828 4935 larem.
843 4880 867 4949 1,
881 4878 923 4934 14.
