<?xml version="1.0" encoding="UTF-8"?>
<!DOCTYPE html PUBLIC "-//W3C//DTD XHTML 1.0 Transitional//EN"
    "http://www.w3.org/TR/xhtml1/DTD/xhtml1-transitional.dtd">
<html xmlns="http://www.w3.org/1999/xhtml" xml:lang="en" lang="en">
 <head>
  <title>
</title>
<meta http-equiv="Content-Type" content="text/html;charset=utf-8" />
  <meta name='ocr-system' content='tesseract 3.04.00' />
  <meta name='ocr-capabilities' content='ocr_page ocr_carea ocr_par ocr_line ocrx_word'/>
</head>
<body>
  <div class='ocr_page' id='page_1' title='image "./monumentamogunt00lulgoog/monumentamogunt00lulgoog_0299.png"; bbox 0 0 4342 6034; ppageno 0'>
   <div class='ocr_carea' id='block_1_1' title="bbox 569 744 1530 809">
    <p class='ocr_par' dir='ltr' id='par_1_1' title="bbox 569 744 1530 809">
     <span class='ocr_line' id='line_1_1' title="bbox 569 744 1530 809; baseline 0.003 -3"><span class='ocrx_word' id='word_1_1' title='bbox 569 758 597 806; x_wconf 89' lang='lat' dir='ltr'><strong>s.</strong></span> <span class='ocrx_word' id='word_1_2' title='bbox 612 758 789 807; x_wconf 75' lang='lat' dir='ltr'><strong>heumann</strong></span> <span class='ocrx_word' id='word_1_3' title='bbox 810 759 855 806; x_wconf 82' lang='lat' dir='ltr'><strong>nu</strong></span> <span class='ocrx_word' id='word_1_4' title='bbox 876 758 980 807; x_wconf 79' lang='lat' dir='ltr'><strong>nuum</strong></span> <span class='ocrx_word' id='word_1_5' title='bbox 1000 760 1189 808; x_wconf 72' lang='lat' dir='ltr'><strong>namucum</strong></span> <span class='ocrx_word' id='word_1_6' title='bbox 1213 760 1265 807; x_wconf 80' lang='grc' dir='ltr'>ιιι.</span> <span class='ocrx_word' id='word_1_7' title='bbox 1282 760 1327 807; x_wconf 83' lang='grc' dir='ltr'><strong>ιιι</strong></span> <span class='ocrx_word' id='word_1_8' title='bbox 1468 744 1530 809; x_wconf 83' lang='grc'><strong>281</strong></span> 
     </span>
    </p>
   </div>
   <div class='ocr_carea' id='block_1_2' title="bbox 366 897 1696 997">
    <p class='ocr_par' dir='ltr' id='par_1_2' title="bbox 366 897 1696 997">
     <span class='ocr_line' id='line_1_2' title="bbox 366 897 1696 997; baseline 0.005 -30"><span class='ocrx_word' id='word_1_9' title='bbox 366 897 453 967; x_wconf 78' lang='grc'><strong>115.</strong></span> <span class='ocrx_word' id='word_1_10' title='bbox 474 900 636 987; x_wconf 67' lang='grc' dir='ltr'><strong>Ρὴιρίιιιιε</strong></span> <span class='ocrx_word' id='word_1_11' title='bbox 651 900 850 967; x_wconf 73' lang='lat' dir='ltr'><strong>Fraaccwm</strong></span> <span class='ocrx_word' id='word_1_12' title='bbox 870 924 928 967; x_wconf 77' lang='lat' dir='ltr'><strong>rea</strong></span> <span class='ocrx_word' id='word_1_13' title='bbox 942 902 1038 969; x_wconf 76' lang='lat' dir='ltr'><strong>Lallo</strong></span> <span class='ocrx_word' id='word_1_14' title='bbox 1060 906 1206 990; x_wconf 56' lang='lat' dir='ltr'><strong>episoma</strong></span> <span class='ocrx_word' id='word_1_15' title='bbox 1222 906 1354 969; x_wconf 78' lang='lat' dir='ltr'><strong>mundat</strong></span> <span class='ocrx_word' id='word_1_16' title='bbox 1367 904 1406 969; x_wconf 83' lang='lat' dir='ltr'><strong>dc</strong></span> <span class='ocrx_word' id='word_1_17' title='bbox 1419 908 1534 991; x_wconf 60' lang='lat' dir='ltr'><strong>pretias</strong></span> <span class='ocrx_word' id='word_1_18' title='bbox 1670 934 1696 997; x_wconf 74' lang='grc' dir='ltr'><em>χ</em></span> 
     </span>
    </p>
   </div>
   <div class='ocr_carea' id='block_1_3' title="bbox 358 1016 1694 2848">
    <p class='ocr_par' dir='ltr' id='par_1_3' title="bbox 473 1016 1534 1103">
     <span class='ocr_line' id='line_1_3' title="bbox 473 1016 1534 1103; baseline 0.003 -22"><span class='ocrx_word' id='word_1_19' title='bbox 473 1018 531 1081; x_wconf 87' lang='lat' dir='ltr'><strong>deo</strong></span> <span class='ocrx_word' id='word_1_20' title='bbox 548 1038 613 1103; x_wconf 80' lang='lat' dir='ltr'><strong>pro</strong></span> <span class='ocrx_word' id='word_1_21' title='bbox 626 1016 738 1101; x_wconf 77' lang='lat' dir='ltr'><strong>fertili</strong></span> <span class='ocrx_word' id='word_1_22' title='bbox 758 1040 843 1083; x_wconf 78' lang='lat' dir='ltr'><strong>anno</strong></span> <span class='ocrx_word' id='word_1_23' title='bbox 866 1019 1024 1103; x_wconf 76' lang='lat' dir='ltr'><strong>apeadia&#39;.</strong></span> <span class='ocrx_word' id='word_1_24' title='bbox 1148 1016 1183 1097; x_wconf 88' lang='lat' dir='ltr'><strong>(S</strong></span> <span class='ocrx_word' id='word_1_25' title='bbox 1200 1020 1254 1101; x_wconf 83' lang='lat'><strong>96,</strong></span> <span class='ocrx_word' id='word_1_26' title='bbox 1279 1016 1318 1083; x_wconf 89' lang='lat' dir='ltr'>W</span> <span class='ocrx_word' id='word_1_27' title='bbox 1337 1020 1410 1101; x_wconf 81' lang='lat'><strong>109,</strong></span> <span class='ocrx_word' id='word_1_28' title='bbox 1434 1017 1534 1101; x_wconf 71' lang='lat'>(398)</span> 
     </span>
    </p>

    <p class='ocr_par' dir='ltr' id='par_1_4' title="bbox 360 1146 1694 1351">
     <span class='ocr_line' id='line_1_4' title="bbox 449 1146 1694 1235; baseline -0.001 -21"><span class='ocrx_word' id='word_1_29' title='bbox 449 1146 606 1235; x_wconf 91' lang='lat' dir='ltr'><strong>Pippinus</strong></span> <span class='ocrx_word' id='word_1_30' title='bbox 640 1149 743 1231; x_wconf 76' lang='lat' dir='ltr'><strong>gratia</strong></span> <span class='ocrx_word' id='word_1_31' title='bbox 771 1148 832 1215; x_wconf 88' lang='lat' dir='ltr'><strong>Dei</strong></span> <span class='ocrx_word' id='word_1_32' title='bbox 859 1169 916 1215; x_wconf 86' lang='lat' dir='ltr'><strong>rex</strong></span> <span class='ocrx_word' id='word_1_33' title='bbox 943 1148 1138 1216; x_wconf 77' lang='lat' dir='ltr'><strong>Francorum</strong></span> <span class='ocrx_word' id='word_1_34' title='bbox 1168 1150 1219 1216; x_wconf 85' lang='lat' dir='ltr'><strong>vir</strong></span> <span class='ocrx_word' id='word_1_35' title='bbox 1246 1150 1381 1217; x_wconf 78' lang='lat' dir='ltr'>inluster</span> <span class='ocrx_word' id='word_1_36' title='bbox 1408 1150 1535 1217; x_wconf 90' lang='lat' dir='ltr'><strong>domino</strong></span> <span class='ocrx_word' id='word_1_37' title='bbox 1553 1158 1694 1214; x_wconf 71' lang='lat'><strong>756-768</strong></span> 
     </span>
     <span class='ocr_line' id='line_1_5' title="bbox 360 1262 892 1351; baseline 0.002 -22"><span class='ocrx_word' id='word_1_38' title='bbox 360 1267 471 1329; x_wconf 91' lang='lat' dir='ltr'><strong>sancto</strong></span> <span class='ocrx_word' id='word_1_39' title='bbox 494 1264 579 1349; x_wconf 89' lang='lat' dir='ltr'><strong>patri</strong></span> <span class='ocrx_word' id='word_1_40' title='bbox 600 1262 712 1329; x_wconf 67' lang='lat' dir='ltr'><strong>Ludo*</strong></span> <span class='ocrx_word' id='word_1_41' title='bbox 735 1264 892 1351; x_wconf 90' lang='lat' dir='ltr'><strong>episcopo.</strong></span> 
     </span>
    </p>

    <p class='ocr_par' dir='ltr' id='par_1_5' title="bbox 358 1377 1541 2848">
     <span class='ocr_line' id='line_1_6' title="bbox 449 1377 1535 1467; baseline 0.005 -24"><span class='ocrx_word' id='word_1_42' title='bbox 449 1377 622 1461; x_wconf 78' lang='lat' dir='ltr'><strong>Cognitum</strong></span> <span class='ocrx_word' id='word_1_43' title='bbox 644 1379 761 1445; x_wconf 88' lang='lat' dir='ltr'><strong>scimus</strong></span> <span class='ocrx_word' id='word_1_44' title='bbox 784 1380 945 1447; x_wconf 76' lang='lat' dir='ltr'><strong>sanctitati</strong></span> <span class='ocrx_word' id='word_1_45' title='bbox 959 1385 1094 1465; x_wconf 75' lang='lat' dir='ltr'><strong>vestrm,</strong></span> <span class='ocrx_word' id='word_1_46' title='bbox 1118 1380 1244 1466; x_wconf 85' lang='lat' dir='ltr'><strong>qualem</strong></span> <span class='ocrx_word' id='word_1_47' title='bbox 1263 1380 1414 1467; x_wconf 90' lang='lat' dir='ltr'><strong>pietatem</strong></span> <span class='ocrx_word' id='word_1_48' title='bbox 1430 1386 1462 1448; x_wconf 90' lang='lat' dir='ltr'><strong>et</strong></span> <span class='ocrx_word' id='word_1_49' title='bbox 1475 1382 1535 1448; x_wconf 90' lang='lat' dir='ltr'><strong>mi-</strong></span> 
     </span>
     <span class='ocr_line' id='line_1_7' title="bbox 359 1475 1536 1581; baseline 0.002 -20"><span class='ocrx_word' id='word_1_50' title='bbox 359 1494 567 1561; x_wconf 89' lang='lat' dir='ltr'><strong>sericordiam</strong></span> <span class='ocrx_word' id='word_1_51' title='bbox 588 1494 676 1561; x_wconf 86' lang='lat' dir='ltr'><strong>Deus</strong></span> <span class='ocrx_word' id='word_1_52' title='bbox 704 1495 781 1561; x_wconf 83' lang='lat' dir='ltr'><strong>tecit</strong></span> <span class='ocrx_word' id='word_1_53' title='bbox 806 1475 947 1581; x_wconf 80' lang='lat' dir='ltr'><strong>presenti</strong></span> <span class='ocrx_word' id='word_1_54' title='bbox 975 1516 1057 1561; x_wconf 90' lang='lat' dir='ltr'><strong>anno</strong></span> <span class='ocrx_word' id='word_1_55' title='bbox 1087 1496 1122 1562; x_wconf 92' lang='lat' dir='ltr'><strong>in</strong></span> <span class='ocrx_word' id='word_1_56' title='bbox 1145 1502 1230 1563; x_wconf 86' lang='lat' dir='ltr'><strong>terra</strong></span> <span class='ocrx_word' id='word_1_57' title='bbox 1252 1498 1324 1563; x_wconf 84' lang='lat' dir='ltr'><strong>ista.</strong></span> <span class='ocrx_word' id='word_1_58' title='bbox 1359 1494 1457 1563; x_wconf 80' lang='lat' dir='ltr'><strong>Dedit</strong></span> <span class='ocrx_word' id='word_1_59' title='bbox 1478 1497 1536 1563; x_wconf 92' lang='lat' dir='ltr'><strong>tri·</strong></span> 
     </span>
     <span class='ocr_line' id='line_1_8' title="bbox 359 1609 1536 1697; baseline 0.003 -23"><span class='ocrx_word' id='word_1_60' title='bbox 359 1609 557 1675; x_wconf 83' lang='lat' dir='ltr'><strong>bulationem</strong></span> <span class='ocrx_word' id='word_1_61' title='bbox 586 1629 644 1696; x_wconf 88' lang='lat' dir='ltr'><strong>pro</strong></span> <span class='ocrx_word' id='word_1_62' title='bbox 673 1609 796 1675; x_wconf 85' lang='lat' dir='ltr'><strong>delictis</strong></span> <span class='ocrx_word' id='word_1_63' title='bbox 823 1611 956 1695; x_wconf 86' lang='lat' dir='ltr'><strong>nostris,</strong></span> <span class='ocrx_word' id='word_1_64' title='bbox 985 1617 1058 1697; x_wconf 90' lang='lat' dir='ltr'><strong>post</strong></span> <span class='ocrx_word' id='word_1_65' title='bbox 1079 1611 1317 1679; x_wconf 91' lang='lat' dir='ltr'><strong>tribulationem</strong></span> <span class='ocrx_word' id='word_1_66' title='bbox 1341 1616 1446 1677; x_wconf 88' lang='lat' dir='ltr'><strong>autem</strong></span> <span class='ocrx_word' id='word_1_67' title='bbox 1469 1631 1536 1677; x_wconf 88' lang='lat' dir='ltr'><strong>ma·</strong></span> 
     </span>
     <span class='ocr_line' id='line_1_9' title="bbox 358 1724 1536 1810; baseline 0.002 -19"><span class='ocrx_word' id='word_1_68' title='bbox 358 1746 454 1810; x_wconf 77' lang='lat' dir='ltr'><strong>gnam</strong></span> <span class='ocrx_word' id='word_1_69' title='bbox 481 1730 576 1810; x_wconf 70' lang='lat' dir='ltr'><strong>atoue</strong></span> <span class='ocrx_word' id='word_1_70' title='bbox 598 1724 776 1791; x_wconf 90' lang='lat' dir='ltr'><strong>mirabilem</strong></span> <span class='ocrx_word' id='word_1_71' title='bbox 799 1724 1045 1792; x_wconf 73' lang='lat' dir='ltr'><strong>consolationem</strong></span> <span class='ocrx_word' id='word_1_72' title='bbox 1068 1728 1135 1793; x_wconf 89' lang='lat' dir='ltr'><strong>sive</strong></span> <span class='ocrx_word' id='word_1_73' title='bbox 1153 1727 1401 1793; x_wconf 80' lang='lat' dir='ltr'><strong>habundantiam</strong></span> <span class='ocrx_word' id='word_1_74' title='bbox 1416 1726 1536 1793; x_wconf 82' lang='lat' dir='ltr'><strong>fructus</strong></span> 
     </span>
     <span class='ocr_line' id='line_1_10' title="bbox 358 1839 1536 1929; baseline 0.001 -22"><span class='ocrx_word' id='word_1_75' title='bbox 358 1846 476 1924; x_wconf 86' lang='lat' dir='ltr'><strong>terrae,</strong></span> <span class='ocrx_word' id='word_1_76' title='bbox 502 1860 582 1924; x_wconf 90' lang='lat' dir='ltr'><strong>quae</strong></span> <span class='ocrx_word' id='word_1_77' title='bbox 603 1839 697 1905; x_wconf 92' lang='lat' dir='ltr'><strong>modo</strong></span> <span class='ocrx_word' id='word_1_78' title='bbox 720 1840 881 1907; x_wconf 90' lang='lat' dir='ltr'><strong>habemus.</strong></span> <span class='ocrx_word' id='word_1_79' title='bbox 916 1840 960 1907; x_wconf 90' lang='lat' dir='ltr'><strong>Et</strong></span> <span class='ocrx_word' id='word_1_80' title='bbox 983 1842 1022 1907; x_wconf 90' lang='lat' dir='ltr'><strong>ab</strong></span> <span class='ocrx_word' id='word_1_81' title='bbox 1045 1842 1105 1907; x_wconf 89' lang='lat' dir='ltr'><strong>hoo</strong></span> <span class='ocrx_word' id='word_1_82' title='bbox 1127 1846 1221 1926; x_wconf 89' lang='lat' dir='ltr'><strong>atque</strong></span> <span class='ocrx_word' id='word_1_83' title='bbox 1243 1862 1302 1929; x_wconf 90' lang='lat' dir='ltr'><strong>pro</strong></span> <span class='ocrx_word' id='word_1_84' title='bbox 1326 1842 1404 1907; x_wconf 91' lang='lat' dir='ltr'><strong>alias</strong></span> <span class='ocrx_word' id='word_1_85' title='bbox 1426 1862 1536 1908; x_wconf 90' lang='lat' dir='ltr'><strong>causas</strong></span> 
     </span>
     <span class='ocr_line' id='line_1_11' title="bbox 359 1956 1537 2043; baseline 0.003 -21"><span class='ocrx_word' id='word_1_86' title='bbox 359 1962 489 2023; x_wconf 87' lang='lat' dir='ltr'><strong>nostras</strong></span> <span class='ocrx_word' id='word_1_87' title='bbox 513 1975 591 2042; x_wconf 91' lang='lat' dir='ltr'><strong>opus</strong></span> <span class='ocrx_word' id='word_1_88' title='bbox 615 1960 664 2021; x_wconf 89' lang='lat' dir='ltr'><strong>est</strong></span> <span class='ocrx_word' id='word_1_89' title='bbox 685 1956 787 2039; x_wconf 84' lang='lat' dir='ltr'><strong>nobie,</strong></span> <span class='ocrx_word' id='word_1_90' title='bbox 808 1956 857 2022; x_wconf 95' lang='lat' dir='ltr'><strong>illi</strong></span> <span class='ocrx_word' id='word_1_91' title='bbox 879 1958 998 2040; x_wconf 79' lang='lat' dir='ltr'><strong>gratias</strong></span> <span class='ocrx_word' id='word_1_92' title='bbox 1022 1977 1125 2041; x_wconf 84' lang='lat' dir='ltr'><strong>agere,</strong></span> <span class='ocrx_word' id='word_1_93' title='bbox 1150 1958 1223 2043; x_wconf 93' lang='lat' dir='ltr'><strong>quia</strong></span> <span class='ocrx_word' id='word_1_94' title='bbox 1246 1956 1392 2041; x_wconf 77' lang='lat' dir='ltr'><strong>dignatus</strong></span> <span class='ocrx_word' id='word_1_95' title='bbox 1408 1962 1457 2025; x_wconf 91' lang='lat' dir='ltr'><strong>eet</strong></span> <span class='ocrx_word' id='word_1_96' title='bbox 1471 1978 1537 2025; x_wconf 90' lang='lat' dir='ltr'><strong>ser·</strong></span> 
     </span>
     <span class='ocr_line' id='line_1_12' title="bbox 358 2070 1536 2158; baseline 0.001 -20"><span class='ocrx_word' id='word_1_97' title='bbox 358 2072 406 2138; x_wconf 83' lang='lat' dir='ltr'><strong>vis</strong></span> <span class='ocrx_word' id='word_1_98' title='bbox 436 2072 509 2137; x_wconf 90' lang='lat' dir='ltr'><strong>suis</strong></span> <span class='ocrx_word' id='word_1_99' title='bbox 536 2070 699 2137; x_wconf 90' lang='lat' dir='ltr'><strong>consolare</strong></span> <span class='ocrx_word' id='word_1_100' title='bbox 727 2092 786 2158; x_wconf 86' lang='lat' dir='ltr'><strong>per</strong></span> <span class='ocrx_word' id='word_1_101' title='bbox 814 2073 881 2139; x_wconf 91' lang='lat' dir='ltr'><strong>eius</strong></span> <span class='ocrx_word' id='word_1_102' title='bbox 911 2072 1172 2139; x_wconf 89' lang='lat' dir='ltr'><strong>misericordiam.</strong></span> <span class='ocrx_word' id='word_1_103' title='bbox 1209 2070 1262 2139; x_wconf 90' lang='lat' dir='ltr'><strong>Sic</strong></span> <span class='ocrx_word' id='word_1_104' title='bbox 1288 2072 1378 2139; x_wconf 88' lang='lat' dir='ltr'><strong>nobie</strong></span> <span class='ocrx_word' id='word_1_105' title='bbox 1401 2073 1536 2156; x_wconf 86' lang='lat' dir='ltr'><strong>videtur,</strong></span> 
     </span>
     <span class='ocr_line' id='line_1_13' title="bbox 358 2186 1538 2275; baseline 0.002 -22"><span class='ocrx_word' id='word_1_106' title='bbox 358 2193 394 2253; x_wconf 91' lang='lat' dir='ltr'><strong>ut</strong></span> <span class='ocrx_word' id='word_1_107' title='bbox 422 2186 547 2271; x_wconf 86' lang='lat' dir='ltr'><strong>absque</strong></span> <span class='ocrx_word' id='word_1_108' title='bbox 573 2187 692 2253; x_wconf 91' lang='lat' dir='ltr'><strong>ieiunio</strong></span> <span class='ocrx_word' id='word_1_109' title='bbox 720 2186 839 2253; x_wconf 89' lang='lat' dir='ltr'><strong>indicto</strong></span> <span class='ocrx_word' id='word_1_110' title='bbox 865 2188 1080 2274; x_wconf 87' lang='lat' dir='ltr'><strong>unusquisque</strong></span> <span class='ocrx_word' id='word_1_111' title='bbox 1103 2188 1269 2275; x_wconf 84' lang='lat' dir='ltr'><strong>episcopus</strong></span> <span class='ocrx_word' id='word_1_112' title='bbox 1292 2189 1326 2253; x_wconf 93' lang='lat' dir='ltr'><strong>in</strong></span> <span class='ocrx_word' id='word_1_113' title='bbox 1348 2208 1406 2255; x_wconf 88' lang='lat' dir='ltr'><strong>sua</strong></span> <span class='ocrx_word' id='word_1_114' title='bbox 1428 2208 1538 2275; x_wconf 90' lang='lat' dir='ltr'><strong>parro-</strong></span> 
     </span>
     <span class='ocr_line' id='line_1_14' title="bbox 359 2302 1538 2389; baseline 0.003 -21"><span class='ocrx_word' id='word_1_115' title='bbox 359 2302 431 2369; x_wconf 87' lang='lat' dir='ltr'><strong>chia</strong></span> <span class='ocrx_word' id='word_1_116' title='bbox 453 2302 592 2369; x_wconf 86' lang='lat' dir='ltr'><strong>letanias</strong></span> <span class='ocrx_word' id='word_1_117' title='bbox 614 2302 720 2387; x_wconf 82' lang='lat' dir='ltr'><strong>faciat,</strong></span> <span class='ocrx_word' id='word_1_118' title='bbox 743 2323 807 2368; x_wconf 92' lang='lat' dir='ltr'><strong>non</strong></span> <span class='ocrx_word' id='word_1_119' title='bbox 829 2324 901 2369; x_wconf 90' lang='lat' dir='ltr'><strong>cum</strong></span> <span class='ocrx_word' id='word_1_120' title='bbox 923 2304 1051 2389; x_wconf 91' lang='lat' dir='ltr'><strong>ieiunio,</strong></span> <span class='ocrx_word' id='word_1_121' title='bbox 1074 2304 1138 2369; x_wconf 92' lang='lat' dir='ltr'><strong>nisi</strong></span> <span class='ocrx_word' id='word_1_122' title='bbox 1160 2308 1285 2371; x_wconf 91' lang='lat' dir='ltr'><strong>tantum</strong></span> <span class='ocrx_word' id='word_1_123' title='bbox 1307 2304 1342 2369; x_wconf 94' lang='lat' dir='ltr'><strong>in</strong></span> <span class='ocrx_word' id='word_1_124' title='bbox 1359 2302 1453 2370; x_wconf 90' lang='lat' dir='ltr'><strong>laude</strong></span> <span class='ocrx_word' id='word_1_125' title='bbox 1467 2303 1538 2389; x_wconf 83' lang='lat' dir='ltr'><strong>Dei,</strong></span> 
     </span>
     <span class='ocr_line' id='line_1_15' title="bbox 359 2416 1539 2505; baseline 0.001 -21"><span class='ocrx_word' id='word_1_126' title='bbox 359 2420 411 2503; x_wconf 88' lang='lat' dir='ltr'><strong>qui</strong></span> <span class='ocrx_word' id='word_1_127' title='bbox 438 2417 540 2485; x_wconf 87' lang='lat' dir='ltr'><strong>talem</strong></span> <span class='ocrx_word' id='word_1_128' title='bbox 561 2416 653 2483; x_wconf 89' lang='lat' dir='ltr'><strong>nohis</strong></span> <span class='ocrx_word' id='word_1_129' title='bbox 668 2418 917 2484; x_wconf 85' lang='lat' dir='ltr'><strong>habundantiam</strong></span> <span class='ocrx_word' id='word_1_130' title='bbox 933 2420 1034 2501; x_wconf 87' lang='lat' dir='ltr'><strong>dedit3</strong></span> <span class='ocrx_word' id='word_1_131' title='bbox 1059 2426 1092 2486; x_wconf 88' lang='lat' dir='ltr'><strong>et</strong></span> <span class='ocrx_word' id='word_1_132' title='bbox 1105 2420 1202 2485; x_wconf 87' lang='lat' dir='ltr'><strong>iaciat</strong></span> <span class='ocrx_word' id='word_1_133' title='bbox 1215 2420 1431 2505; x_wconf 90' lang='lat' dir='ltr'><strong>uuusquisque</strong></span> <span class='ocrx_word' id='word_1_134' title='bbox 1445 2418 1539 2485; x_wconf 87' lang='lat' dir='ltr'><strong>homo</strong></span> 
     </span>
     <span class='ocr_line' id='line_1_16' title="bbox 359 2533 1541 2621; baseline 0.001 -21"><span class='ocrx_word' id='word_1_135' title='bbox 359 2554 416 2600; x_wconf 90' lang='lat' dir='ltr'><strong>sua</strong></span> <span class='ocrx_word' id='word_1_136' title='bbox 449 2533 619 2616; x_wconf 65' lang='lat' dir='ltr'><strong>elimosina</strong></span> <span class='ocrx_word' id='word_1_137' title='bbox 648 2539 681 2599; x_wconf 90' lang='lat' dir='ltr'><strong>et</strong></span> <span class='ocrx_word' id='word_1_138' title='bbox 702 2554 858 2620; x_wconf 84' lang='lat' dir='ltr'><strong>pauperae</strong></span> <span class='ocrx_word' id='word_1_139' title='bbox 880 2540 1001 2621; x_wconf 87' lang='lat' dir='ltr'><strong>pascat</strong></span> <span class='ocrx_word' id='word_1_140' title='bbox 1039 2534 1083 2600; x_wconf 88' lang='lat' dir='ltr'><strong>Et</strong></span> <span class='ocrx_word' id='word_1_141' title='bbox 1107 2536 1153 2600; x_wconf 89' lang='lat' dir='ltr'><strong>sic</strong></span> <span class='ocrx_word' id='word_1_142' title='bbox 1175 2534 1339 2621; x_wconf 86' lang='lat' dir='ltr'><strong>previdere</strong></span> <span class='ocrx_word' id='word_1_143' title='bbox 1361 2534 1486 2601; x_wconf 84' lang='lat' dir='ltr'><strong>faciatis</strong></span> <span class='ocrx_word' id='word_1_144' title='bbox 1508 2538 1541 2603; x_wconf 91' lang='lat' dir='ltr'><strong>et</strong></span> 
     </span>
     <span class='ocr_line' id='line_1_17' title="bbox 359 2648 1541 2734; baseline 0.003 -19"><span class='ocrx_word' id='word_1_145' title='bbox 359 2650 514 2715; x_wconf 89' lang='lat' dir='ltr'><strong>ordinare</strong></span> <span class='ocrx_word' id='word_1_146' title='bbox 535 2648 575 2714; x_wconf 90' lang='lat' dir='ltr'><strong>de</strong></span> <span class='ocrx_word' id='word_1_147' title='bbox 595 2648 692 2715; x_wconf 87' lang='lat' dir='ltr'><strong>verbo</strong></span> <span class='ocrx_word' id='word_1_148' title='bbox 714 2655 834 2734; x_wconf 87' lang='lat' dir='ltr'><strong>nostro,</strong></span> <span class='ocrx_word' id='word_1_149' title='bbox 856 2656 893 2715; x_wconf 93' lang='lat' dir='ltr'><strong>ut</strong></span> <span class='ocrx_word' id='word_1_150' title='bbox 914 2651 1130 2734; x_wconf 89' lang='lat' dir='ltr'><strong>unnsquisque</strong></span> <span class='ocrx_word' id='word_1_151' title='bbox 1151 2648 1261 2734; x_wconf 90' lang='lat' dir='ltr'><strong>homo,</strong></span> <span class='ocrx_word' id='word_1_152' title='bbox 1292 2654 1347 2716; x_wconf 90' lang='lat' dir='ltr'><strong>ant</strong></span> <span class='ocrx_word' id='word_1_153' title='bbox 1368 2650 1463 2717; x_wconf 86' lang='lat' dir='ltr'><strong>vellet</strong></span> <span class='ocrx_word' id='word_1_154' title='bbox 1486 2657 1541 2718; x_wconf 88' lang='lat' dir='ltr'><strong>aut</strong></span> 
     </span>
     <span class='ocr_line' id='line_1_18' title="bbox 358 2764 1255 2848; baseline 0 -18"><span class='ocrx_word' id='word_1_155' title='bbox 358 2764 474 2848; x_wconf 89' lang='lat' dir='ltr'><strong>nollet,</strong></span> <span class='ocrx_word' id='word_1_156' title='bbox 498 2782 589 2830; x_wconf 88' lang='lat' dir='ltr'><strong>enam</strong></span> <span class='ocrx_word' id='word_1_157' title='bbox 612 2764 767 2831; x_wconf 84' lang='lat' dir='ltr'><strong>decimam</strong></span> <span class='ocrx_word' id='word_1_158' title='bbox 789 2765 894 2832; x_wconf 85' lang='lat' dir='ltr'><strong>donst.</strong></span> <span class='ocrx_word' id='word_1_159' title='bbox 927 2765 1039 2832; x_wconf 79' lang='lat' dir='ltr'><strong>Valete</strong></span> <span class='ocrx_word' id='word_1_160' title='bbox 1062 2766 1094 2831; x_wconf 89' lang='lat' dir='ltr'><strong>in</strong></span> <span class='ocrx_word' id='word_1_161' title='bbox 1119 2764 1255 2831; x_wconf 82' lang='lat' dir='ltr'><strong>Christo.</strong></span> 
     </span>
    </p>
   </div>
   <div class='ocr_carea' id='block_1_4' title="bbox 364 2974 1541 3294">
    <p class='ocr_par' dir='ltr' id='par_1_6' title="bbox 364 2974 1541 3294">
     <span class='ocr_line' id='line_1_19' title="bbox 364 2974 1541 3066; baseline 0.001 -21"><span class='ocrx_word' id='word_1_162' title='bbox 364 2974 457 3045; x_wconf 88' lang='grc'><strong>116.</strong></span> <span class='ocrx_word' id='word_1_163' title='bbox 479 2977 595 3043; x_wconf 68' lang='lat' dir='ltr'><strong>Laeliae</strong></span> <span class='ocrx_word' id='word_1_164' title='bbox 609 2978 801 3043; x_wconf 77' lang='lat' dir='ltr'><strong>Denabardc</strong></span> <span class='ocrx_word' id='word_1_165' title='bbox 824 2979 959 3065; x_wconf 74' lang='lat' dir='ltr'><strong>aliisque</strong></span> <span class='ocrx_word' id='word_1_166' title='bbox 981 2979 1091 3044; x_wconf 71' lang='lat' dir='ltr'><strong>secabit</strong></span> <span class='ocrx_word' id='word_1_167' title='bbox 1113 2980 1151 3043; x_wconf 83' lang='lat' dir='ltr'><strong>da</strong></span> <span class='ocrx_word' id='word_1_168' title='bbox 1168 2982 1268 3043; x_wconf 72' lang='lat' dir='ltr'><strong>sacris</strong></span> <span class='ocrx_word' id='word_1_169' title='bbox 1279 2992 1414 3066; x_wconf 80' lang='lat' dir='ltr'><strong>propter</strong></span> <span class='ocrx_word' id='word_1_170' title='bbox 1427 2981 1541 3047; x_wconf 79' lang='lat' dir='ltr'><strong>imbres</strong></span> 
     </span>
     <span class='ocr_line' id='line_1_20' title="bbox 478 3092 1539 3181; baseline 0.004 -24"><span class='ocrx_word' id='word_1_171' title='bbox 478 3094 516 3157; x_wconf 79' lang='lat' dir='ltr'><strong>a&#39;n</strong></span> <span class='ocrx_word' id='word_1_172' title='bbox 534 3092 882 3179; x_wconf 58' lang='lat' dir='ltr'><strong>lhamepiafaciendah</strong></span> <span class='ocrx_word' id='word_1_173' title='bbox 900 3108 929 3159; x_wconf 84' lang='lat' dir='ltr'><strong>et</strong></span> <span class='ocrx_word' id='word_1_174' title='bbox 943 3096 1191 3160; x_wconf 73' lang='lat' dir='ltr'><strong>demortuorum</strong></span> <span class='ocrx_word' id='word_1_175' title='bbox 1209 3097 1409 3181; x_wconf 67' lang='lat' dir='ltr'><strong>quorundam</strong></span> <span class='ocrx_word' id='word_1_176' title='bbox 1423 3118 1539 3161; x_wconf 75' lang='lat' dir='ltr'><strong>meno·</strong></span> 
     </span>
     <span class='ocr_line' id='line_1_21' title="bbox 478 3206 1540 3294; baseline 0.003 -22"><span class='ocrx_word' id='word_1_177' title='bbox 478 3230 533 3273; x_wconf 69' lang='lat' dir='ltr'><strong>aa</strong></span> <span class='ocrx_word' id='word_1_178' title='bbox 553 3208 745 3273; x_wconf 55' lang='lat' dir='ltr'><strong>tamnaco</strong></span> <span class='ocrx_word' id='word_1_179' title='bbox 765 3210 979 3275; x_wconf 59' lang='lat' dir='ltr'><strong>caucaseae</strong></span> <span class='ocrx_word' id='word_1_180' title='bbox 1155 3206 1191 3289; x_wconf 84' lang='lat' dir='ltr'><strong>(s</strong></span> <span class='ocrx_word' id='word_1_181' title='bbox 1207 3211 1261 3293; x_wconf 80' lang='lat' dir='ltr'><strong>aa,</strong></span> <span class='ocrx_word' id='word_1_182' title='bbox 1284 3208 1324 3275; x_wconf 82' lang='lat' dir='ltr'>w</span> <span class='ocrx_word' id='word_1_183' title='bbox 1343 3212 1416 3294; x_wconf 81' lang='lat' dir='ltr'><strong>rou,</strong></span> <span class='ocrx_word' id='word_1_184' title='bbox 1440 3208 1540 3291; x_wconf 80' lang='lat' dir='ltr'><strong>eac)</strong></span> 
     </span>
    </p>
   </div>
   <div class='ocr_carea' id='block_1_5' title="bbox 363 3338 1701 4698">
    <p class='ocr_par' dir='ltr' id='par_1_7' title="bbox 363 3338 1701 3541">
     <span class='ocr_line' id='line_1_22' title="bbox 457 3338 1701 3427; baseline 0.004 -21"><span class='ocrx_word' id='word_1_185' title='bbox 457 3338 638 3406; x_wconf 81' lang='lat' dir='ltr'><strong>Carissimis</strong></span> <span class='ocrx_word' id='word_1_186' title='bbox 661 3338 735 3406; x_wconf 80' lang='lat' dir='ltr'><strong>filiis</strong></span> <span class='ocrx_word' id='word_1_187' title='bbox 750 3339 949 3424; x_wconf 90' lang='lat' dir='ltr'><strong>Denehardo,</strong></span> <span class='ocrx_word' id='word_1_188' title='bbox 969 3340 1161 3425; x_wconf 85' lang='lat' dir='ltr'><strong>Eanberhto,</strong></span> <span class='ocrx_word' id='word_1_189' title='bbox 1177 3340 1351 3426; x_wconf 77' lang='lat' dir='ltr'><strong>winberto,</strong></span> <span class='ocrx_word' id='word_1_190' title='bbox 1368 3340 1541 3427; x_wconf 85' lang='lat' dir='ltr'><strong>Sigeherio,</strong></span> <span class='ocrx_word' id='word_1_191' title='bbox 1560 3356 1701 3411; x_wconf 74' lang='lat' dir='ltr'><strong>tet—‘1⁷2</strong></span> 
     </span>
     <span class='ocr_line' id='line_1_23' title="bbox 363 3454 1218 3541; baseline -0.002 -17"><span class='ocrx_word' id='word_1_192' title='bbox 363 3454 547 3541; x_wconf 78' lang='lat' dir='ltr'><strong>Sigswaldo</strong></span> <span class='ocrx_word' id='word_1_193' title='bbox 569 3455 680 3522; x_wconf 88' lang='lat' dir='ltr'><strong>Lullns</strong></span> <span class='ocrx_word' id='word_1_194' title='bbox 702 3458 835 3523; x_wconf 90' lang='lat' dir='ltr'><strong>antistes</strong></span> <span class='ocrx_word' id='word_1_195' title='bbox 857 3458 892 3521; x_wconf 93' lang='lat' dir='ltr'><strong>in</strong></span> <span class='ocrx_word' id='word_1_196' title='bbox 914 3456 1051 3523; x_wconf 89' lang='lat' dir='ltr'><strong>Domino</strong></span> <span class='ocrx_word' id='word_1_197' title='bbox 1073 3456 1218 3524; x_wconf 90' lang='lat' dir='ltr'><strong>salutem.</strong></span> 
     </span>
    </p>

    <p class='ocr_par' dir='ltr' id='par_1_8' title="bbox 363 3571 1544 4698">
     <span class='ocr_line' id='line_1_24' title="bbox 457 3571 1541 3658; baseline 0.003 -21"><span class='ocrx_word' id='word_1_198' title='bbox 457 3572 675 3638; x_wconf 75' lang='lat' dir='ltr'><strong>Admonemus</strong></span> <span class='ocrx_word' id='word_1_199' title='bbox 696 3592 763 3654; x_wconf 86' lang='lat' dir='ltr'><strong>vos,</strong></span> <span class='ocrx_word' id='word_1_200' title='bbox 786 3578 822 3637; x_wconf 91' lang='lat' dir='ltr'><strong>ut</strong></span> <span class='ocrx_word' id='word_1_201' title='bbox 842 3573 959 3655; x_wconf 79' lang='lat' dir='ltr'><strong>rogetis</strong></span> <span class='ocrx_word' id='word_1_202' title='bbox 982 3592 1091 3638; x_wconf 90' lang='lat' dir='ltr'><strong>omnes</strong></span> <span class='ocrx_word' id='word_1_203' title='bbox 1114 3572 1249 3657; x_wconf 74' lang='lat' dir='ltr'><strong>ubique⁴</strong></span> <span class='ocrx_word' id='word_1_204' title='bbox 1267 3571 1335 3638; x_wconf 90' lang='lat' dir='ltr'><strong>Dec</strong></span> <span class='ocrx_word' id='word_1_205' title='bbox 1358 3574 1541 3658; x_wconf 80' lang='lat' dir='ltr'><strong>servientes,</strong></span> 
     </span>
     <span class='ocr_line' id='line_1_25' title="bbox 363 3686 1542 3774; baseline -0.002 -19"><span class='ocrx_word' id='word_1_206' title='bbox 363 3696 436 3755; x_wconf 88' lang='lat' dir='ltr'><strong>tam</strong></span> <span class='ocrx_word' id='word_1_207' title='bbox 466 3708 574 3753; x_wconf 82' lang='lat' dir='ltr'><strong>seruos</strong></span> <span class='ocrx_word' id='word_1_208' title='bbox 596 3687 658 3754; x_wconf 88' lang='lat' dir='ltr'><strong>Dei</strong></span> <span class='ocrx_word' id='word_1_209' title='bbox 686 3708 780 3771; x_wconf 90' lang='lat' dir='ltr'><strong>quam</strong></span> <span class='ocrx_word' id='word_1_210' title='bbox 810 3686 940 3753; x_wconf 87' lang='lat' dir='ltr'><strong>ancillae</strong></span> <span class='ocrx_word' id='word_1_211' title='bbox 963 3687 1097 3771; x_wconf 85' lang='lat' dir='ltr'><strong>Christi,</strong></span> <span class='ocrx_word' id='word_1_212' title='bbox 1125 3688 1159 3754; x_wconf 93' lang='lat' dir='ltr'><strong>in</strong></span> <span class='ocrx_word' id='word_1_213' title='bbox 1181 3688 1345 3774; x_wconf 85' lang='lat' dir='ltr'><strong>provincia</strong></span> <span class='ocrx_word' id='word_1_214' title='bbox 1366 3688 1542 3774; x_wconf 83' lang='lat' dir='ltr'><strong>Thyringo-</strong></span> 
     </span>
     <span class='ocr_line' id='line_1_26' title="bbox 365 3802 1542 3889; baseline -0.002 -18"><span class='ocrx_word' id='word_1_215' title='bbox 365 3824 440 3871; x_wconf 89' lang='lat' dir='ltr'><strong>rum</strong></span> <span class='ocrx_word' id='word_1_216' title='bbox 469 3804 713 3888; x_wconf 84' lang='lat' dir='ltr'><strong>universamque</strong></span> <span class='ocrx_word' id='word_1_217' title='bbox 740 3802 881 3889; x_wconf 89' lang='lat' dir='ltr'><strong>plebem,</strong></span> <span class='ocrx_word' id='word_1_218' title='bbox 909 3808 946 3868; x_wconf 91' lang='lat' dir='ltr'><strong>ut</strong></span> <span class='ocrx_word' id='word_1_219' title='bbox 966 3804 1001 3868; x_wconf 92' lang='lat' dir='ltr'><strong>in</strong></span> <span class='ocrx_word' id='word_1_220' title='bbox 1024 3804 1184 3869; x_wconf 91' lang='lat' dir='ltr'><strong>communi</strong></span> <span class='ocrx_word' id='word_1_221' title='bbox 1206 3802 1455 3870; x_wconf 88' lang='lat' dir='ltr'><strong>misericordiam</strong></span> <span class='ocrx_word' id='word_1_222' title='bbox 1477 3802 1542 3869; x_wconf 92' lang='lat' dir='ltr'><strong>Do·</strong></span> 
     </span>
     <span class='ocr_line' id='line_1_27' title="bbox 365 3918 1543 4005; baseline -0.001 -19"><span class='ocrx_word' id='word_1_223' title='bbox 365 3920 450 3986; x_wconf 91' lang='lat' dir='ltr'><strong>mini</strong></span> <span class='ocrx_word' id='word_1_224' title='bbox 473 3919 690 4004; x_wconf 88' lang='lat' dir='ltr'><strong>deprecentur,</strong></span> <span class='ocrx_word' id='word_1_225' title='bbox 714 3923 868 4004; x_wconf 84' lang='lat' dir='ltr'><strong>quatenus</strong></span> <span class='ocrx_word' id='word_1_226' title='bbox 892 3918 932 3984; x_wconf 92' lang='lat' dir='ltr'><strong>ah</strong></span> <span class='ocrx_word' id='word_1_227' title='bbox 948 3918 1117 3984; x_wconf 84' lang='lat' dir='ltr'><strong>inminenti</strong></span> <span class='ocrx_word' id='word_1_228' title='bbox 1134 3918 1312 4005; x_wconf 86' lang='lat' dir='ltr'><strong>pluviarum</strong></span> <span class='ocrx_word' id='word_1_229' title='bbox 1328 3918 1451 4002; x_wconf 83' lang='lat' dir='ltr'><strong>flagello</strong></span> <span class='ocrx_word' id='word_1_230' title='bbox 1465 3918 1543 3985; x_wconf 89' lang='lat' dir='ltr'><strong>lihe-</strong></span> 
     </span>
     <span class='ocr_line' id='line_1_28' title="bbox 367 4032 1543 4116; baseline 0 -15"><span class='ocrx_word' id='word_1_231' title='bbox 367 4056 494 4116; x_wconf 66' lang='lat' dir='ltr'><strong>remum</strong></span> <span class='ocrx_word' id='word_1_232' title='bbox 517 4036 552 4100; x_wconf 93' lang='lat' dir='ltr'><strong>id</strong></span> <span class='ocrx_word' id='word_1_233' title='bbox 573 4038 635 4101; x_wconf 89' lang='lat' dir='ltr'><strong>est:</strong></span> <span class='ocrx_word' id='word_1_234' title='bbox 658 4040 695 4100; x_wconf 90' lang='lat' dir='ltr'><strong>ut</strong></span> <span class='ocrx_word' id='word_1_235' title='bbox 715 4054 811 4100; x_wconf 92' lang='lat' dir='ltr'><strong>unam</strong></span> <span class='ocrx_word' id='word_1_236' title='bbox 827 4034 1034 4101; x_wconf 89' lang='lat' dir='ltr'><strong>ebdomadam</strong></span> <span class='ocrx_word' id='word_1_237' title='bbox 1049 4034 1229 4101; x_wconf 88' lang='lat' dir='ltr'><strong>abstineant</strong></span> <span class='ocrx_word' id='word_1_238' title='bbox 1244 4054 1277 4100; x_wconf 89' lang='lat' dir='ltr'><strong>se</strong></span> <span class='ocrx_word' id='word_1_239' title='bbox 1293 4032 1332 4100; x_wconf 92' lang='lat' dir='ltr'><strong>ab</strong></span> <span class='ocrx_word' id='word_1_240' title='bbox 1348 4034 1434 4100; x_wconf 92' lang='lat' dir='ltr'><strong>omni</strong></span> <span class='ocrx_word' id='word_1_241' title='bbox 1450 4054 1543 4101; x_wconf 89' lang='lat' dir='ltr'><strong>carne</strong></span> 
     </span>
     <span class='ocr_line' id='line_1_29' title="bbox 369 4149 1544 4237; baseline 0 -20"><span class='ocrx_word' id='word_1_242' title='bbox 369 4158 403 4217; x_wconf 91' lang='lat' dir='ltr'><strong>et</strong></span> <span class='ocrx_word' id='word_1_243' title='bbox 426 4151 468 4217; x_wconf 91' lang='lat' dir='ltr'><strong>ab</strong></span> <span class='ocrx_word' id='word_1_244' title='bbox 491 4151 578 4215; x_wconf 94' lang='lat' dir='ltr'><strong>omni</strong></span> <span class='ocrx_word' id='word_1_245' title='bbox 599 4154 687 4237; x_wconf 92' lang='lat' dir='ltr'><strong>potu,</strong></span> <span class='ocrx_word' id='word_1_246' title='bbox 710 4151 745 4215; x_wconf 94' lang='lat' dir='ltr'><strong>in</strong></span> <span class='ocrx_word' id='word_1_247' title='bbox 768 4170 829 4234; x_wconf 92' lang='lat' dir='ltr'><strong>quo</strong></span> <span class='ocrx_word' id='word_1_248' title='bbox 852 4149 915 4215; x_wconf 92' lang='lat' dir='ltr'><strong>mel</strong></span> <span class='ocrx_word' id='word_1_249' title='bbox 937 4150 995 4231; x_wconf 84' lang='lat' dir='ltr'><strong>sit3</strong></span> <span class='ocrx_word' id='word_1_250' title='bbox 1019 4150 1157 4216; x_wconf 89' lang='lat' dir='ltr'><strong>secunda</strong></span> <span class='ocrx_word' id='word_1_251' title='bbox 1178 4150 1258 4216; x_wconf 84' lang='lat' dir='ltr'><strong>feria</strong></span> <span class='ocrx_word' id='word_1_252' title='bbox 1281 4154 1394 4235; x_wconf 89' lang='lat' dir='ltr'><strong>quarta</strong></span> <span class='ocrx_word' id='word_1_253' title='bbox 1415 4150 1495 4217; x_wconf 80' lang='lat' dir='ltr'><strong>feria</strong></span> <span class='ocrx_word' id='word_1_254' title='bbox 1512 4156 1544 4217; x_wconf 90' lang='lat' dir='ltr'><strong>et</strong></span> 
     </span>
     <span class='ocr_line' id='line_1_30' title="bbox 370 4264 1544 4352; baseline -0.001 -20"><span class='ocrx_word' id='word_1_255' title='bbox 370 4271 465 4334; x_wconf 82' lang='lat' dir='ltr'><strong>sexta</strong></span> <span class='ocrx_word' id='word_1_256' title='bbox 491 4266 572 4332; x_wconf 84' lang='lat' dir='ltr'><strong>feria</strong></span> <span class='ocrx_word' id='word_1_257' title='bbox 597 4266 743 4333; x_wconf 86' lang='lat' dir='ltr'><strong>ieiunatis</strong></span> <span class='ocrx_word' id='word_1_258' title='bbox 770 4285 870 4350; x_wconf 89' lang='lat' dir='ltr'><strong>usque</strong></span> <span class='ocrx_word' id='word_1_259' title='bbox 899 4265 940 4332; x_wconf 88' lang='lat' dir='ltr'><strong>ad</strong></span> <span class='ocrx_word' id='word_1_260' title='bbox 964 4285 1142 4352; x_wconf 85' lang='lat' dir='ltr'><strong>vesperum.</strong></span> <span class='ocrx_word' id='word_1_261' title='bbox 1177 4264 1220 4331; x_wconf 88' lang='lat' dir='ltr'><strong>Et</strong></span> <span class='ocrx_word' id='word_1_262' title='bbox 1242 4266 1456 4351; x_wconf 89' lang='lat' dir='ltr'><strong>unusquisque</strong></span> <span class='ocrx_word' id='word_1_263' title='bbox 1478 4285 1544 4331; x_wconf 90' lang='lat' dir='ltr'><strong>ser-</strong></span> 
     </span>
     <span class='ocr_line' id='line_1_31' title="bbox 371 4380 1544 4467; baseline -0.002 -20"><span class='ocrx_word' id='word_1_264' title='bbox 371 4402 486 4448; x_wconf 84' lang='lat' dir='ltr'><strong>rorum</strong></span> <span class='ocrx_word' id='word_1_265' title='bbox 501 4380 562 4449; x_wconf 87' lang='lat' dir='ltr'><strong>Dei</strong></span> <span class='ocrx_word' id='word_1_266' title='bbox 584 4387 617 4455; x_wconf 88' lang='lat' dir='ltr'><strong>et</strong></span> <span class='ocrx_word' id='word_1_267' title='bbox 636 4381 922 4447; x_wconf 76' lang='lat' dir='ltr'><strong>sanctimonialium</strong></span> <span class='ocrx_word' id='word_1_268' title='bbox 940 4382 1168 4466; x_wconf 81' lang='lat' dir='ltr'><strong>quinquaginta</strong></span> <span class='ocrx_word' id='word_1_269' title='bbox 1182 4380 1321 4467; x_wconf 88' lang='lat' dir='ltr'><strong>psalmos</strong></span> <span class='ocrx_word' id='word_1_270' title='bbox 1337 4384 1443 4447; x_wconf 90' lang='lat' dir='ltr'><strong>cantet</strong></span> <span class='ocrx_word' id='word_1_271' title='bbox 1458 4380 1544 4447; x_wconf 90' lang='lat' dir='ltr'><strong>omni</strong></span> 
     </span>
     <span class='ocr_line' id='line_1_32' title="bbox 374 4494 1544 4583; baseline -0.002 -21"><span class='ocrx_word' id='word_1_272' title='bbox 374 4496 425 4564; x_wconf 90' lang='lat' dir='ltr'><strong>dic</strong></span> <span class='ocrx_word' id='word_1_273' title='bbox 445 4498 481 4563; x_wconf 93' lang='lat' dir='ltr'><strong>in</strong></span> <span class='ocrx_word' id='word_1_274' title='bbox 502 4496 561 4563; x_wconf 91' lang='lat' dir='ltr'><strong>illa</strong></span> <span class='ocrx_word' id='word_1_275' title='bbox 582 4498 768 4583; x_wconf 88' lang='lat' dir='ltr'><strong>septimana.</strong></span> <span class='ocrx_word' id='word_1_276' title='bbox 801 4496 846 4563; x_wconf 86' lang='lat' dir='ltr'><strong>Et</strong></span> <span class='ocrx_word' id='word_1_277' title='bbox 866 4496 938 4563; x_wconf 88' lang='lat' dir='ltr'><strong>illas</strong></span> <span class='ocrx_word' id='word_1_278' title='bbox 961 4497 1091 4581; x_wconf 90' lang='lat' dir='ltr'><strong>missae,</strong></span> <span class='ocrx_word' id='word_1_279' title='bbox 1120 4516 1200 4581; x_wconf 88' lang='lat' dir='ltr'><strong>quae</strong></span> <span class='ocrx_word' id='word_1_280' title='bbox 1222 4516 1280 4583; x_wconf 94' lang='lat' dir='ltr'><strong>pro</strong></span> <span class='ocrx_word' id='word_1_281' title='bbox 1303 4494 1544 4583; x_wconf 86' lang='lat' dir='ltr'><strong>tempestatibus</strong></span> 
     </span>
     <span class='ocr_line' id='line_1_33' title="bbox 375 4610 1330 4698; baseline -0.001 -21"><span class='ocrx_word' id='word_1_282' title='bbox 375 4611 442 4679; x_wconf 87' lang='lat' dir='ltr'><strong>lieri</strong></span> <span class='ocrx_word' id='word_1_283' title='bbox 464 4612 598 4697; x_wconf 84' lang='lat' dir='ltr'><strong>soleant,</strong></span> <span class='ocrx_word' id='word_1_284' title='bbox 620 4612 790 4697; x_wconf 85' lang='lat' dir='ltr'><strong>celebrare,</strong></span> <span class='ocrx_word' id='word_1_285' title='bbox 813 4632 868 4679; x_wconf 83' lang='lat' dir='ltr'><strong>sos</strong></span> <span class='ocrx_word' id='word_1_286' title='bbox 890 4612 1088 4698; x_wconf 87' lang='lat' dir='ltr'><strong>presbiteri·,</strong></span> <span class='ocrx_word' id='word_1_287' title='bbox 1112 4610 1330 4679; x_wconf 88' lang='lat' dir='ltr'><strong>recordamini.</strong></span> 
     </span>
    </p>
   </div>
   <div class='ocr_carea' id='block_1_6' title="bbox 378 4754 1541 4913">
    <p class='ocr_par' dir='ltr' id='par_1_9' title="bbox 378 4754 1541 4913">
     <span class='ocr_line' id='line_1_34' title="bbox 445 4754 1541 4842; baseline -0.005 -23"><span class='ocrx_word' id='word_1_288' title='bbox 445 4788 466 4819; x_wconf 81' lang='grc' dir='ltr'><strong>ι.</strong></span> <span class='ocrx_word' id='word_1_289' title='bbox 486 4790 517 4819; x_wconf 76' lang='grc' dir='ltr'><strong>ιι</strong></span> <span class='ocrx_word' id='word_1_290' title='bbox 534 4773 558 4820; x_wconf 76' lang='lat' dir='ltr'><em>V</em></span> <span class='ocrx_word' id='word_1_291' title='bbox 570 4772 628 4821; x_wconf 69' lang='grc' dir='ltr'><strong>θῦν.</strong></span> <span class='ocrx_word' id='word_1_292' title='bbox 655 4772 835 4819; x_wconf 68' lang='lat' dir='ltr'><strong>steatomata.</strong></span> <span class='ocrx_word' id='word_1_293' title='bbox 927 4754 1016 4842; x_wconf 44' lang='lat' dir='ltr'><strong>lassleul</strong></span> <span class='ocrx_word' id='word_1_294' title='bbox 1029 4771 1057 4818; x_wconf 80' lang='lat'><strong>7.</strong></span> <span class='ocrx_word' id='word_1_295' title='bbox 1152 4782 1172 4816; x_wconf 77' lang='lat' dir='ltr'><strong>c.</strong></span> <span class='ocrx_word' id='word_1_296' title='bbox 1192 4788 1221 4815; x_wconf 74' lang='lat' dir='ltr'><strong>ex</strong></span> <span class='ocrx_word' id='word_1_297' title='bbox 1239 4770 1262 4817; x_wconf 74' lang='lat'><em>7</em></span> <span class='ocrx_word' id='word_1_298' title='bbox 1275 4770 1331 4816; x_wconf 74' lang='lat' dir='ltr'><strong>teo.</strong></span> <span class='ocrx_word' id='word_1_299' title='bbox 1361 4770 1465 4817; x_wconf 67' lang='lat' dir='ltr'><strong>home.-</strong></span> <span class='ocrx_word' id='word_1_300' title='bbox 1485 4768 1541 4815; x_wconf 79' lang='lat' dir='ltr'><strong>{ten</strong></span> 
     </span>
     <span class='ocr_line' id='line_1_35' title="bbox 378 4849 1005 4913; baseline -0.01 -10"><span class='ocrx_word' id='word_1_301' title='bbox 378 4854 471 4913; x_wconf 60' lang='grc'><strong>01111011</strong></span> <span class='ocrx_word' id='word_1_302' title='bbox 486 4853 556 4901; x_wconf 73' lang='lat' dir='ltr'><strong>talla</strong></span> <span class='ocrx_word' id='word_1_303' title='bbox 634 4850 657 4898; x_wconf 82' lang='lat' dir='ltr'><strong>d.</strong></span> <span class='ocrx_word' id='word_1_304' title='bbox 676 4850 754 4910; x_wconf 73' lang='lat' dir='ltr'><strong>ibique</strong></span> <span class='ocrx_word' id='word_1_305' title='bbox 771 4850 801 4897; x_wconf 77' lang='lat' dir='ltr'><strong>V.</strong></span> <span class='ocrx_word' id='word_1_306' title='bbox 876 4864 898 4896; x_wconf 80' lang='lat' dir='ltr'><strong>s.</strong></span> <span class='ocrx_word' id='word_1_307' title='bbox 916 4849 961 4909; x_wconf 85' lang='lat' dir='ltr'><strong>pbr</strong></span> <span class='ocrx_word' id='word_1_308' title='bbox 977 4850 1005 4897; x_wconf 78' lang='lat' dir='ltr'><strong>V.</strong></span> 
     </span>
    </p>
   </div>
   <div class='ocr_carea' id='block_1_7' title="bbox 0 0 2201 6034">
    <p class='ocr_par' dir='ltr' id='par_1_10' title="bbox 0 0 2201 6034">
     <span class='ocr_line' id='line_1_36' title="bbox 0 0 2201 6034; baseline 0 0"><span class='ocrx_word' id='word_1_309' title='bbox 0 0 2201 6034; x_wconf 95' lang='lat' dir='ltr'><strong> </strong></span> 
     </span>
    </p>
   </div>
  </div>
 </body>
</html>
