4342 6034
543 946 638 1077 12>

658 778 723 845 194
905 795 932 843 s.
949 794 1127 844 somnum
1148 797 1193 843 ur
1214 796 1318 844 nunu
1339 794 1528 845 urmuom
1555 794 1588 843 ιι

655 936 881 1003 cordavestra
904 940 936 1003 et
957 936 1140 1005 corroboret
1152 937 1187 1003 in
1202 936 1401 1005 exortatione
1414 935 1573 1020 euangelii
1586 934 1828 1003 inminioterio·

656 1072 718 1137 quo
741 1052 920 1137 fungimini,
943 1058 980 1119 ut
1001 1053 1123 1119 credita
1142 1053 1233 1119 vobio
1254 1052 1356 1139 plebs,
1379 1053 1495 1120 voetris
1515 1053 1580 1139 piis
1595 1052 1829 1119 ammonitioni·

655 1169 714 1237 bus
743 1168 886 1235 adiutore
913 1167 982 1235 Deo
1009 1189 1029 1235 a
1058 1168 1215 1235 diabolico
1242 1169 1354 1237 fraude
1381 1168 1533 1253 liberata,
1565 1167 1655 1235 salva
1680 1167 1831 1254 pmsistat

655 1304 774 1370 vosque
795 1284 982 1351 mereamini
1004 1284 1044 1353 de
1067 1304 1177 1351 eorum
1204 1285 1370 1353 animabus
1397 1285 1433 1351 in
1460 1285 1545 1353 diem
1567 1283 1688 1351 Christi
1715 1284 1830 1371 adpor-

655 1406 724 1469 tare
752 1400 885 1467 lucrum.
933 1400 1094 1487 Scriptum
1118 1401 1236 1487 quippe
1258 1406 1324 1469 este
1353 1402 1437 1467 Filii
1457 1405 1648 1489 eopimaoe,
1678 1402 1831 1467 oeeclea‘o

654 1522 827 1596 iustorum
849 1530 878 1583 et
898 1521 987 1585 cotio
1011 1540 1128 1599 eorum,
1153 1519 1348 1585 oboedientia
1370 1532 1399 1585 et
1419 1521 1538 1584 cooa'tos
1547 1513 1566 1583 ¹.
1601 1516 1740 1585 Obsecro
1756 1536 1831 1600 ergo

655 1654 727 1718 voe,
756 1632 917 1701 karissimi
938 1632 1032 1717 mihi,
1060 1638 1098 1701 ιιι
1125 1633 1219 1717 digne
1242 1633 1409 1701 ambuletis
1432 1634 1611 1717 vocatone,
1640 1652 1704 1717 qua
1726 1632 1831 1699 vocau'

656 1750 732 1817 estis
739 1745 761 1834 ¹,
789 1754 826 1817 ιιι
853 1748 944 1817 decet
966 1754 1108 1833 sanctos,
1138 1769 1210 1816 cum
1231 1749 1334 1816 multa
1355 1750 1512 1837 patentia
1534 1748 1760 1836 subportantee
1781 1748 1830 1813 in·

656 1866 757 1933 vicem
779 1865 814 1932 in
836 1860 996 1949 caritate⁸‚
1020 1865 1149 1933 solliciti
1170 1886 1298 1933 servam
1319 1867 1476 1933 unitatem
1497 1866 1631 1951 spritus
1652 1866 1688 1931 in
1702 1864 1830 1931 vinculo

654 1978 759 2069 paois‘
789 1986 822 2049 et
854 1982 1012 2063 caritatis3
1049 1982 1126 2069 quia
1152 1980 1225 2049 linis
1253 1983 1415 2069 praecepti
1444 1982 1562 2049 ariao
1590 1986 1641 2049 est
1667 1981 1707 2047 de
1735 1980 1830 2047 corde

654 2116 735 2184 puro
764 2102 796 2164 et
823 2097 1016 2165 conscientia
1029 2098 1126 2165 'bona
1147 2103 1180 2165 et
1200 2097 1263 2165 fide
1285 2118 1350 2165 uon
1370 2094 1471 2165 oea&
1517 2096 1648 2165 Gaudeo
1669 2098 1705 2165 iu
1727 2096 1829 2181 vobis,

654 2212 833 2297 karissimi,
856 2214 1005 2299 quoniam
1026 2212 1105 2281 tides
1126 2220 1234 2283 sesua
1256 2220 1289 2281 et
1309 2215 1416 2282 unitas
1438 2234 1516 2298 erga
1535 2234 1595 2281 nos
1617 2214 1761 2301 pretiosa
1781 2218 1832 2281 est

656 2335 689 2397 et
713 2329 882 2397 manifesta
908 2350 972 2397 non
995 2329 1099 2397 solum
1121 2350 1228 2397 coram
1249 2330 1318 2397 Deo
1341 2330 1398 2397 sed
1420 2334 1454 2397 et
1474 2349 1581 2397 coram
1604 2328 1752 2397 omnibus
1773 2328 1831 2395 ho-

655 2445 810 2529 minibus,
839 2445 915 2511 dum
943 2446 984 2513 ad
1010 2446 1167 2513 fautorem
1190 2452 1224 2514 et
1244 2447 1433 2531 magistrum
1454 2452 1597 2515 uestmrn
1620 2467 1640 2513 a
1661 2444 1731 2513 Deo
1753 2465 1831 2513 con-

655 2562 803 2629 stitutum
834 2561 963 2629 beatum
997 2562 1212 2649 apostolorum
1240 2563 1420 2651 principem
1444 2561 1576 2630 Petrum
1602 2562 1833 2647 benignissima

655 2677 818 2745 voluntate
840 2679 984 2745 conversi
1006 2680 1092 2745 estis.
1138 2678 1321 2746 Laudabilis
1343 2678 1421 2747 fides
1444 2684 1552 2747 uestra
1573 2684 1607 2747 et
1627 2678 1712 2747 bona
1731 2678 1833 2764 fama,

657 2794 807 2879 quoniam
828 2794 861 2861 id
884 2794 990 2881 ipsum
1012 2796 1136 2883 sapitis,
1159 2816 1241 2881 quae
1263 2801 1390 2883 oportet
1410 2793 1551 2885 sapere⁶.
1589 2796 1634 2863 Et
1654 2814 1741 2863 nunc
1763 2794 1835 2864 Deo

656 2906 847 2998 cooperante
875 2916 924 2979 est
952 2916 1123 2996 aggregata
1153 2913 1305 2980 sanctitas
1333 2918 1441 2982 uestra
1468 2918 1597 2981 nostrae
1624 2912 1772 2981 societati
1799 2914 1835 2981 iu

655 3048 718 3095 uuo
741 3027 895 3115 pastorali
917 3028 1008 3111 ovili3
1032 3034 1065 3097 et
1087 3034 1137 3095 est
1157 3028 1249 3097 nobis
1271 3048 1353 3097 unus
1375 3034 1495 3117 pastor,
1519 3029 1575 3115 qui
1593 3034 1762 3116 apostare
1776 3050 1835 3117 pa·

656 3150 793 3229 storum,
821 3144 949 3211 domino
972 3144 1030 3211 deo
1054 3151 1087 3213 et
1108 3144 1266 3213 salvatore
1287 3150 1397 3213 nostro
1419 3145 1490 3215 Iesu
1511 3146 1653 3230 Christo,
1680 3146 1836 3234 princeps

656 3259 871 3347 apostolorum
894 3266 926 3327 et
947 3265 1055 3329 noster
1077 3261 1187 3329 decor
1210 3266 1259 3329 est
1279 3262 1453 3330 institutus.

745 3375 878 3443 Habetis
900 3376 1007 3462 itaque
1029 3382 1141 3445 nostra
1161 3378 1231 3445 vioe
1247 3413 1289 3425 -
1305 3378 1346 3445 ad
1367 3376 1607 3445 confortandum
1628 3378 1836 3449 dilectionem

656 3498 794 3561 vestram
817 3496 850 3559 et
871 3492 1138 3563 conlaborandum
1158 3494 1248 3562 robis
1269 3494 1304 3561 in
1325 3494 1526 3579 euangelium
1545 3494 1665 3563 Christi
1679 3530 1724 3543 ·-
1740 3516 1836 3565 sano

655 3608 814 3676 tissimum
842 3626 881 3676 uc
907 3610 1197 3679 reverentissimum
1220 3610 1430 3697 Bonifatium,
1457 3612 1589 3681 fratem
1611 3616 1761 3679 nostrum
1785 3634 1837 3681 ar·

655 3725 901 3813 ohiepiscopum,
925 3726 1118 3814 apostolicae
1139 3727 1224 3794 sedis
1245 3727 1385 3812 legatum
1408 3734 1441 3797 et
1460 3732 1604 3795 noemam
1623 3734 1837 3815 praesentan-

654 3847 721 3909 tem
742 3843 853 3911 vioom.
938 3842 988 3910 Sit
1010 3864 1085 3927 ergo
1108 3845 1288 3911 constantia
1309 3850 1416 3911 restra
1438 3844 1590 3913 advorsus
1611 3846 1837 3915 contentiones

655 3978 775 4043 eorum,
799 3958 853 4044 qui
876 3958 1009 4027 adversa
1031 3961 1161 4048 sapiunt
1182 3966 1216 4028 et
1235 3978 1301 4029 non
1323 3980 1404 4046 quae
1418 3960 1482 4029 Dei
1502 3956 1605 4046 sunt',
1629 3966 1662 4029 et
1682 3962 1747 4029 erit
1771 3964 1838 4031 for·

655 4076 718 4143 tior
740 4080 833 4162 petra
854 4076 1032 4143 constantia
1052 4082 1174 4159 vestro;
1203 4078 1286 4145 sicut
1312 4078 1467 4165 scriptum
1496 4083 1560 4146 est:
1588 4078 1641 4145 Ne
1661 4082 1837 4147 amueeoo

656 4190 713 4259 ocb
737 4196 780 4259 eis
808 4215 907 4279 oeque
935 4198 1117 4261 terreamini
1143 4220 1164 4261 o
1183 4195 1280 4280 faeie
1301 4218 1423 4276 eorum,
1456 4200 1515 4282 qoo'
1535 4218 1651 4283 coepes
1672 4200 1837 4281 occident,

656 4312 796 4375 unimam
818 4322 921 4375 cotem
942 4333 1007 4377 ooo
1029 4324 1163 4399 poterent
1184 4306 1350 4378 occidero&
1386 4311 1481 4394 Qood
1502 4326 1606 4379 uocem
1626 4316 1663 4378 io
1677 4336 1762 4381 oure
1777 4340 1838 4381 oo·

656 4428 742 4508 da'tee,
761 4427 947 4513 praedicate
968 4430 1003 4492 o'o
1026 4422 1177 4507 lumioe⁰3
1199 4429 1291 4495 idum
1314 4432 1463 4511 ommno,
1488 4432 1546 4516 qui
1565 4442 1667 4517 potest
1687 4434 1839 4498 anonam

728 4634 749 4667 s.
770 4620 902 4681 minysterio
919 4625 954 4668 M.
1031 4622 1053 4668 b.
1075 4623 1104 4669 ab
1121 4627 1148 4672 C.

728 4728 752 4781 1.
772 4724 895 4795 Ecolit,
909 4726 933 4781 1.
1011 4728 1036 4781 2.
1055 4726 1235 4798 Ephes.4,l.
1307 4728 1333 4783 3.
1352 4728 1453 4798 Euhoe.
1465 4728 1493 4799 4,
1506 4731 1532 4784 2.
1603 4729 1631 4783 4.
1649 4726 1838 4801 linteam.

655 4814 682 4869 5.
703 4814 716 4869 1
730 4814 848 4871 iimoth.
863 4818 887 4885 1,
900 4816 926 4871 5.
998 4817 1023 4871 6.
1048 4814 1090 4872 01.
1110 4818 1188 4873 Rom.
1202 4818 1244 4886 12,
1257 4817 1283 4870 3.
1355 4817 1382 4871 l.
1405 4816 1500 4873 llattlu
1515 4818 1558 4887 16,
1570 4817 1614 4873 23.
1686 4818 1714 4872 8.
1733 4818 1837 4876 Hattlr.

658 4904 700 4973 10,
713 4904 756 4973 28,
775 4904 842 4960 Luc.
857 4904 937 4975 121.
1027 4906 1052 4960 9.
1077 4902 1119 4961 Cf.
1138 4906 1205 4961 Luc.
1219 4906 1262 4975 12,
1274 4906 1300 4961 3.
