4342 6034
640 780 708 846 320
986 796 1174 845 armnonsn
1195 794 1423 844 noeosnmsn
1446 794 1461 841 4

533 963 557 1003 e.
569 948 622 1004 815
639 938 694 1023 ml,
717 944 886 1024 utoumque
908 937 1095 1025 praedietis,
1120 937 1228 1005 audire
1251 938 1397 1022 dignetur
1421 935 1607 1003 excellentia
1628 941 1735 1003 vestra
1754 956 1800 1003 re-
1919 914 1920 979 l

639 1054 860 1121 clamationem
881 1055 1029 1121 miseriae
1050 1060 1186 1121 nostrae.
1919 1038 1920 1043 ἵ

728 1169 803 1236 Fuit
829 1190 966 1255 namque
992 1170 1101 1254 nobis,
1129 1170 1330 1236 serenissime
1351 1169 1539 1255 imperator,
1567 1173 1659 1254 pater
1680 1168 1802 1234 nomine

553 1370 557 1374 ‚
638 1284 786 1352 Rishart·
808 1291 841 1351 et
861 1284 1014 1372 patruelis
1036 1286 1163 1352 nomine
1185 1284 1338 1368 Rienow,
1362 1284 1454 1351 ambo
1478 1282 1636 1367 Saxones,
1665 1284 1802 1351 ethere

640 1402 722 1468 ditas
745 1422 854 1468 eorum
875 1402 909 1467 in
931 1401 1003 1487 ipsa
1024 1402 1174 1469 extiterat
1196 1398 1343 1467 Saxonis
1387 1400 1472 1467 Dum
1494 1404 1600 1467 autern
1623 1401 1656 1466 in
1680 1400 1804 1467 servitio
1919 1460 1920 1501 ᾖ

639 1518 740 1604 patris
762 1518 870 1602 vestri,
893 1516 992 1584 leliois
1015 1518 1186 1583 memoriae
1209 1517 1315 1583 domni
1331 1515 1437 1582 Caroli
1458 1516 1672 1602 imperatoris,
1695 1516 1805 1583 extite-

639 1638 723 1718 runt,
745 1633 916 1720 propinqui
937 1652 1047 1699 eorum
1070 1640 1164 1717 atque
1186 1652 1356 1719 pagenses,
1379 1652 1474 1699 eausa
1498 1632 1736 1699 christianitatis
1758 1632 1806 1697 fn·

639 1770 710 1815 rore
733 1768 767 1816 se
795 1768 891 1836 super
917 1768 971 1814 eos
998 1749 1177 1833 turbantes,
1207 1750 1312 1815 omnia
1334 1768 1414 1834 quae
1437 1750 1471 1814 in
1494 1749 1638 1815 domibus
1662 1749 1807 1836 propriae

639 1865 862 1933 elaborationis
884 1864 1071 1949 babuerunt,
1095 1870 1208 1932 cuneta
1229 1866 1347 1951 raptim
1370 1865 1583 1951 diripuerunt3
1608 1884 1645 1931 eo
1669 1864 1752 1950 quod
1774 1866 1808 1930 in

638 1982 700 2049 lide
722 1982 961 2048 ohristianitatis
983 1981 1064 2048 velle
1086 2002 1140 2048 eos
1163 1982 1332 2068 persistere
1355 1987 1530 2065 senserunt,
1554 1988 1586 2049 et
1607 2002 1678 2049 earn
1692 2000 1808 2065 negare

639 2098 703 2164 ullo
726 2098 818 2163 modo
841 2091 1018 2163 noluerunt.
1058 2096 1175 2164 Postea
1196 2118 1271 2165 vero
1294 2098 1434 2181 eontigit,
1457 2102 1493 2163 nt
1515 2097 1648 2163 domnus
1671 2098 1809 2183 impera·

569 2222 621 2277 798
639 2220 690 2280 tor
718 2213 892 2300 patruelem
920 2234 1026 2280 meum
1048 2214 1175 2280 Rioholf
1193 2214 1281 2281 misit
1302 2214 1336 2279 in
1358 2214 1554 2279 missaticum
1577 2232 1673 2299 super
1694 2212 1809 2279 Elbam

640 2350 710 2397 enm
732 2331 783 2396 his
804 2330 936 2397 inferius
958 2330 1102 2416 seriptis,
1126 2329 1158 2395 id
1181 2334 1230 2396 est
1251 2328 1365 2395 Rorih⁰
1387 2329 1511 2413 comite,
1535 2328 1734 2395 Gotessoalod
1758 2348 1810 2396 oo-

639 2446 727 2530 mite‚
749 2446 838 2511 Had·
860 2446 974 2513 eomite
996 2451 1028 2512 et
1042 2444 1172 2527 Garih¹3
1197 2446 1251 2529 qui
1272 2464 1380 2511 omnes
1401 2463 1465 2511 nna
1483 2444 1601 2511 ibidem
1615 2446 1742 2511 lnemnt
1760 2465 1811 2512 oo
1919 2444 1920 2521 ξ

639 2558 855 2649 oisl¹propter
870 2561 1109 2628 christianitatis
1125 2560 1382 2627 stabilimentum.
1450 2559 1518 2639 Quo
1535 2560 1651 2645 audito,
1668 2562 1812 2648 perrexit
1865 2642 1871 2651 ,
1919 2538 1920 2543 ¹

639 2682 731 2764 pater
750 2698 838 2745 mous
853 2677 983 2744 Riohart
1005 2676 1152 2744 naubare
1174 2676 1232 2744 hoo
1248 2677 1361 2743 domno
1376 2676 1561 2762 imperatori
1576 2675 1698 2743 Garolo.
1771 2676 1812 2745 Et

639 2794 714 2860 dum
735 2794 770 2859 in
791 2793 847 2860 illa
869 2794 921 2860 via
942 2793 1013 2877 fnit,
1036 2793 1233 2880 adprehensa
1255 2798 1304 2859 est
1323 2793 1395 2879 ipsa
1415 2796 1518 2859 mater
1540 2814 1612 2859 mea
1634 2793 1673 2860 ab
1689 2792 1811 2861 eisdem

639 2910 732 2994 viris,
760 2910 815 2995 qui
841 2908 913 2975 illos
942 2910 1101 2996 praefatos
1128 2910 1241 2975 missos
1274 2914 1367 2975 antea
1391 2908 1633 2993 interfeoemnt,
1668 2914 1701 2976 et
1725 2910 1811 2977 inter

638 3046 751 3093 manus
769 3024 989 3092 fideiussorum
1004 3025 1255 3092 sommendatam
1271 3024 1481 3111 reliquersmt3
1505 3030 1671 3109 ceteraque
1691 3027 1810 3111 omnia,

638 3162 719 3227 quae
739 3140 858 3209 ibidem
877 3142 911 3207 in
926 3142 1103 3227 sumptibus
1119 3140 1169 3207 vel
1184 3140 1254 3207 aliis
1270 3140 1460 3226 quibuslibet
1474 3140 1567 3207 rebus
1582 3146 1711 3227 reperta
1727 3148 1810 3226 sunt,
1919 3172 1920 3243 ἐ

638 3278 745 3325 seeum
767 3278 825 3344 per
846 3258 993 3344 rapinam
1014 3258 1185 3345 priserunt.
1221 3256 1310 3336 Quod
1334 3276 1402 3323 oum
1427 3264 1623 3345 compertum
1645 3258 1708 3323 fuit
1726 3260 1811 3345 patri

638 3395 724 3458 meo,
753 3374 901 3441 transivit
928 3372 1063 3440 latenter
1090 3378 1122 3439 et
1150 3394 1220 3439 eam
1243 3374 1333 3459 quasi
1355 3374 1465 3440 furtim
1488 3374 1637 3460 arripuit3
1665 3374 1811 3460 fugitque

639 3508 711 3557 oum
734 3510 772 3555 ea
792 3490 827 3555 in
849 3508 982 3576 pagum,
1007 3490 1062 3575 qui
1083 3494 1214 3555 voeotur
1236 3488 1439 3573 mannaim,
1462 3488 1497 3555 in
1519 3494 1697 3557 maternam
1720 3490 1811 3557 bere·

639 3605 772 3672 dotsm
795 3625 894 3671 suam.
932 3604 976 3671 Et
997 3605 1043 3671 sio
1064 3606 1183 3671 mansit
1203 3604 1257 3689 ibi,
1281 3606 1380 3673 doneo
1402 3626 1442 3673 ex
1464 3606 1604 3674 iussione
1625 3606 1736 3673 domni
1751 3607 1811 3673 im·

568 3735 622 3790 804
638 3722 793 3808 peratoris
815 3719 966 3804 Saxones,
988 3721 1073 3787 taeta
1094 3722 1371 3805 transmigratione
1393 3722 1433 3789 de
1449 3721 1597 3806 Saxonis,
1620 3742 1678 3809 per
1701 3729 1810 3809 partes

640 3838 744 3904 educti
767 3844 855 3918 sunt3
879 3842 912 3904 et
933 3843 1009 3903 tuno
1032 3837 1128 3903 etiam
1151 3839 1302 3924 temporis
1325 3858 1396 3905 eum
1419 3838 1539 3905 eisdem
1561 3842 1653 3926 pater
1672 3858 1765 3905 meus
1781 3844 1812 3905 et
1919 3908 1920 3919 ἶ

639 3959 740 4020 mater
763 3954 867 4020 edueti
888 3952 1026 4019 fuerunt.
1118 3952 1235 4031 Quibus
1259 3974 1333 4020 vero
1358 3954 1478 4021 eduetis
1501 3961 1533 4021 et
1554 3956 1588 4020 in
1611 3955 1683 4041 ipsa
1704 3959 1810 4021 bans·

639 4070 826 4153 migratione
848 4088 906 4155 per
928 4073 1047 4153 quanta
1070 4069 1209 4154 qualibet
1224 4070 1328 4155 spatia
1342 4070 1618 4155 eommorantibus,
1643 4072 1811 4158 apropria
1919 4110 1920 4135 r

713 4233 733 4265 ι.
752 4218 847 4265 Richtrl
861 4237 949 4267 erasnm
965 4230 1005 4266 aa
1056 4206 1095 4266 ¹b.
1116 4218 1208 4267 Rioholl
1222 4238 1318 4268 erocum.
1387 4235 1406 4268 e.
1426 4220 1497 4268 Rorih
1513 4240 1600 4269 uotum
1616 4232 1657 4269 ut.
1720 4222 1744 4269 (l.
1766 4222 1809 4269 (io-

638 4299 737 4346 tooooale
752 4316 848 4346 amosa.
925 4313 946 4346 a.
966 4299 1018 4347 ned
1032 4318 1128 4347 ausum.
1206 4301 1223 4347 f.
1243 4300 1313 4347 (lulli
1328 4318 1423 4349 mn.

711 4406 736 4458 1.
759 4402 890 4459 Einbordi
912 4404 1025 4459 annales
1043 4405 1095 4459 798
1115 4402 1196 4469 (lton.
1216 4404 1307 4461 Germ.
1327 4402 1376 4461 SS.
1394 4406 1408 4461 I
1426 4406 1504 4472 185):
1532 4404 1675 4476 „Saxones
1693 4405 1808 4463 banael

638 4490 713 4547 binni
732 4522 765 4533 -
782 4493 889 4563 legatos
906 4494 988 4563 rogis,
1009 4494 1056 4563 qai
1073 4492 1110 4547 ad
1129 4508 1176 4549 sos
1195 4492 1230 4549 ob
1248 4494 1368 4549 iustitias
1386 4492 1526 4551 faciendas
1544 4494 1620 4551 missi
1638 4500 1726 4565 orant,
1745 4510 1807 4551 oon-

637 4581 786 4651 prehensos
805 4580 977 4651 interfioiunt,
995 4582 1091 4651 paneis
1109 4596 1202 4637 eorum
1221 4584 1300 4653 quasi
1318 4582 1354 4637 ad
1371 4582 1558 4638 redimendum
1571 4584 1732 4655 reservatis3
1751 4588 1806 4637 tru-

639 4670 763 4725 oidantes
786 4686 848 4725 oum
869 4672 967 4726 esteris
991 4675 1020 4725 et
1042 4670 1302 4741 Godesosloum,
1328 4672 1402 4742 regis
1419 4672 1555 4742 legatum,
1579 4686 1661 4741 qnam
1679 4672 1725 4727 ille
1743 4677 1806 4726 anto

638 4773 742 4828 paucos
762 4759 822 4813 dies
846 4759 882 4813 ad
899 4758 1058 4830 sigifridum
1077 4774 1171 4829 regom
1190 4758 1330 4817 Danomm
1349 4761 1468 4815 miserat.
1496 4760 1524 4815 Is
1542 4776 1605 4817 eum
1623 4760 1718 4815 eodem
1738 4764 1805 4815 tem·

638 4862 704 4917 pore
726 4852 921 4918 reverteretur,
947 4847 983 4903 ab
1006 4847 1087 4903 buius
1109 4848 1251 4905 seditionis
1272 4849 1430 4907 auctoribus
1448 4850 1615 4920 interceptus
1633 4854 1716 4921 atque
1734 4848 1804 4905 oeci·
1919 4874 1920 4921 3

637 4952 686 4992 sus
703 4938 776 4992 est“.
