4342 6034
639 738 707 804 614
844 756 925 803 vrrs
947 756 1104 804 cascum
1125 754 1388 803 sucumrrscorr
1408 754 1606 803 uocusunsr

640 898 681 963 ad
702 896 899 981 religionem,
922 896 964 963 ad
984 916 1161 983 pauperum
1176 896 1406 981 miserationes,
1429 904 1590 983 postremo
1605 902 1642 963 ut
1654 898 1704 963 ius
1720 916 1819 964 sunm

638 1014 807 1099 uuicuique
829 1013 983 1079 tribueret
1004 1019 1037 1079 et
1057 1013 1149 1079 iuxta
1172 1012 1349 1099 apostolum
1366 1015 1475 1079 omnia
1488 1018 1526 1079 ut
1539 1014 1684 1080 omnibus
1700 1008 1818 1096 essct‘,

639 1129 849 1210 adniteretur3
881 1134 1053 1195 nocturnus
1074 1133 1178 1211 sator,
1202 1129 1256 1214 qui
1278 1129 1405 1195 seduxit
1426 1129 1610 1197 universum
1631 1125 1758 1196 orbem¹
1784 1134 1821 1195 et

639 1246 693 1330 qui
719 1245 801 1310 nihil
828 1244 1052 1330 intemptatum
1081 1244 1229 1327 dimittit,
1259 1244 1372 1310 sathan
1394 1244 1556 1329 videlicet,
1587 1244 1689 1328 elicit,
1718 1244 1819 1311 honis

638 1360 757 1445 ceptis·
785 1360 853 1427 eius
887 1360 1033 1426 inridens
1067 1364 1163 1445 atque
1196 1360 1304 1444 quieti.
1346 1359 1439 1447 Cepit
1464 1362 1573 1447 itaque
1600 1361 1819 1428 venerabilem

638 1477 742 1542 virum
769 1496 828 1563 per
855 1477 992 1543 maiores
1020 1475 1107 1542 illius
1135 1474 1265 1541 ecclesie
1292 1476 1518 1563 principes-
1543 1498 1676 1562 quorum
1701 1482 1820 1563 patres

636 1612 696 1679 pro
711 1590 897 1676 hlaguutine
918 1592 1050 1659 ecclesie
1071 1591 1217 1659 libertate
1237 1590 1355 1658 tuenda
1369 1593 1533 1678 proprium
1550 1591 1724 1659 effuderant
1738 1612 1823 1659 san-

636 1709 765 1792 minem
781 1744 824 1755 —
840 1708 948 1774 ascitis
972 1707 1044 1791 hiis,
1068 1707 1122 1793 qui
1146 1727 1166 1773 a
1187 1706 1369 1794 primordiis
1393 1701 1603 1775 adolescentie
1618 1728 1673 1775 sue
1686 1708 1721 1774 in
1735 1708 1822 1775 boni

636 1825 698 1891 virr'
720 1843 830 1891 necem
851 1823 1014 1906 ardebant,
1036 1822 1209 1891 lacessere*
1225 1822 1359 1889 finitimo
1375 1830 1408 1889 et
1421 1823 1594 1891 domestico
1609 1824 1705 1904 bello;
1728 1824 1822 1890 bona

637 1940 767 2007 ecclesie
782 1940 850 2006 cius
864 1939 1016 2005 invadere
1030 1938 1179 2025 diripere,
1202 1940 1417 2005 sanctuarium
1431 1939 1493 2005 Dei
1507 1939 1717 2026 prophanare,
1740 1959 1821 2005 cru·

637 2076 704 2123 cem
735 2062 768 2124 et
789 2054 922 2121 vulnera
949 2054 1079 2121 Domini
1107 2074 1195 2121 more
1223 2054 1349 2121 ludaico
1376 2074 1550 2141 conspuere
1577 2055 1820 2142 blasphemare3

637 2172 772 2257 denique
795 2170 950 2254 sacrilego
971 2190 1070 2236 manu
1092 2170 1199 2237 omnia
1221 2170 1411 2237 confundere
1433 2170 1638 2238 commissero
1660 2170 1820 2257 polluere,

636 2288 718 2354 nulli
738 2306 880 2374 parcere,
902 2286 983 2351 nulli
1005 2305 1116 2371 pacem
1131 2290 1281 2368 'servare;
1303 2286 1529 2353 intollerabiles
1552 2286 1732 2354 exactiones
1752 2306 1821 2373 per

637 2404 856 2491 episcopatum
879 2421 1037 2469 exercere.

726 2518 931 2585 Voluntatem
960 2518 1068 2602 itaque
1096 2536 1204 2583 eorum
1226 2516 1345 2584 malam
1367 2521 1401 2583 et
1420 2536 1556 2601 nequam
1580 2522 1613 2584 et
1633 2518 1819 2585 mmifesci·
1921 2550 1922 2575 ÷

637 2635 796 2719 sacrilegii
819 2654 917 2722 opera
938 2633 1142 2721 rapinarum*¹
1163 2633 1370 2719 conspiciens,
1393 2632 1605 2699 multimodis·
1629 2654 1733 2701 secum
1756 2634 1820 2701 de-

635 2751 802 2835 liberabat,
826 2750 962 2836 qualiter
984 2750 1057 2815 huic
1077 2749 1163 2815 malo
1187 2754 1373 2815 occurreret.
1407 2748 1578 2834 Multisque
1597 2750 1639 2816 ad
1658 2750 1715 2817 hec
1737 2751 1820 2836 qne‘

636 2868 817 2935 necessaria
838 2866 1028 2933 ridebantur
1050 2864 1211 2949 adhibitis,
1235 2885 1282 2948 ea,
1305 2873 1385 2949 que⁸
1405 2865 1494 2951 pacis
1517 2871 1617 2950 amnt,
1640 2866 1725 2953 cepit
1744 2867 1818 2953 pri-

636 3005 726 3051 mum
746 3002 870 3068 rogare
963 2980 1105 3047 Tandem
1134 3000 1221 3063 cum,
1250 2980 1418 3067 potissima
1444 2981 1644 3067 episcopatus
1667 2982 1817 3069 deperdi-

636 3106 706 3167 tum
726 3100 794 3167 irel
815 3096 997 3166 cottidianis
1019 3096 1173 3163 incendiis
1195 3097 1316 3182 rapinis
1340 3094 1562 3163 afflictionibus
1585 3102 1617 3163 et
1640 3098 1816 3165 exactioni-

636 3216 711 3299 bus,
734 3234 807 3281 cum
830 3213 944 3280 altaria
966 3213 1119 3297 execrari,
1142 3212 1219 3279 vite*
1243 3232 1316 3279 cum
1337 3212 1431 3279 rebus
1454 3211 1575 3297 privari
1596 3232 1681 3297 snos,
1703 3214 1815 3282 dolore

637 3331 809 3398 cottidiano
835 3329 1049 3415 conspiceret3
1075 3335 1181 3412 ratus,
1211 3327 1295 3413 quod
1322 3328 1356 3393 in
1384 3326 1441 3393 teli
1462 3327 1531 3393 foro
1553 3328 1667 3395 melius
1689 3330 1814 3396 mnin-

637 3467 712 3531 gere
733 3446 852 3533 potuit3
877 3444 989 3511 statuit
1011 3445 1076 3510 vim
1097 3444 1130 3509 vi
1153 3443 1316 3529 repellere,
1331 3463 1488 3510 mucrone
1502 3464 1693 3513 mucronem.
1766 3446 1813 3515 Et

550 3570 620 3626 1155
638 3562 758 3649 apertis
780 3561 938 3629 thesauris
961 3560 1027 3625 suis
1051 3565 1084 3625 et
1106 3558 1236 3626 ecclesie
1258 3580 1324 3643 suo,
1347 3580 1405 3647 pro
1428 3558 1547 3627 honore
1564 3559 1625 3627 Dei
1647 3566 1684 3627 ut
1705 3563 1753 3628 vir
1773 3562 1809 3628 in

638 3679 745 3745 hostes
768 3678 876 3745 exirit
915 3676 1087 3761 Vicemqne
1109 3675 1250 3759 tristem,
1273 3680 1369 3761 prout
1390 3680 1515 3762 tempus
1537 3676 1755 3745 blandiebatur
1774 3684 1809 3744 et

637 3795 736 3878 locus,
758 3793 898 3860 inimicis
913 3792 1045 3859 Domini
1061 3790 1224 3875 sacrilegis
1240 3796 1273 3857 et
1285 3792 1439 3877 tyrannis,
1464 3792 1518 3877 qui
1533 3792 1632 3875 gratis
1647 3793 1804 3861 ecclesiam

638 3910 769 3977 Domini
796 3902 1083 3997 persequebantur⁸
1101 3942 1141 3954 -
1161 3914 1328 3995 postquam
1351 3907 1515 3992 legittimis
1537 3928 1591 3975 cos
1613 3914 1740 3976 vocarat
1757 3910 1805 3974 in·

639 4024 759 4093 duciis¹
781 4030 814 4092 et
842 4025 883 4092 ad
905 4024 1154 4091 satisfactionem
1175 4025 1284 4091 renim
1306 4028 1562 4111 contempserant
1583 4060 1627 4071 -
1648 4020 1801 4092 reddidit⁴.

711 4180 732 4213 a.
753 4166 854 4227 acceptis
869 4168 892 4214 2
951 4165 976 4213 b.
996 4166 1111 4213 lucum
1128 4168 1150 4222 1,
1165 4166 1278 4213 lacessere
1294 4166 1316 4212 2.
1379 4180 1399 4212 o.
1418 4170 1453 4214 cic
1467 4170 1551 4227 scripsi
1561 4184 1605 4227 pro
1621 4167 1738 4215 muitum
1751 4166 1800 4221 1‚2

638 4248 662 4295 d.
681 4250 782 4309 sequitur
796 4248 962 4307 concupiscens
977 4250 1001 4293 ὴ
1013 4248 1035 4303 1,
1051 4247 1090 4292 ola·
1104 4264 1150 4293 uox
1163 4247 1238 4293 deiero
1249 4255 1295 4301 eat,-
1311 4246 1508 4306 concupiscentias
1524 4246 1582 4293 add.
1593 4248 1617 4293 2.
1695 4263 1715 4295 c.
1733 4244 1798 4292 uulfi-

638 4328 714 4374 nmdis
729 4330 813 4387 εαΐρει·
824 4345 867 4387 pro
883 4326 962 4373 multis
973 4328 996 4384 l,
1007 4328 1030 4372 2.
1091 4325 1108 4373 i.
1130 4338 1173 4386 qne
1188 4342 1231 4371 om.
1242 4328 1264 4372 1.
1327 4338 1348 4383 g.
1369 4327 1470 4385 queat.
1531 4325 1555 4371 h.
1576 4326 1638 4372 itii.
1700 4322 1798 4373 isitil.

638 4407 663 4454 k.
677 4407 771 4454 iudiciis
786 4408 809 4454 2.
1353 4420 1357 4427 ¹

711 4495 737 4549 1.
757 4493 848 4549 1001'.
862 4494 887 4563 9,
900 4494 945 4548 22.
1004 4492 1030 4547 2.
1049 4492 1163 4562 Αροωί.
1181 4492 1223 4561 12,
1236 4492 1261 4545 9.
1317 4492 1343 4545 3.
1361 4492 1560 4561 Ps.118,1612
1580 4490 1737 4563 ,Principes
1746 4502 1798 4559 ptr·

639 4582 729 4637 amnti
746 4588 811 4638 sunt
828 4597 873 4637 me
889 4581 1009 4651 gratis“.
1087 4582 1115 4637 4.
1137 4580 1177 4635 At
1193 4582 1221 4635 in
1240 4579 1338 4635 Chron.
1358 4578 1386 4634 S.
1399 4578 1473 4633 Petri
1490 4576 1597 4635 Euford.
1617 4584 1672 4651 (ap.
1684 4578 1797 4637 licuoke

639 4671 715 4726 nium
726 4672 767 4726 111
778 4672 842 4737 219)
860 4671 989 4740 leguntur
1005 4670 1076 4725 haec
1092 4670 1129 4725 ad
1142 4671 1226 4725 1155:
1247 4668 1376 4740 ,Bellum
1393 4666 1447 4723 suit
1462 4668 1533 4723 inter
1544 4668 1702 4739 episcopum
1713 4665 1795 4723 hunol-

640 4759 707 4815 dum
719 4763 748 4815 et
760 4760 946 4815 Hermannum
957 4759 1116 4829 palatinum
1135 4758 1185 4815 sed
1202 4757 1375 4815 Arnoldus
1392 4762 1492 4826 terga
1508 4758 1647 4813 vertit“.
1674 4756 1793 4814 ΟΜΝ

639 4846 755 4905 Amoldi
772 4848 925 4919 epistolam,
944 4846 1066 4905 Wibaldi
1082 4862 1126 4917 ep.
1138 4848 1192 4903 436
1209 4848 1239 4903 in
1255 4845 1442 4903 Bibliothecae
1459 4844 1540 4901 huius
1557 4846 1590 4901 T.
1602 4847 1690 4904 1571.
