4342 6034
518 796 724 843 wmnmsnnr
745 798 825 843 vrrs
848 796 875 843 s.
892 797 1068 844 sovmsrrr
1090 797 1165 845 eur.
1178 799 1239 845 vm
1398 783 1462 847 467

312 940 392 1019 teret,
419 940 549 1022 repente
571 936 752 1021 christiani,
782 938 939 1023 corporali
962 942 1130 1025 conperta·
1150 943 1329 1025 munyrum
1349 946 1534 1025 morte,'155

310 1026 463 1117 maximam
491 1058 716 1136 congregantes
745 1052 1180 1139 expeditionemexercitus,
1209 1053 1378 1121 confinium
1399 1060 1464 1121 ter·
1482 1024 1531 1070 Μ’

309 1168 404 1249 minos,
425 1168 585 1255 promptib
606 1168 809 1255 postmodum
830 1169 935 1235 future
958 1168 1086 1235 ultionis
1110 1169 1288 1254 bellatores,
1311 1177 1464 1257 expetunt

309 1288 341 1365 el,
360 1282 497 1349 revoluta
520 1305 618 1371 supro
640 1284 724 1350 dicta
747 1284 869 1349 dierum
892 1285 1131 1371 supputatione,
1152 1284 1338 1371 infidelium,
1361 1288 1463 1373 sospi-

309 1404 346 1463 tes
365 1398 416 1463 sed
438 1398 580 1466 indevoti
601 1400 752 1486 hospites,
777 1400 1003 1482 adgrediuntur
1026 1406 1160 1482 terram3
1185 1420 1222 1467 ac
1243 1422 1394 1487 paganos,
1417 1402 1462 1468 eis

307 1513 454 1579 ediverso
477 1514 650 1599 obviantes,
673 1516 795 1599 ingenti
817 1522 922 1600 strage
944 1520 1194 1601 prostraverunt
1231 1516 1294 1583 Sed
1316 1518 1391 1603 quia
1405 1538 1462 1605 pa-

307 1630 367 1710 gani
386 1628 507 1715 primo⁰
521 1630 631 1717 populi
653 1630 816 1697 christiani
834 1631 987 1717 impetuil
1003 1632 1154 1697 obsistere
1169 1652 1233 1697 non
1248 1632 1405 1717 valebant,
1428 1634 1462 1699 in

305 1744 395 1826 lugam
424 1745 579 1829 siquidem
609 1748 708 1829 versi,
736 1766 853 1830 magna
880 1748 975 1813 etiam
999 1746 1089 1813 clade
1110 1755 1296 1814 corruerunt
1319 1755 1351 1815 et
1372 1754 1462 1832 terga

305 1865 446 1926 radentes
470 1862 568 1927 vitam
591 1861 687 1927 simul
709 1882 779 1928 eum
803 1863 954 1929 intestine
974 1883 1081 1928 eorum
1099 1864 1309 1950 suppellectili
1325 1870 1358 1931 et
1372 1865 1461 1931 bere-

304 1974 381 2042 dibus
408 1976 622 2063 perdiderunt.
670 1976 783 2063 Sicque
818 1978 924 2043 saltim
955 1978 1135 2062 christiani,
1170 1980 1461 2067 superstitiosorum

304 2096 356 2157 tam
383 2092 533 2159 uxoribus
562 2114 655 2177 quam
685 2094 781 2159 etiam
809 2092 883 2159 filiis
911 2114 969 2160 nec
998 2114 1061 2159 non
1085 2096 1184 2161 servis
1206 2101 1240 2161 et
1262 2096 1384 2161 ancillis
1408 2096 1461 2162 de·

304 2208 458 2291 praedatis,
482 2208 524 2273 ad
542 2209 673 2295 propria
687 2209 857 2275 redierunt.
893 2208 1006 2295 Fitque
1021 2210 1114 2275 modo
1129 2210 1277 2294 mirabili,
1300 2217 1337 2276 ut
1351 2232 1461 2299 super-

302 2322 378 2387 stites
398 2323 565 2407 gentilium
589 2324 702 2407 accole,
726 2325 943 2409 praesentibus
967 2325 1120 2391 confracti
1135 2326 1237 2410 malis,
1262 2332 1390 2393 aeterna
1403 2348 1461 2414 po-

302 2437 352 2503 tius
380 2444 552 2523 tormenta,
582 2438 657 2526 fidei
679 2439 801 2523 fulgore
823 2438 1020 2524 inluminati,
1050 2441 1247 2507 devitarunt·
1271 2450 1304 2508 et
1324 2444 1460 2529 praefati

300 2554 459 2620 mtestitis‘
482 2554 642 2621 doctrinae
671 2556 907 2639 documentum,
937 2556 1019 2642 quod
1047 2577 1083 2623 eo
1107 2558 1233 2623 vivente
1255 2564 1460 2642 rennuerunt,

299 2668 384 2752 etiam
417 2670 587 2755 moriente,
623 2670 748 2737 divinae
781 2672 1004 2759 increpationis
1037 2673 1254 2740 moderamine
1287 2675 1458 2761 perterriti,

300 2788 513 2871 susciperuut⁸.

373 2900 497 2987 Corpus
524 2922 599 2967 vero
631 2901 716 2968 beati
746 2900 903 2988 pontificis
931 2902 1093 2988 prosperis
1124 2902 1203 2969 velis
1230 2909 1459 2989 ventorumque

300 3011 411 3082 latibus
439 3022 528 3083 trans
556 3016 671 3083 fretum
700 3018 782 3102 quod
810 3016 925 3083 dicitur
948 3018 1115 3083 rielmereh
1131 3054 1173 3064 —
1191 3019 1247 3084 sed
1270 3024 1301 3085 et
1324 3019 1459 3085 aliorum

297 3138 463 3218 martyrum
479 3167 520 3177 -
536 3138 610 3219 post
633 3133 699 3199 dies
722 3152 785 3199 non
808 3133 924 3199 multos
947 3133 1135 3219 perductum
1158 3138 1207 3200 eet
1224 3134 1266 3200 ad
1281 3154 1378 3221 snpra
1394 3136 1458 3201 dio-

296 3248 349 3310 tam
370 3248 495 3330 urbem,
519 3268 600 3333 quae
622 3248 737 3315 dicitur
757 3248 892 3333 Trecht¹,
915 3249 1021 3333 ibique
1044 3250 1206 3315 conditum
1230 3270 1269 3326 ac,
1288 3251 1456 3337 sepultum

295 3357 391 3429 Donec
415 3362 616 3447 aldagoncia
637 3364 782 3449 relegiosi
805 3369 838 3430 et
858 3362 966 3431 fideles
982 3366 1015 3430 in
1031 3364 1168 3432 Domino
1183 3365 1308 3450 batres,
1332 3365 1458 3432 aLullo

294 3478 433 3565 episeopo
464 3499 644 3547 successore
673 3480 799 3565 quidem
827 3480 920 3546 huius
949 3483 1050 3548 sancti
1072 3481 1231 3569 pontificis
1254 3488 1286 3548 et
1306 3483 1459 3567 martyris

294 3588 401 3662 Christi
432 3595 544 3661 directi
572 3594 698 3678 navigio
721 3632 764 3643 -
793 3595 833 3661 ad
860 3596 1095 3682 perducendum
1123 3598 1207 3664 beati
1233 3598 1296 3663 viri
1323 3598 1459 3664 cadaver

293 3708 326 3771 ad
345 3711 592 3794 monasterium,
616 3710 699 3796 quod
722 3732 757 3777 eo
781 3712 906 3778 vivente
929 3719 1164 3796 construxerat,
1189 3718 1220 3779 et
1241 3732 1332 3779 secus
1353 3714 1457 3799 ripam

291 3818 422 3892 fluminis
446 3826 529 3911 quod
554 3826 668 3893 dicitur
689 3826 808 3893 Fuldal
823 3827 919 3893 situm
943 3834 991 3894 est
1007 3864 1048 3875 --
1066 3829 1282 3895 adveneruut¹.
1317 3828 1456 3907 Quorum

290 3956 373 4025 unus,
398 3942 455 4027 qui
478 3946 511 4008 et
533 3947 642 4009 auctor
663 3942 793 4009 iteneris
815 3944 1045 4029 comitatusque
1061 3944 1196 4010 aliorum
1211 3945 1370 4027 extiterat,
1392 3945 1457 4010 sin-

289 4054 425 4135 gularem
450 4058 676 4126 sanctimoniae
699 4078 736 4125 ac
758 4060 915 4145 privatam
939 4060 1143 4126 castimoniae
1158 4060 1456 4144 continentiaeque*

288 4172 412 4251 gerebat
436 4174 551 4258 vitum,
579 4175 707 4241 nomine
729 4174 870 4259 Hadda',
901 4176 951 4241 cui
973 4175 1124 4261 privatim
1146 4177 1307 4262 praefatus
1329 4174 1457 4262 praesul
1484 4230 1487 4239 .

289 4283 451 4369 legationis
485 4289 578 4355 huius
605 4290 751 4356 nuntium
779 4291 942 4375 sanctique
970 4292 1111 4377 corporis
1140 4290 1356 4357 advectionem
1384 4311 1456 4357 cum

288 4400 434 4471 iratribus
465 4424 571 4471 secum
600 4406 868 4492 proficiscentibus
890 4406 1046 4492 inposuit;
1076 4412 1112 4471 ut
1133 4407 1235 4472 maior
1257 4412 1384 4472 sanctae
1406 4426 1456 4472 re-

288 4520 445 4588 verentiae
468 4521 537 4587 viro
555 4521 729 4589 devotionis
745 4520 970 4608 inpenderetur
984 4520 1094 4605 honor,
1117 4528 1150 4587 et
1163 4522 1373 4608 plurimorum
1388 4542 1455 4587 am-

353 4656 550 4714 aeonpertal'.
637 4654 822 4715 bprmptil'.
907 4655 1197 4715 eprimiltprimoA.
1282 4654 1455 4714 dimpetul',

287 4728 377 4791 llpobd
391 4739 423 4783 A.
503 4748 524 4780 e.
544 4733 672 4781 devitarent
686 4737 716 4782 A.
793 4734 939 4781 tunditis
954 4740 981 4781 A.
1054 4747 1075 4792 g.
1096 4736 1246 4793 meoparunt
1260 4737 1289 4780 A.
1358 4733 1381 4779 b.
1401 4733 1454 4779 Ael-

288 4822 357 4859 u'aa
372 4818 402 4861 A.
476 4812 596 4861 turmot
609 4818 638 4861 A.
705 4812 816 4861 kl‘ulta
830 4816 853 4861 ia
868 4816 937 4861 leura
952 4816 982 4861 A.
1048 4812 1065 4859 l.
1086 4813 1226 4861 sermome
1240 4816 1268 4861 A.
1330 4826 1361 4859 m.
1381 4812 1454 4860 eonti-

288 4893 372 4939 muse
388 4906 436 4954 qua
453 4895 479 4941 F.
555 4906 579 4940 ι.
599 4892 682 4943 Redde
697 4896 724 4941 A.

1183 4977 1241 5033 30*
