4342 6034
545 920 613 976 1051

532 992 586 1041 Mai.
596 995 625 1041 13

641 753 709 821 558
899 770 1059 819 ιιοιιιοιιι
1081 768 1269 819 rnnnnnsrs
1292 770 1373 819 vrrs
1396 770 1570 821 nanooms

640 917 677 979 a'a
704 916 867 999 qao'a'eta
895 915 963 979 diae
992 913 1191 979 celeberrimo
1221 924 1283 990 eutr
1311 924 1347 979 et
1376 913 1416 981 ob
1446 916 1534 979 ormi
1559 914 1798 983 messam

640 1032 782 1117 protecti,
806 1032 934 1116 ioprede'
954 1032 1140 1094 moramini
1160 1032 1302 1095 remitam
1326 1032 1429 1115 operia
1450 1032 1536 1095 recti.
1573 1029 1625 1095 Ne
1639 1050 1716 1115 erpo,
1730 1030 1799 1112 fita,

641 1148 876 1226 cosmatema'aa',
901 1146 988 1231 qaod
1009 1146 1121 1211 amma
1144 1146 1218 1211 dieo
1239 1146 1277 1211 ola
1293 1152 1364 1221 'mar
1387 1148 1539 1231 quoniam
1560 1146 1695 1232 oaapla'aa
1709 1146 1801 1211 atae

640 1282 705 1324 noa
727 1262 862 1327 eadmeri
884 1284 933 1327 ma
941 1256 959 1325 ¹.
1050 1259 1130 1325 Tum
1154 1279 1229 1325 vero
1253 1258 1415 1343 eiulatum,
1439 1278 1503 1327 non
1525 1258 1647 1345 populi,
1669 1259 1720 1327 sed
1741 1279 1803 1325 aee·

641 1374 756 1441 elesius
782 1376 917 1443 audires.
953 1375 1108 1455 Quoniam
1132 1373 1186 1441 alii
1210 1376 1301 1459 quasi
1324 1375 1487 1444 exanimes
1510 1374 1726 1458 obriguerunt,
1755 1374 1803 1441 alii
1894 1398 1895 1475 ι

641 1491 675 1556 in
701 1488 795 1556 fletus
822 1491 951 1557 resoluti
979 1492 1119 1575 granter
1145 1496 1349 1573 gemuerunt;
1380 1490 1526 1559 omnibus
1548 1510 1612 1559 uno
1636 1510 1690 1559 ore
1710 1491 1805 1557 dieen·
1894 1488 1895 1493 ’

641 1606 740 1672 tibus:
767 1608 813 1672 Ei
832 1609 933 1687 noto,
958 1609 1086 1694 quoodo
1110 1620 1139 1675 ta
1160 1608 1224 1673 tale
1245 1608 1428 1675 carebimus.
1519 1604 1572 1673 Sia
1595 1626 1683 1689 ergo,
1705 1605 1804 1674 eadam

642 1721 695 1787 die
708 1741 772 1805 qna
785 1723 902 1789 summi
916 1722 1096 1809 presulatus
1112 1722 1241 1789 anulum
1257 1723 1407 1809 suseepit,
1422 1722 1533 1789 eadem
1547 1721 1600 1787 die
1615 1720 1701 1789 ultra
1713 1720 1806 1788 audiri

642 1836 796 1923 deposuit.
831 1836 1029 1922 Quamquam
1052 1838 1137 1905 enim
1159 1838 1194 1905 in
1215 1840 1388 1907 lestintate
1403 1844 1586 1905 sanctorum
1602 1836 1805 1923 apostolomm

640 1952 728 2019 Petri
749 1963 783 2021 et
803 1952 895 2019 Pauli
916 1949 1134 2021 eonseeratus²
1157 1954 1209 2038 sit,
1234 1956 1285 2022 die
1308 1958 1416 2021 tamen
1438 1952 1585 2021 sanotae*
1601 1946 1805 2039 pantaenum⁸

642 2068 772 2135 anulum
795 2069 925 2155 aerepit

731 2184 912 2250 Transactis
934 2184 1032 2267 igitur
1046 2184 1158 2251 diebus
1173 2183 1410 2271 sollempnibus,
1434 2188 1564 2270 accepta
1578 2184 1666 2267 regis
1680 2184 1805 2264 lieentia
1893 2222 1894 2269 3

535 2313 564 2359 o.
585 2326 624 2360 un.
641 2298 835 2383 Mogontiam
856 2300 959 2365 redire
983 2320 1150 2383 aggressus
1174 2306 1232 2384 est,
1256 2320 1387 2386 eorpore
1410 2300 1537 2385 quidem
1560 2300 1686 2386 positus
1708 2298 1806 2367 initi·

640 2434 726 2499 nere,
749 2415 805 2489 aad
827 2415 933 2483 eaelo‘
949 2421 1054 2481 mente
1076 2416 1227 2499 intentus,
1251 2416 1365 2499 agebat
1381 2416 1445 2482 iam
1464 2434 1535 2483 eum
1551 2414 1691 2483 Domino
1706 2434 1807 2483 eansas

641 2550 731 2615 suas,
760 2530 870 2597 indieii
891 2531 1136 2616 districtionem,
1163 2532 1387 2599 consolationis
1410 2551 1515 2618 spem3
1543 2532 1591 2597 ita
1613 2532 1757 2615 quidem,
1778 2536 1808 2597 nt

640 2647 705 2712 iam
733 2647 862 2731 iamque
887 2646 994 2713 vultus
1022 2649 1090 2714 eius
1117 2653 1304 2731 testaretur,
1334 2668 1430 2732 qnam
1451 2647 1572 2713 alienus
1595 2646 1658 2715 sibi
1681 2647 1808 2713 mundus

640 2761 819 2829 baberetur.
852 2762 933 2829 Erat
960 2782 1035 2846 ergo
1064 2763 1187 2831 vultum
1214 2764 1282 2829 eius
1305 2768 1412 2849 preter
1434 2762 1560 2829 solitum
1585 2763 1748 2849 disparem
1769 2764 1807 2829 ri·

641 2878 731 2961 dere,
757 2897 843 2944 nune
863 2899 922 2966 pro
945 2878 1124 2946 carnalibus
1147 2884 1340 2963 gementem,
1364 2899 1449 2945 nune
1470 2899 1527 2965 pro
1551 2880 1749 2965 spiritalibus
1769 2878 1808 2945 le

640 2999 777 3075 tantem3
804 3000 841 3059 ut
864 2994 1008 3061 omnibns
1031 2996 1234 3063 manifestum
1257 2993 1348 3061 lieret
1368 2994 1537 3078 indicium,
1564 2994 1647 3079 qnod
1672 3016 1727 3063 eor
1748 2996 1807 3061 eine

640 3110 723 3176 inter
744 3130 835 3197 spem
858 3116 965 3193 ageret
987 3116 1019 3177 et
1041 3110 1201 3177 iudicium.
1239 3110 1321 3196 Seps
1345 3130 1469 3195 quoque
1491 3111 1644 3196 primates
1669 3132 1742 3179 enm
1762 3130 1806 3177 eo

639 3226 789 3292 mitantes
803 3246 908 3292 eausa
928 3226 1052 3293 consilii
1076 3226 1212 3293 adeum
1235 3232 1448 3307 accesserunt3
1480 3230 1527 3309 et,
1552 3225 1600 3295 bis
1623 3232 1736 3313 terque
1758 3226 1806 3293 ali·

642 3341 717 3428 qnid
738 3347 961 3429 proponentes,
985 3362 1057 3407 oum
1079 3344 1200 3409 tociens
1224 3342 1291 3409 eins
1314 3342 1502 3408 sententiam
1519 3362 1614 3428 super
1629 3342 1691 3409 bae
1705 3343 1805 3409 eaden

640 3478 678 3524 re
697 3457 949 3540 seisoitarentnr,
972 3457 1042 3540 ille,
1066 3458 1142 3542 quid
1165 3456 1291 3540 vellent,
1315 3462 1536 3543 pereunetatus
1559 3462 1617 3525 est.
1651 3458 1719 3527 lllia
1739 3476 1805 3524 vero
1892 3508 1893 3519 ,

640 3573 755 3639 iterum
777 3573 955 3658 iterumque
977 3572 1226 3657 multoeiensque
1249 3572 1364 3639 eadem
1377 3573 1637 3659 proponentibus
1659 3576 1726 3641 aoai
1740 3594 1806 3641 nus-

641 3706 736 3774 quam
758 3688 803 3754 ibi
824 3708 956 3774 presens
978 3694 1072 3772 esset,
1096 3689 1211 3755 taeitos
1230 3690 1414 3775 permansit
1452 3688 1550 3767 Quem
1567 3708 1637 3756 eum
1655 3687 1805 3759 exaltandi

641 3804 754 3887 gratia,
776 3810 813 3870 ut
833 3803 903 3871 lieri
923 3803 1015 3888 solet,
1039 3803 1209 3888 aliqnando
1232 3810 1319 3871 veste
1341 3804 1513 3889 traherent,
1537 3806 1628 3890 quasi
1649 3806 1689 3873 de
1703 3822 1804 3873 somno
1893 3886 1894 3891 ἵ

642 3920 797 3987 multatus
819 3920 887 3987 sive
910 3920 949 3987 ab
971 3922 1074 3987 extasi
1089 3940 1245 4005 reverens,
1269 3920 1372 3989 subito
1387 3922 1578 3989 eonnemnit
1591 3926 1634 4005 et,
1658 3922 1734 4007 quid
1748 3918 1804 3987 vel·

640 4036 718 4119 lent,
740 4037 806 4103 nesi
827 4035 926 4103 niebil
948 4040 1022 4103 ante
1044 4038 1195 4120 dicerent,
1218 4013 1399 4121 requisivit3
1422 4037 1469 4103 ita
1490 4042 1527 4103 ut
1548 4044 1691 4105 monstro
1714 4034 1803 4105 simil·

640 4150 752 4219 limum
773 4157 965 4237 censeretur,
988 4152 1082 4237 quod,
1106 4152 1195 4219 vultu
1217 4157 1367 4237 motuque
1390 4152 1534 4237 vigilans,
1556 4174 1653 4220 seusu
1676 4152 1803 4220 dormire

642 4266 810 4335 rideretur.
845 4268 985 4355 Corpore
1006 4268 1091 4334 enim
1115 4268 1217 4335 solnm
1237 4268 1320 4333 iuter
1336 4268 1477 4335 homines
1493 4268 1626 4356 positus,
1650 4267 1802 4337 extrahe

641 4402 737 4451 mana
757 4384 851 4451 eorde
873 4384 1143 4471 eonspioabatnrl,
1168 4390 1200 4451 et
1222 4384 1357 4471 amplius
1381 4384 1419 4451 de
1441 4384 1555 4451 tuturis
1575 4404 1672 4471 qnam
1685 4385 1725 4452 de
1738 4402 1801 4471 pra·
1890 4397 1895 4485 ¹³.

642 4498 783 4567 mutibus
804 4500 1025 4567 meditabatur.

713 4646 736 4681 a.
756 4646 801 4693 qua
815 4651 837 4681 a.
912 4631 936 4681 b.
957 4632 1031 4680 moti
1046 4650 1068 4679 e.
1145 4645 1165 4679 a.
1186 4632 1285 4693 reqaa‘hr
1299 4632 1393 4679 laeuae.
1420 4636 1445 4683 In
1462 4633 1514 4679 cod.
1530 4636 1663 4691 Mnus,
1682 4652 1726 4697 φο
1741 4633 1800 4681 me

642 4714 735 4761 anteat
751 4730 804 4761 usas
820 4724 861 4769 est,
876 4731 957 4760 nonna
972 4716 1080 4759 recentior
1096 4713 1190 4759 addidtr
1205 4714 1280 4759 manta
1296 4712 1405 4759 intentus.
1482 4713 1504 4759 d.
1526 4714 1672 4773 conspiratus
1686 4732 1706 4761 e.

712 4809 738 4864 1.
763 4805 805 4863 01
822 4808 962 4863 humberti
982 4808 1095 4863 annales
1115 4808 1196 4877 1031,
1220 4804 1292 4861 Μοι.
1306 4804 1398 4862 Germ.
1411 4804 1459 4863 SS.
1473 4808 1499 4865 V
1512 4806 1572 4863 lot.
1662 4810 1688 4865 a.
1712 4806 1753 4863 dle
1768 4804 1797 4859 39

641 4897 713 4953 Iunii
731 4897 809 4951 1031.
898 4898 923 4952 3.
948 4896 993 4952 die
1011 4898 1046 4951 30
1063 4896 1129 4953 llaii
1149 4896 1225 4967 1031,
1244 4912 1271 4952 v.
1291 4910 1375 4965 snpra
1390 4912 1418 4967 p.
1431 4896 1485 4952 544
1501 4912 1528 4951 n.
1541 4896 1567 4952 3.
