4342 6034
588 801 615 849 s.
633 800 809 849 nosmsrn
830 802 875 849 rr
897 802 999 851 nuum
1020 801 1209 851 samsones
1230 800 1261 847 aa
1443 785 1508 851 217

343 946 486 1009 aeternae
509 942 700 1024 habundet·;
725 948 870 1011 eructuat
891 944 1041 1011 nimirum
1058 942 1226 1011 laudabilis
1242 944 1276 1010 in
1291 945 1385 1011 arvis.
1413 943 1440 1011 0
1456 944 1543 1011 tre-e.
1556 952 1677 1009 tea-751

343 1058 481 1124 ctissime
505 1058 538 1123 in
562 1058 713 1127 aetheris!
737 1058 870 1127 Telente
892 1058 1018 1143 etenim,
1041 1064 1116 1127 tuae
1137 1060 1259 1127 credita
1278 1060 1423 1143 magiae
1437 1059 1510 1126 bee-

342 1172 483 1258 titudini,
512 1193 576 1240 nou
604 1173 706 1240 solum
734 1174 832 1262 dupla
859 1195 967 1243 uerum
998 1176 1093 1242 etiam
1122 1182 1155 1243 et
1177 1175 1323 1261 sescupla
1344 1174 1469 1241 Christo
1492 1196 1511 1241 a

342 1288 568 1355 tareddentur
590 1290 625 1355 in
654 1290 764 1371 estris3
795 1310 971 1376 arcanaque
993 1310 1055 1359 vox
1079 1310 1140 1378 ope
1161 1292 1301 1358 carmine
1323 1290 1441 1357 Christi
1463 1291 1511 1357 di·

342 1405 456 1471 centis:
480 1406 582 1493 Eripe,
606 1428 693 1471 seruo
715 1407 793 1473 boae
815 1420 844 1473 et
859 1409 977 1491 fideles,
1003 1411 1183 1494 pateinter
1200 1430 1310 1495 paceo
1320 1407 1511 1491 faistifido·

343 1522 393 1603 lie,
419 1544 519 1609 cuper
540 1522 641 1588 malta
661 1536 689 1587 te
712 1526 915 1599 ooaatdreom5
938 1527 1081 1589 introire
1102 1526 1258 1609 panadium
1280 1524 1417 1589 Domini
1437 1518 1510 1589 tui¹.

343 1636 485 1721 Denique
512 1636 552 1703 ob
579 1638 678 1703 vestri
707 1636 825 1703 laboris
853 1643 1048 1704 crementum
1071 1636 1200 1704 sedulo*
1222 1658 1286 1704 una
1309 1656 1379 1702 cum
1403 1643 1512 1703 sancto

343 1752 519 1837 coangelico
552 1760 644 1841 patre
672 1758 793 1837 uestro,
828 1752 943 1819 domno
975 1754 1148 1840 apostolico
1177 1754 1274 1819 totius
1301 1758 1429 1819 sanotae
1455 1774 1512 1819 no·

343 1874 424 1935 strae
442 1868 614 1936 aecclesiae
630 1868 845 1953 sacerdotalis,
863 1868 914 1935 vel
928 1868 1046 1955 populo
1062 1870 1186 1935 naviter
1201 1869 1321 1935 domim
1336 1868 1397 1936 Dei
1410 1870 1512 1937 nostri

343 2004 509 2051 exoramus
532 1984 746 2052 clementiam:
775 1990 812 2051 ut
839 1989 964 2051 vestrae
986 1985 1185 2051 sanctissime
1206 1986 1408 2071 paternitatis
1429 1986 1512 2052 inlu·

342 2102 478 2167 minatos
507 2100 657 2168 doctrinis
682 2104 776 2185 atque
799 2120 816 2166 e
839 2100 910 2167 uiro
933 2105 1058 2187 potatos
1080 2101 1169 2167 fonte
1191 2100 1286 2167 simul
1308 2120 1380 2168 oum
1400 2122 1513 2169 eorun-

343 2217 412 2283 dem
441 2220 547 2284 setore
575 2214 760 2282 confirmare
788 2234 825 2283 ac
847 2235 1033 2283 conservare
1055 2217 1090 2283 in
1111 2221 1240 2285 saneim
1261 2238 1299 2285 ac
1321 2218 1514 2285 orthodoxae

343 2331 413 2399 fidei
443 2334 574 2399 mamito
602 2332 773 2399 clementer
800 2331 922 2414 iubeat3
951 2337 1136 2415 eteorum,
1166 2333 1221 2418 qui
1250 2333 1401 2401 credituri
1428 2340 1513 2418 sunt,

344 2448 437 2515 corda
461 2448 585 2535 aperire
607 2454 702 2533 atque
726 2469 745 2514 a
766 2453 849 2515 tetro
872 2448 1018 2531 detegere
1040 2448 1214 2530 velamine,
1236 2448 1514 2535 inflammenteque

345 2565 470 2631 eosdem
491 2571 601 2631 sancto
625 2562 756 2651 Spiritu,
778 2564 928 2649 intrepidi
951 2564 1106 2631 laetantes
1128 2566 1169 2631 ad
1190 2564 1287 2633 iidem
1301 2564 1420 2633 Christi
1441 2587 1514 2654 per·

346 2682 449 2748 venire
471 2680 637 2763 festinent,
666 2679 929 2765 quemadmodum
952 2680 1111 2746 dominica
1132 2682 1240 2747 sanxit
1260 2681 1442 2749 clementie:
1470 2684 1515 2751 Et

347 2799 424 2865 uliae
448 2820 519 2865 oues
542 2798 654 2878 dobeo,
679 2820 761 2883 quoe
783 2820 847 2862 nore
869 2810 942 2863 scat
965 2820 1002 2863 aa
1024 2798 1082 2863 hoo
1105 2792 1199 2865 ooa'li'
1221 2802 1254 2863 et
1275 2802 1409 2865 caetera

429 2913 556 2998 ltaque,
580 2912 706 2979 domine
729 2931 766 2979 aa
787 2912 984 2979 sanctissime
1006 2917 1112 3000 peter,
1141 2932 1311 2997 quesumus
1333 2920 1473 2981 saeuam
1495 2936 1515 2982 a

349 3028 410 3096 Deo
433 3030 623 3095 santiatam⁶
640 3028 830 3095 ambrosiam
845 3028 1033 3095 bonitatem:
1057 3034 1095 3095 ut
1108 3028 1341 3095 sanctissimum
1357 3030 1515 3117 nimisque

349 3146 433 3213 uobis
456 3144 607 3211 dilectum
624 3142 761 3228 Lullum,
783 3143 983 3211 benedictum
1007 3143 1261 3211 archidiaconum
1282 3150 1434 3231 restrum,
1457 3148 1515 3214 ka·

350 3262 506 3328 rissimum
529 3266 625 3346 atque
647 3258 863 3327 dulcissimum
887 3260 1026 3327 sodalem
1044 3268 1076 3329 et
1089 3261 1222 3329 fiunem
1236 3266 1391 3346 noenum,
1413 3264 1515 3331 omni·

351 3376 404 3443 bne
436 3378 491 3464 pio
520 3376 623 3443 modis
651 3374 778 3443 iuvere*¹
806 3382 937 3463 propter
964 3374 1067 3443 Deum
1101 3382 1134 3443 at
1159 3383 1286 3445 nocuae
1315 3378 1516 3465 pussillitatis

353 3493 516 3559 amicitiam
546 3492 799 3559 commendatum
821 3491 938 3559 hebere
960 3492 1143 3575 dignemini
1188 3492 1306 3560 Nostra
1327 3500 1377 3561 est
1396 3496 1517 3564 scilicet

355 3608 438 3677 ineo
459 3614 532 3675 rata
553 3608 679 3675 dilectio
702 3628 761 3695 pro
784 3628 836 3675 eo:
861 3607 944 3693 quod
960 3614 1085 3675 vestrae
1107 3608 1211 3676 almae
1231 3612 1426 3697 paternitati,
1448 3632 1516 3679 ma·

357 3726 418 3807 gnis
439 3726 585 3793 decorate
607 3724 726 3807 infulis,
748 3722 894 3791 fidelibus
917 3742 954 3791 aa
976 3724 1091 3811 lepidis
1113 3725 1275 3792 miniatem
1291 3728 1440 3794 servitiis
1474 3728 1518 3796 Et

358 3840 391 3907 ob
411 3840 477 3926 hoc,
499 3840 621 3929 poplite
643 3840 816 3907 identidem
838 3838 937 3925 flexo,
966 3844 1106 3907 vesuam
1127 3841 1355 3928 depraecamur
1375 3848 1515 3928 togatam

359 3957 561 4041 prudentium:
591 3962 628 4023 ut
656 3976 728 4025 eum
751 3956 849 4023 multo
874 3956 1010 4043 amplius
1033 3956 1182 4024 talionem
1205 3957 1322 4025 hebere
1344 3979 1408 4025 uon
1429 3960 1517 4027 dedi·

359 4074 484 4155 memini
507 4074 694 4161 perniciter;
704 4052 708 4061 ¹
718 4072 758 4139 ob
778 4078 982 4158 uosuamque
996 4074 1198 4159 parvitatem,
1219 4093 1292 4141 cum
1307 4076 1434 4142 domino
1448 4075 1517 4143 Deo

359 4190 455 4257 erebro
478 4190 646 4257 refunditis
669 4208 808 4275 praeces,
832 4190 1017 4256 memoriam
1039 4189 1144 4256 facere
1165 4210 1230 4257 non
1250 4192 1420 4274 omittetis3
1443 4194 1519 4278 quia

360 4306 499 4393 scriptum
515 4311 579 4373 est:
603 4307 742 4373 Multum
756 4308 839 4372 votet
852 4309 1030 4393 depracatio
1046 4310 1124 4372 iasa
1136 4302 1301 4373 admouet
1368 4308 1428 4375 His
1442 4330 1516 4375 vcro

360 4422 540 4507 praelibatis,
565 4420 738 4489 adstamus
762 4428 900 4489 vostram
922 4422 1024 4488 aDeo
1038 4422 1179 4489 iuratam
1194 4425 1427 4491 sanctissimam
1444 4445 1517 4491 nec-
1608 4436 1612 4446 “

360 4540 528 4626 tarsumque
557 4538 792 4625 paternitatem.
826 4537 870 4605 Et
891 4544 1053 4625 optamus,
1076 4545 1113 4607 ut
1132 4539 1200 4607 Deo
1222 4541 1349 4609 favente
1370 4542 1517 4626 parenni-

422 4730 441 4762 ι.
460 4735 516 4763 corr.
533 4720 556 4765 iu
573 4715 662 4763 abunde
680 4718 705 4765 C.
783 4716 1262 4772 b.sedeieaorr.r'usednlod1‚eadnle
1276 4722 1303 4767 C.
1381 4732 1401 4765 a.
1422 4734 1478 4765 corr.
1493 4721 1517 4765 r'e

361 4794 456 4843 tudun
473 4800 498 4845 c.
577 4796 600 4843 d.
619 4796 696 4843 iuvere
712 4800 747 4853 M,
764 4815 819 4845 corr.
835 4800 858 4843 ia
873 4796 950 4844 favore
968 4800 993 4845 C.

423 4900 445 4955 1.
468 4899 564 4957 mutu
577 4900 621 4969 25,
633 4902 677 4957 21.
767 4902 792 4957 2.
815 4899 986 4972 1011.10,16.
1076 4902 1102 4957 3.
1125 4902 1219 4973 hed,
1232 4902 1275 4959 16.
