4342 6034
638 744 704 813 396
950 762 1138 811 memnones
1158 761 1388 812 noemmin
1410 760 1449 809 es.
1462 762 1495 810 es

470 910 779 973 lite-imnoetrem
807 904 942 989 benigne
963 904 1098 991 reoepit3
1127 908 1161 971 et
1178 904 1287 971 miens
1309 924 1368 991 per
1387 924 1447 971 nos
1468 902 1584 972 litteris
1606 905 1676 972 suis
1699 902 1801 990 siden,

636 1026 674 1089 iit
695 1020 801 1089 ablate
821 1020 912 1087 nobis
933 1020 1125 1105 resn’tueret,
1146 1020 1369 1107 praecipiendo
1382 1020 1558 1087 mandarit.
1628 1020 1802 1099 Qnainter·
1905 1079 1906 1082 ,

637 1136 807 1224 pollutione
828 1136 955 1219 eognita
976 1141 1009 1203 et
1030 1136 1252 1224 praeseptione
1274 1135 1397 1221 andita,
1424 1136 1577 1204 maiorem
1602 1137 1638 1203 in
1659 1156 1723 1203 nos
1742 1134 1804 1204 ani·

498 1334 500 1340 k
637 1252 817 1321 mositatem
841 1252 1006 1339 episeopus
1028 1252 1151 1336 sumsit,
1173 1257 1211 1319 nt
1229 1270 1294 1319 nen
1313 1251 1416 1319 solnm
1430 1251 1537 1321 ablate
1548 1272 1614 1319 non
1626 1252 1805 1321 mh'mnet

638 1389 748 1437 verum
770 1364 866 1435 eliam
889 1372 922 1435 et
942 1366 1004 1437 huo
1025 1386 1126 1453 usqne
1147 1387 1168 1435 a
1188 1366 1280 1437 nobie
1294 1383 1442 1455 possessa
1454 1368 1548 1435 modo
1563 1368 1718 1437 auferret.
1745 1367 1805 1435 Noe

639 1489 744 1553 summ
770 1504 829 1571 per
856 1484 987 1569 antiqua
1013 1483 1182 1570 privilegia
1203 1488 1236 1550 et
1255 1503 1315 1571 per
1336 1484 1477 1551 visonta
1499 1488 1597 1552 testes
1619 1488 1653 1551 et
1674 1504 1738 1571 pei·
1756 1482 1806 1551 lit·

637 1606 723 1669 teras
746 1600 854 1667 domni
875 1619 978 1687 papae
1000 1601 1105 1685 parati
1127 1619 1252 1667 eramus
1273 1599 1430 1667 iustitiam
1448 1604 1590 1667 nostram
1609 1598 1806 1669 metiiienido

638 1716 814 1787 defendere.
861 1714 924 1783 Sed
945 1716 1014 1803 ipse
1036 1714 1117 1781 nihil
1137 1714 1251 1781 horum
1272 1714 1400 1802 reoepit

726 1831 795 1899 Hae
827 1851 900 1915 ergo
928 1831 1116 1899 neeesdtate
1143 1831 1272 1900 ansibus
1301 1850 1424 1917 qnoque
1451 1837 1576 1899 vostrae
1603 1830 1807 1899 excellentiss

637 1948 817 2017 molestiam
839 1946 957 2015 inferre
979 1947 1211 2033 oompellimur3
1233 1951 1381 2032 rogantes
1402 1946 1685 2015 eminentissimam
1710 1948 1807 2035 piete-

638 2070 703 2135 tem
731 2069 887 2131 soonam:
923 2068 960 2130 ut
988 2062 1072 2131 inter
1089 2062 1255 2131 'maximos
1283 2063 1418 2131 honores
1446 2068 1568 2131 uestros
1595 2062 1807 2131 humilitatem

637 2185 780 2252 nostram
801 2179 894 2247 valde
916 2179 1004 2247 vobis
1027 2179 1174 2247 devotm
1195 2179 1352 2266 reepioere
1375 2179 1557 2263 dignemini,
1580 2183 1614 2247 et
1631 2198 1692 2265 pro
1707 2178 1808 2247 salue

637 2297 762 2363 animae
785 2301 908 2363 vestrae
930 2294 1020 2363 nobie
1042 2295 1078 2365 in
1099 2314 1196 2363 oense
1208 2300 1319 2363 nostra
1332 2295 1541 2377 subveniatie3
1564 2298 1735 2380 quotenne,
1757 2295 1807 2382 qni

637 2416 798 2481 tantorum
826 2410 980 2479 honorum
1007 2410 1196 2494 dignitatum
1219 2415 1251 2477 et
1272 2411 1505 2479 ordinationum
1526 2409 1808 2498 prudentissimum

637 2528 773 2595 indieem
804 2531 836 2595 et
863 2527 1117 2614 potentissimum
1144 2526 1307 2594 dominnm
1333 2526 1536 2614 interpellare
1562 2526 1808 2613 praesumimus,

637 2663 702 2710 non
723 2642 884 2729 repulsam
906 2642 962 2711 sed
982 2643 1123 2711 institiae
1143 2642 1392 2711 misericordiam
1411 2662 1471 2711 nos
1490 2642 1650 2710 invenisse
1670 2643 1809 2727 gaudee·

637 2778 719 2828 mus.
757 2757 802 2825 Et
824 2758 951 2844 quidem
971 2776 1056 2825 nuno
1076 2778 1136 2845 pro
1156 2757 1250 2833 malis
1271 2759 1405 2845 patriae,
1425 2778 1511 2827 nnno
1531 2763 1637 2827 terrae
1658 2758 1809 2827 eontinna

639 2874 806 2943 sterilitate
833 2874 874 2943 ad
899 2878 1022 2944 tantm
1048 2874 1191 2961 inopiam
1218 2874 1340 2941 redeofi
1360 2894 1485 2959 snmus,
1514 2878 1552 2941 ut
1571 2874 1670 2942 etim
1690 2894 1807 2962 penem

637 2992 693 3061 six
720 3010 792 3059 enm
815 2989 997 3059 discrimine
1019 2990 1170 3059 ecelesiae
1190 2993 1318 3057 noemae
1338 2988 1519 3059 habeamus.
1564 2987 1645 3057 Gnm
1666 3009 1745 3075 ergo
1767 2990 1807 3058 ed

637 3128 693 3175 soe
715 3108 817 3175 isdem
840 3106 985 3173 dominus
1008 3107 1131 3174 venerit
1151 3105 1203 3172 sel
1224 3106 1253 3172 si
1274 3125 1339 3173 non
1359 3106 1498 3190 renent,
1525 3124 1683 3174 memores
1705 3111 1805 3175 estote

636 3222 739 3293 nestri
761 3227 794 3291 et
820 3222 923 3307 agite:
951 3226 988 3289 nt
1015 3222 1187 3290 seeundum
1208 3226 1412 3309 praeosptnm
1438 3221 1547 3289 domni
1567 3240 1687 3310 papae,
1716 3222 1803 3291 onius

636 3340 721 3409 sioes
749 3339 874 3424 geritis,
903 3338 994 3406 nobis
1022 3337 1129 3405 ablata
1149 3338 1367 3405 restituantur.
1412 3336 1537 3407 Seinins
1558 3338 1702 3424 quidem,
1730 3338 1804 3425 quie

636 3454 753 3523 multas
775 3452 864 3523 robis
887 3454 1073 3541 praetendet
1093 3454 1289 3536 oooaeiones3
1312 3452 1369 3521 sed
1390 3474 1448 3521 noe
1469 3452 1560 3523 vobis
1580 3473 1646 3521 non
1665 3454 1731 3521 nisi
1751 3474 1802 3521 se·

637 3573 765 3642 ritatem
787 3569 958 3639 seeundum
981 3570 1111 3656 antiqua
1127 3568 1294 3656 privilegia
1307 3574 1340 3637 et
1353 3570 1569 3637 testimonium
1579 3568 1683 3638 adino
1695 3570 1802 3638 siren·

636 3688 716 3757 tium
739 3686 868 3755 testium
882 3685 1049 3770 loquimur.
1084 3684 1255 3753 Memoriae
1270 3690 1393 3753 eattae
1407 3686 1688 3755 etmiserioordiee
1699 3690 1801 3755 tetum

637 3801 860 3886 attribuemus,
889 3802 917 3868 si
938 3821 997 3889 per
1019 3800 1172 3869 auxilium
1192 3801 1314 3885 gratiae
1335 3807 1459 3870 vestrae
1481 3801 1603 3887 sono,
1627 3822 1708 3889 qnae
1727 3822 1800 3891 pro·

636 3920 820 4003 olamamns,
835 3917 977 4004 resipere
992 3918 1209 3986 meruerimus
1231 3917 1439 4005 Omnipotens
1448 3918 1536 3987 Dens
1550 3919 1650 3987 sitam
1664 3924 1796 3987 veetiam

637 4036 679 4108 ad
701 4034 913 4103 defensionem
935 4034 1084 4103 ecelesiae
1106 4039 1139 4103 et
1158 4033 1285 4122 imperii
1299 4054 1358 4122 per
1371 4039 1515 4121 tempora
1528 4034 1623 4120 longa
1635 4034 1794 4104 eustodiat.

636 4196 700 4268 48.
725 4194 908 4265 Gsrhordus
930 4196 1096 4283 presbyter
1118 4196 1291 4261 cardinales
1318 4210 1347 4262 st
1367 4196 1557 4283 apostolieae
1577 4198 1661 4263 sedet
1683 4198 1793 4285 ἱεραίιιι

725 4303 943 4372 Udaocalouon
970 4303 1112 4370 abbatem
1138 4302 1202 4371 SS.
1225 4302 1369 4369 Udota'oi
1395 4316 1426 4370 st
1449 4304 1554 4391 Afrae
1574 4304 1793 4391 Augusteum

725 4413 911 4497 confirmati

509 4565 533 4609 e
546 4550 616 4607 1130
726 4532 934 4619 Gerhardm',
958 4538 1084 4601 sanotae
1098 4532 1257 4601 Romanae
1271 4532 1420 4602 eoelesiae
1433 4534 1599 4623 presbyter
1615 4526 1790 4604 oardiuelie‘

708 4675 729 4709 ι.
750 4678 779 4707 er
796 4661 910 4707 Willeliiii
925 4660 1037 4705 vassen·
1055 4660 1166 4721 catologo
1186 4675 1228 4706 ner.
1245 4659 1351 4705 ollonae
1365 4662 1408 4708 SS.
1421 4660 1529 4708 Udoln'es'
1541 4670 1563 4707 ue
1577 4662 1662 4719 Astu,
1682 4656 1791 4709 euml?

635 4750 739 4797 wate,
757 4742 797 4803 pisi
810 4742 834 4788 iu
849 4740 964 4786 tabulario
978 4739 1106 4800 episcopali
1118 4740 1257 4803 Anguem
1269 4748 1379 4788 motor.
1397 4740 1472 4787 m
1480 4742 1545 4787 moe.
1554 4742 1627 4789 Gn.
1636 4742 1680 4792 SS.
1687 4742 1735 4790 111
1743 4739 1789 4787 tit

634 4819 658 4867 li.
678 4818 758 4867 Frater
774 4818 921 4867 Gebehardue
936 4836 956 4866 c.

707 4898 732 4952 1.
755 4894 917 4953 Sanctarum
933 4894 1050 4968 Aquilae
1068 4900 1098 4952 et
1112 4894 1230 4967 Prleoee,
1247 4898 1347 4968 postea
1363 4898 1477 4953 unetos
1488 4894 1584 4953 (trusis
1601 4896 1629 4953 in
1641 4895 1785 4953 Ierusalem
