4342 6034
692 727 759 793 562
948 743 1110 793 nossem
1130 742 1317 793 aucensem
1341 744 1421 791 vrua
1443 742 1617 791 sannorne

606 893 674 948 1051
692 885 818 953 hibere·
831 885 1019 972 potuissent
1044 884 1195 952 Crederes
1211 885 1306 968 enim,
1323 902 1579 970 unumquemque
1593 890 1713 971 patrem
1725 889 1835 954 maten

498 987 501 991 ⁵
617 966 666 1013 ¹⁰⁰⁶
693 1001 823 1068 fratrem
858 1000 1079 1085 autaliquem
1107 1000 1168 1067 sibi
1195 1000 1334 1067 maxime
1362 1000 1576 1067 necessarium
1606 1000 1774 1087 deplorare;
1802 1001 1838 1067 ite

694 1118 779 1183 eninr
805 1116 1034 1185 irremediabili
1060 1116 1202 1183 anhelitu
1228 1136 1292 1186 non
1321 1116 1487 1183 cessabant
1507 1116 1656 1183 lacrimas
1678 1136 1775 1183 norme
1793 1136 1839 1202 pu

693 1232 773 1318 pilli,
796 1232 941 1319 orphani,
964 1233 1050 1299 cives
1074 1238 1106 1299 et
1129 1232 1277 1317 advenae,
1300 1232 1441 1316 invenes,
1465 1252 1566 1315 senes,
1590 1232 1653 1299 viri
1674 1232 1839 1299 etieminee

692 1347 843 1415 Omnium
864 1368 927 1415 vox
950 1353 1019 1415 erat
1040 1348 1215 1415 unanimis:
1240 1348 1320 1429 Heu,
1345 1350 1414 1429 dea
1435 1362 1530 1436 puter
1552 1349 1710 1415 ambilet.
1771 1346 1842 1413 ludei

692 1464 788 1529 etiam
811 1500 854 1510 -
878 1464 991 1549 quibus
1013 1464 1103 1531 nnlla
1125 1464 1208 1531 bona
1230 1482 1324 1531 curae
1347 1470 1422 1531 snut
1443 1502 1487 1513 -
1511 1466 1540 1529 ei
1562 1463 1691 1531 ebriam
1711 1462 1795 1547 meti,
1817 1468 1844 1529 nt

692 1579 864 1645 venerandi
885 1579 948 1645 viri
969 1579 1122 1647 feretrum
1144 1580 1301 1664 viderunt,
1325 1584 1429 1647 terrae
1451 1581 1655 1662 consternati,
1678 1584 1772 1665 caput
1789 1576 1844 1664 put

692 1715 766 1761 vere
788 1701 1035 1782 consperserunt
1056 1701 1090 1761 et
1109 1696 1275 1763 dixerunt:
1303 1696 1392 1777 Heu,
1416 1697 1485 1778 deo,
1509 1700 1563 1784 pie
1579 1709 1693 1781 putem·
1721 1698 1786 1777 deo,
1803 1699 1844 1782 pie

690 1825 798 1899 putem·
827 1811 1062 1897 addebantque:
1093 1813 1134 1879 Si
1160 1813 1326 1877 christiani
1347 1816 1455 1877 aalma
1477 1814 1778 1899 usquamusquam
1797 1834 1843 1877 erro

690 1932 772 2008 mit,
801 1932 912 1995 merito
941 1942 997 1995 tuo
1023 1932 1215 2015 requiescere
1241 1932 1379 2015 poterit„
1459 1926 1545 1993 Talis
1568 1926 1688 1993 clamor
1712 1932 1744 1993 st
1764 1926 1845 1993 luctu

691 2062 852 2127 nunqnam
876 2043 963 2111 risus
984 2049 1034 2110 eet
1054 2044 1173 2110 nostris
1195 2043 1399 2129 temporibus.
1435 2042 1547 2109 Nullus
1570 2042 1669 2110 alium
1684 2042 1845 2110 consoleba-

692 2163 755 2242 tur,
778 2158 884 2224 nullus
899 2158 1056 2225 conedari
1070 2158 1311 2240 recordabatnr3
1335 2159 1503 2243 unamque
1518 2164 1640 2226 certum
1657 2164 1690 2227 et
1705 2160 1845 2245 proprian

692 2274 926 2341 incommodum
949 2280 1018 2341 erat
1040 2275 1124 2359 qnod
1148 2273 1286 2359 dederet,
1309 2276 1426 2343 nedum
1442 2275 1522 2343 alius
1538 2274 1638 2341 adum
1652 2274 1845 2343 consolantem

693 2389 832 2455 baberet

782 2504 924 2573 Tandem
952 2506 993 2571 ad
1021 2508 1195 2573 oratorium
1223 2506 1325 2573 sancti
1347 2505 1478 2573 Martini
1505 2526 1687 2593 pervenere
1723 2504 1787 2584 an
1811 2504 1847 2571 in

692 2621 803 2703 gressi,
826 2621 929 2687 sancti
951 2621 1012 2687 riri
1035 2641 1150 2708 corpus
1172 2623 1206 2687 in
1228 2622 1332 2691 medio
1356 2623 1526 2691 aecclesiae
1548 2628 1622 2691 ante
1636 2627 1779 2689 sanctam
1792 2640 1848 2687 crn-

691 2755 760 2803 cem
787 2736 970 2823 deposuere.
1003 2736 1216 2805 'Providentes
1245 2758 1319 2821 ergo
1349 2738 1543 2825 posthaec,
1572 2758 1612 2803 ne
1640 2738 1723 2805 forte
1751 2756 1848 2823 corpus

692 2850 800 2935 aliqua
826 2851 1002 2921 tabesceret
1030 2855 1250 2941 corruptione,
1280 2874 1351 2923 cum
1381 2855 1421 2921 ad
1442 2854 1581 2921 loculum
1603 2854 1756 2921 secretins
1777 2872 1848 2919 accc·
1912 2922 1913 2939 q

691 2966 803 3033 dorent
829 2987 888 3053 pro
917 2968 977 3035 hac
1004 2970 1115 3037 eadem
1144 2992 1195 3053 re,
1225 2970 1337 3037 solutis
1366 2969 1502 3055 quadam
1524 2990 1564 3035 ex
1586 2976 1679 3055 parte
1701 2969 1767 3051 leis,
1794 2967 1848 3053 qui·
1912 2942 1913 2955 ἵ

691 3083 750 3149 bus
773 3084 908 3150 innexus
932 3090 1015 3169 erat,
1045 3086 1240 3170 tergoribus,
1269 3106 1333 3153 non
1356 3086 1458 3153 solnm
1480 3086 1701 3171 incorruptum
1724 3105 1793 3153 enm
1811 3086 1849 3149 in

690 3204 859 3283 uenerunt,
895 3200 952 3265 sed
978 3200 1109 3287 insuper
1136 3201 1325 3285 fraglantem
1355 3201 1475 3268 thureis
1505 3200 1663 3267 odoribus.
1710 3200 1771 3269 Res
1796 3204 1849 3266 lon

690 3334 807 3398 magua
827 3335 886 3401 pro
909 3314 1026 3381 nichilo
1055 3315 1165 3383 habita
1192 3322 1255 3399 est;
1284 3319 1374 3402 quia,
1402 3316 1511 3383 multis
1534 3318 1601 3383 eius
1624 3317 1777 3401 ignoretis
1798 3316 1849 3381 rir-

691 3430 821 3513 tutibus,
843 3432 1013 3516 putabant:
1036 3432 1165 3500 oderem
1188 3433 1278 3501 illum
1301 3433 1403 3513 thuna
1425 3453 1508 3516 esse,
1532 3432 1616 3517 qnod
1636 3432 1850 3501 accendebatur

690 3545 883 3613 humanitus.

779 3661 880 3746 lgitnr
901 3662 953 3729 die
976 3663 1152 3748 undecimo,
1176 3669 1344 3751 postquem
1368 3664 1409 3730 ad
1431 3664 1538 3731 omnia
1560 3664 1701 3731 oratoria
1718 3684 1787 3731 enm
1800 3663 1849 3729 cir·

588 3756 592 3764 ¹
690 3778 937 3863 cnmdnxernnt,
960 3784 1034 3865 post
1054 3779 1210 3847 sacrificia
1232 3779 1436 3867 sollempnisb
1460 3779 1628 3847 oblationis
1651 3786 1685 3847 et
1707 3779 1849 3869 supplica

691 3895 792 3961 tiones
815 3894 1066 3963 aecclesiasticae
1089 3897 1334 3980 intercessionis,
1357 3896 1487 3963 undem
1509 3893 1849 3983 deportaveruntinlo

691 4030 763 4077 cnm
778 4010 994 4097 depositionis.
1028 4011 1147 4079 Horret
1161 4032 1245 4079 nnnc
1260 4012 1338 4079 milri
1353 4030 1453 4097 mens,
1477 4012 1611 4079 tabescit
1628 4032 1694 4095 cor,
1718 4010 1850 4079 deficimt

690 4125 797 4211 rerba,
819 4126 960 4194 lamenta
981 4128 1093 4214 populi
1116 4127 1286 4213 explanare
1309 4128 1465 4195 debentia.
1501 4128 1602 4207 Quam
1624 4128 1742 4196 lividae
1757 4144 1849 4195 eornm

689 4242 803 4326 facies,
832 4262 927 4326 qnam
956 4244 1148 4327 sanguineae
1177 4244 1276 4327 acies;
1306 4246 1847 4331 quamincompti·c1ines,qnam

690 4358 918 4446 incompositae
940 4364 1054 4426 restes.
1147 4358 1247 4427 Taceo
1272 4358 1424 4445 deflenda,
1448 4361 1610 4447 subprimo
1631 4354 1847 4446 gemenda;ad

690 4473 805 4541 letiora
826 4476 962 4559 reniam,
985 4480 1033 4560 ut,
1056 4476 1132 4560 quid
1155 4476 1240 4542 turnd
1264 4476 1309 4543 ibi
1331 4477 1442 4543 fecerit
1456 4477 1565 4543 divina
1579 4477 1766 4563 benignitas,
1786 4494 1846 4561 pru

690 4590 800 4656 feram.
835 4590 945 4657 Multis
967 4610 1042 4675 ergo
1065 4592 1174 4678 populi
1197 4590 1321 4657 fletibus
1337 4592 1508 4658 immolatis
1530 4630 1564 4642 -
1584 4612 1662 4679 qnos
1678 4594 1725 4660 illi
1740 4587 1846 4681 peperit

691 4706 863 4791 miseratio,
887 4727 967 4793 quae
990 4726 1062 4773 cum
1085 4706 1140 4773 illo
1164 4728 1204 4773 ex
1226 4709 1339 4774 matris
1361 4728 1488 4793 egressa
1511 4713 1559 4775 est
1580 4712 1670 4776 utero
1686 4746 1727 4756 -
1744 4704 1844 4775 cumin

765 4862 786 4894 a.
806 4847 908 4895 exbiberi
924 4866 944 4895 c.
1020 4848 1044 4895 b.
1064 4849 1207 4909 sollempuiis
1223 4866 1243 4895 e.
1321 4864 1341 4897 c.
1362 4852 1477 4911 incompte
1493 4870 1513 4899 a.
1591 4852 1614 4899 d.
1634 4852 1666 4899 ui
1682 4870 1703 4901 r.
