4342 6034
665 796 852 844 urrerem
874 795 1102 844 nocumentum
1127 796 1157 843 ιι
1430 778 1494 845 cet

342 942 398 1002 am
427 936 614 1003 catholicam
645 943 679 1005 et
708 938 930 1025 apostolicam,
964 943 1061 1023 caput
1090 936 1233 1003 omnium
1261 936 1494 1022 aecclesiarum,
1514 946 1656 1003 eat—ace

339 1050 500 1119 itomamm
526 1052 648 1119 scilicet
673 1053 876 1137 aecclesiam,
907 1073 989 1137 quae
1015 1072 1142 1138 semper
1165 1058 1345 1119 sanctornm
1368 1057 1496 1139 patrum

339 1167 555 1235 elucenssimas
577 1170 781 1235 auctoritates
803 1170 837 1235 in
861 1168 1007 1235 omnibns
1029 1169 1096 1235 suis
1120 1168 1241 1235 actibus
1264 1168 1416 1253 sequitur,
1439 1188 1496 1235 no·

338 1288 487 1368 dmmque
510 1284 718 1371 apostolicam
747 1284 855 1351 sedem
882 1284 1046 1351 consulere
1074 1284 1233 1368 voluistis,
1262 1284 1373 1371 procul
1401 1283 1495 1351 dnbio

337 1418 408 1481 quae
428 1400 552 1483 mendo
571 1399 662 1467 vobis
684 1405 774 1483 sunt,
796 1398 1075 1465 inretractabiliter
1096 1399 1248 1467 mandare
1271 1418 1426 1467 emamus.

413 1514 512 1599 Igitur
534 1516 610 1600 quia
632 1518 666 1581 in
688 1516 802 1582 uestris
824 1515 941 1583 litteris
960 1520 1105 1583 nostrum
1121 1514 1332 1601 apostolatum
1347 1521 1495 1603 expetere

336 1628 478 1714 voluistis,
501 1637 656 1715 qnatenus
678 1637 788 1698 neema
810 1632 997 1697 auctoritate
1018 1631 1157 1698 mearius
1181 1636 1212 1697 et
1234 1630 1351 1699 missus
1366 1636 1495 1700 nostrae

336 1747 514 1830 apostolicae
535 1747 620 1815 sedis
642 1748 740 1813 totius
754 1745 944 1813 Germaniae
966 1767 1022 1813 vos
1037 1747 1246 1815 concedamus
1262 1766 1341 1830 esse,
1365 1752 1397 1815 ot
1411 1747 1494 1833 quod
1565 1777 1568 1787 ·

335 1863 480 1946 accubo,
508 1864 583 1948 qnia
608 1864 707 1949 prisci
728 1862 930 1947 Mogontinae
957 1862 1042 1929 sedis
1069 1863 1307 1949 metropolitani
1338 1884 1358 1929 a
1385 1868 1495 1930 nostm

334 1977 499 2062 apostolica
519 1979 594 2045 sede
616 1998 657 2045 ex
679 1979 867 2046 auctoritate
881 1978 1058 2046 maturini
1072 1978 1160 2045 Petri
1176 1978 1391 2065 apostolorum
1406 1979 1494 2065 prin·

333 2092 403 2178 cipis
424 2095 536 2161 vicarii
557 2101 591 2161 ct
611 2096 703 2161 missi
723 2094 888 2181 apostolici
901 2095 999 2161 totius
1014 2092 1203 2161 Germaniae
1217 2093 1288 2161 tieri
1301 2100 1494 2179 meruerunt,

334 2210 445 2294 scitota
468 2231 527 2277 nos
549 2210 717 2295 diligenter
738 2212 772 2277 in
794 2211 910 2276 scrinio
932 2215 1062 2277 saumae
1085 2210 1256 2277 aecclesiae
1278 2216 1407 2277 nostrae
1429 2211 1495 2297 pri·

333 2325 509 2410 rilegiorum
532 2327 652 2411 scedas,
675 2348 756 2413 qnae
776 2326 1105 2413 apraedecessoribus
1120 2326 1247 2410 nostris,
1272 2325 1393 2393 duobus
1408 2325 1495 2393 ride-

332 2439 397 2508 lioet
411 2441 584 2526 Gregoriis,
605 2442 757 2525 Zacharia
779 2447 813 2509 et
835 2441 999 2528 Stephani,
1021 2448 1059 2509 ut
1080 2442 1232 2525 asseritis,
1255 2440 1417 2509 Bonitacio
1440 2462 1495 2509 ve·

332 2562 408 2624 strae
434 2559 520 2625 sedis
548 2558 683 2624 antistiti
711 2560 885 2646 apostolica
912 2558 1113 2625 roboratione
1140 2578 1209 2625 esse
1236 2577 1401 2641 concessa,
1437 2557 1495 2626 sub

331 2672 484 2758 diligenti·
500 2694 577 2741 cura
598 2680 631 2739 ct
645 2674 824 2742 vehementi
839 2674 1050 2742 sollicitudine
1064 2674 1250 2757 investigari
1265 2674 1495 2760 praecepimus,

331 2789 400 2855 scd*
422 2810 518 2856 unam
547 2790 673 2857 neodem
696 2810 768 2857 oum
791 2790 847 2857 illa
869 2791 1056 2857 auctoritate
1077 2794 1202 2857 tanturn
1225 2790 1385 2875 potuimus
1407 2789 1495 2855 inve·

330 2906 402 2971 nire.
447 2905 538 2972 Unde
566 2906 620 2991 qui
647 2907 722 2972 totis
750 2906 943 2992 praecordiis
966 2911 999 2971 et
1019 2904 1133 2971 humili
1156 2904 1385 2991 supplicatione
1409 2902 1495 2971 effla·

330 3020 441 3105 puts,
463 3028 501 3087 ut
522 3027 631 3087 nostra
654 3021 828 3107 apostolica
850 3022 1036 3087 ancwritate
1060 3026 1264 3106 praeceptum
1287 3025 1319 3086 et
1334 3020 1495 3085 licentiam
1535 3032 1541 3045 ·

330 3136 412 3203 robis
434 3142 543 3203 nostm
565 3138 717 3203 concedat
739 3136 915 3221 clementie,
940 3143 1094 3221 qnatenus
1118 3136 1186 3202 vice
1201 3140 1311 3201 nostra
1326 3136 1494 3202 sceleratos

332 3256 358 3317 et
382 3274 500 3340 pravae
536 3254 620 3319 vitae
647 3254 790 3321 homines
819 3252 962 3319 babeatis
989 3258 1179 3339 potestatem
1208 3254 1365 3338 corripere
1394 3257 1426 3318 ct
1455 3252 1496 3318 ad

331 3370 409 3434 uam
430 3369 574 3436 veritatis
601 3368 713 3435 vestis
740 3368 1011 3435 exhortationibus
1040 3388 1200 3452 revocare,
1224 3366 1424 3435 concedimus
1440 3388 1494 3433 vo-

331 3481 375 3549 bis
402 3486 469 3552 riec
491 3492 601 3551 nosue
622 3484 801 3569 licentiam,
833 3504 869 3551 eo
893 3484 977 3570 quod
998 3502 1055 3550 vos
1077 3482 1151 3549 hnic
1174 3488 1301 3551 santae
1327 3484 1395 3551 sedi
1422 3484 1495 3551 sub-

331 3598 490 3668 iectionem
519 3606 552 3667 et
580 3620 706 3667 omnem
728 3600 913 3667 fidelitatem
936 3599 1084 3666 exhibere
1105 3600 1301 3685 promittitis.
1347 3599 1399 3665 Ex
1422 3619 1495 3667 auc

331 3718 450 3784 torimte
479 3718 564 3783 beati
585 3716 673 3783 Petri
696 3716 911 3802 apostolorum
932 3716 1086 3801 principis
1110 3716 1221 3781 damus
1243 3716 1333 3782 vobis
1355 3721 1495 3802 poteste-

331 3837 404 3916 ιιιιι,
433 3838 469 3899 nt
495 3834 566 3899 sitis
595 3838 703 3899 noster
731 3832 869 3899 vicarius
899 3836 931 3897 et
958 3831 1074 3897 missus
1101 3832 1135 3897 in
1164 3830 1285 3898 cunctis
1314 3832 1494 3914 regionibus

332 3948 420 4015 totius
435 3946 641 4029 Germaniam
664 3954 701 4013 ut
722 3948 901 4032 ubicunque
922 3948 1097 4034 episcopos,
1121 3947 1322 4033 presbiteros,
1346 3948 1494 4015 diaconm

331 4063 378 4129 rel
401 4064 587 4131 monachos⁰
609 4070 720 4129 contm
745 4083 882 4130 canones
909 4069 943 4129 et
969 4063 1142 4129 constituta
1164 4068 1344 4129 sauctorum
1367 4067 1494 4149 petrum

332 4178 392 4246 sire
411 4184 522 4247 conta
543 4178 790 4246 aeclesiasticam
815 4178 959 4263 regulum
987 4179 1161 4245 excessisse
1186 4179 1390 4266 repperietis,
1419 4198 1495 4267 apo·

333 4295 434 4363 stoica
461 4296 647 4363 anctoritate
669 4297 760 4361 iuxta
782 4314 917 4361 canones
941 4300 973 4361 ct
993 4295 1141 4361 instituta
1163 4300 1344 4361 sanctornm
1365 4300 1494 4381 patrum

333 4406 396 4479 illos
416 4413 573 4497 corrigere
595 4417 629 4478 et
650 4412 692 4477 ad
714 4411 799 4477 viam
821 4411 965 4477 veritatis
988 4409 1139 4477 reducere
1161 4430 1225 4477 non
1247 4410 1410 4476 omittatis.

411 4528 459 4595 De
479 4528 605 4596 Indaeis
626 4532 743 4613 autern
765 4526 849 4593 unde
863 4530 970 4593 uestra
983 4526 1167 4594 fraternitas
1182 4532 1324 4593 nostram
1339 4544 1494 4611 conquae-

334 4639 400 4709 urit
420 4645 655 4728 auctoritatem,
682 4648 790 4712 utrum
816 4642 931 4710 melium
958 4642 1001 4709 sit
1022 4663 1076 4709 eos
1099 4662 1208 4709 sacrae
1231 4642 1399 4726 subiugare
1420 4641 1495 4707 reli-

335 4758 419 4844 gioni,
440 4781 482 4827 an
504 4760 544 4827 de
565 4760 746 4826 civitatibus
768 4758 883 4825 vestris
905 4756 1074 4845 erpellere,
1098 4756 1157 4825 hoo
1179 4757 1269 4825 vobis
1288 4760 1494 4845 praeceptum

398 4915 418 4949 ι
436 4903 533 4962 tiligantl
550 4905 577 4951 C.
654 4901 676 4949 b.
697 4901 740 4949 sod
755 4904 843 4949 mbo
857 4918 931 4961 pam
946 4902 1049 4948 wan
1065 4910 1106 4948 ιιι.
1183 4914 1204 4947 c.
1224 4914 1305 4947 monac
1321 4902 1347 4947 C.

373 4986 447 5041 ιωι.
460 4990 655 5036 ιιιιιοιιωιιιι
1246 4987 1281 5041 22
