<?xml version="1.0" encoding="UTF-8"?>
<!DOCTYPE html PUBLIC "-//W3C//DTD XHTML 1.0 Transitional//EN"
    "http://www.w3.org/TR/xhtml1/DTD/xhtml1-transitional.dtd">
<html xmlns="http://www.w3.org/1999/xhtml" xml:lang="en" lang="en">
 <head>
  <title>
</title>
<meta http-equiv="Content-Type" content="text/html;charset=utf-8" />
  <meta name='ocr-system' content='tesseract 3.04.00' />
  <meta name='ocr-capabilities' content='ocr_page ocr_carea ocr_par ocr_line ocrx_word'/>
</head>
<body>
  <div class='ocr_page' id='page_1' title='image "./monumentamogunt00lulgoog/monumentamogunt00lulgoog_0660.png"; bbox 0 0 4342 6034; ppageno 0'>
   <div class='ocr_carea' id='block_1_1' title="bbox 654 780 1618 847">
    <p class='ocr_par' dir='ltr' id='par_1_1' title="bbox 654 780 1618 847">
     <span class='ocr_line' id='line_1_1' title="bbox 654 780 1618 847; baseline -0.001 -1"><span class='ocrx_word' id='word_1_1' title='bbox 654 780 720 846; x_wconf 78' lang='lat'><strong>642</strong></span> <span class='ocrx_word' id='word_1_2' title='bbox 855 798 936 845; x_wconf 69' lang='lat' dir='ltr'><strong>vrrs</strong></span> <span class='ocrx_word' id='word_1_3' title='bbox 959 796 1115 845; x_wconf 76' lang='lat' dir='ltr'><strong>saroam</strong></span> <span class='ocrx_word' id='word_1_4' title='bbox 1136 796 1399 846; x_wconf 73' lang='lat' dir='ltr'><strong>necararrsoorr</strong></span> <span class='ocrx_word' id='word_1_5' title='bbox 1419 795 1618 847; x_wconf 77' lang='lat' dir='ltr'><strong>uocmrrnu</strong></span> 
     </span>
    </p>
   </div>
   <div class='ocr_carea' id='block_1_2' title="bbox 484 936 1898 4610">
    <p class='ocr_par' dir='ltr' id='par_1_2' title="bbox 484 936 1898 4610">
     <span class='ocr_line' id='line_1_2' title="bbox 530 936 1807 1022; baseline 0.001 -22"><span class='ocrx_word' id='word_1_6' title='bbox 530 946 600 1001; x_wconf 81' lang='lat'>1159</span> <span class='ocrx_word' id='word_1_7' title='bbox 652 938 825 1005; x_wconf 66' lang='lat' dir='ltr'><strong>rindidam</strong></span> <span class='ocrx_word' id='word_1_8' title='bbox 852 938 1090 1004; x_wconf 86' lang='lat' dir='ltr'><strong>malefactorum</strong></span> <span class='ocrx_word' id='word_1_9' title='bbox 1118 938 1246 1005; x_wconf 88' lang='lat' dir='ltr'><strong>leudem</strong></span> <span class='ocrx_word' id='word_1_10' title='bbox 1272 958 1347 1004; x_wconf 85' lang='lat' dir='ltr'><strong>vero</strong></span> <span class='ocrx_word' id='word_1_11' title='bbox 1374 938 1531 1005; x_wconf 90' lang='lat' dir='ltr'><strong>bonorum</strong></span> <span class='ocrx_word' id='word_1_12' title='bbox 1559 958 1599 1004; x_wconf 79' lang='lat' dir='ltr'><strong>er</strong></span> <span class='ocrx_word' id='word_1_13' title='bbox 1621 936 1728 1003; x_wconf 79' lang='lat' dir='ltr'><strong>divine</strong></span> <span class='ocrx_word' id='word_1_14' title='bbox 1746 956 1807 1022; x_wconf 89' lang='lat' dir='ltr'><strong>pro·</strong></span> 
     </span>
     <span class='ocr_line' id='line_1_3' title="bbox 484 1019 1809 1139; baseline -0.001 -19"><span class='ocrx_word' id='word_1_15' title='bbox 484 1021 538 1066; x_wconf 46' lang='grc' dir='ltr'><strong>’ψ</strong></span> <span class='ocrx_word' id='word_1_16' title='bbox 551 1019 774 1120; x_wconf 57' lang='lat' dir='ltr'><strong>neeesvisiom</strong></span> <span class='ocrx_word' id='word_1_17' title='bbox 800 1055 956 1138; x_wconf 77' lang='lat' dir='ltr'>gerimus,</span> <span class='ocrx_word' id='word_1_18' title='bbox 986 1053 1021 1119; x_wconf 87' lang='lat' dir='ltr'><strong>in</strong></span> <span class='ocrx_word' id='word_1_19' title='bbox 1048 1054 1200 1119; x_wconf 83' lang='lat' dir='ltr'><strong>cervicem</strong></span> <span class='ocrx_word' id='word_1_20' title='bbox 1229 1053 1399 1139; x_wconf 92' lang='lat' dir='ltr'><strong>impiorum</strong></span> <span class='ocrx_word' id='word_1_21' title='bbox 1422 1058 1455 1119; x_wconf 90' lang='lat' dir='ltr'><strong>et</strong></span> <span class='ocrx_word' id='word_1_22' title='bbox 1475 1052 1714 1120; x_wconf 73' lang='lat' dir='ltr'><strong>malefactorum</strong></span> <span class='ocrx_word' id='word_1_23' title='bbox 1734 1052 1809 1119; x_wconf 87' lang='lat' dir='ltr'><strong>dese·</strong></span> 
     </span>
     <span class='ocr_line' id='line_1_4' title="bbox 652 1166 1811 1255; baseline 0 -20"><span class='ocrx_word' id='word_1_24' title='bbox 652 1170 740 1236; x_wconf 84' lang='lat' dir='ltr'><strong>rire·</strong></span> <span class='ocrx_word' id='word_1_25' title='bbox 761 1170 941 1255; x_wconf 84' lang='lat' dir='ltr'><strong>oportebat3</strong></span> <span class='ocrx_word' id='word_1_26' title='bbox 970 1170 1033 1234; x_wconf 90' lang='lat' dir='ltr'><strong>nisi</strong></span> <span class='ocrx_word' id='word_1_27' title='bbox 1055 1168 1140 1253; x_wconf 88' lang='lat' dir='ltr'><strong>quod</strong></span> <span class='ocrx_word' id='word_1_28' title='bbox 1163 1189 1202 1235; x_wconf 87' lang='lat' dir='ltr'><strong>cr</strong></span> <span class='ocrx_word' id='word_1_29' title='bbox 1226 1169 1436 1255; x_wconf 85' lang='lat' dir='ltr'><strong>persuasione</strong></span> <span class='ocrx_word' id='word_1_30' title='bbox 1452 1169 1649 1255; x_wconf 75' lang='lat' dir='ltr'>principum,</span> <span class='ocrx_word' id='word_1_31' title='bbox 1672 1166 1729 1235; x_wconf 69' lang='lat' dir='ltr'><strong>ne*</strong></span> <span class='ocrx_word' id='word_1_32' title='bbox 1750 1188 1811 1253; x_wconf 80' lang='lat' dir='ltr'><strong>pre</strong></span> 
     </span>
     <span class='ocr_line' id='line_1_5' title="bbox 653 1283 1812 1370; baseline 0.001 -22"><span class='ocrx_word' id='word_1_33' title='bbox 653 1284 767 1370; x_wconf 87' lang='lat' dir='ltr'><strong>cipites</strong></span> <span class='ocrx_word' id='word_1_34' title='bbox 790 1284 962 1369; x_wconf 83' lang='lat' dir='ltr'><strong>videamur,</strong></span> <span class='ocrx_word' id='word_1_35' title='bbox 985 1284 1068 1351; x_wconf 90' lang='lat' dir='ltr'><strong>tanti</strong></span> <span class='ocrx_word' id='word_1_36' title='bbox 1091 1283 1218 1351; x_wconf 88' lang='lat' dir='ltr'><strong>sceleris</strong></span> <span class='ocrx_word' id='word_1_37' title='bbox 1241 1285 1453 1370; x_wconf 82' lang='lat' dir='ltr'><strong>expiationem</strong></span> <span class='ocrx_word' id='word_1_38' title='bbox 1477 1290 1510 1351; x_wconf 90' lang='lat' dir='ltr'><strong>et</strong></span> <span class='ocrx_word' id='word_1_39' title='bbox 1533 1284 1664 1367; x_wconf 79' lang='lat' dir='ltr'><strong>dignam</strong></span> <span class='ocrx_word' id='word_1_40' title='bbox 1678 1284 1812 1351; x_wconf 76' lang='lat' dir='ltr'><strong>emenda</strong></span> 
     </span>
     <span class='ocr_line' id='line_1_6' title="bbox 652 1398 1813 1486; baseline 0 -21"><span class='ocrx_word' id='word_1_41' title='bbox 652 1400 772 1465; x_wconf 88' lang='lat' dir='ltr'><strong>tionem</strong></span> <span class='ocrx_word' id='word_1_42' title='bbox 797 1405 937 1466; x_wconf 63' lang='lat' dir='ltr'><strong>restam</strong></span> <span class='ocrx_word' id='word_1_43' title='bbox 965 1405 1178 1486; x_wconf 82' lang='lat' dir='ltr'><strong>expectamus.</strong></span> <span class='ocrx_word' id='word_1_44' title='bbox 1267 1398 1431 1484; x_wconf 86' lang='lat' dir='ltr'><strong>Pretsrea,</strong></span> <span class='ocrx_word' id='word_1_45' title='bbox 1459 1400 1599 1485; x_wconf 87' lang='lat' dir='ltr'><strong>nequid</strong></span> <span class='ocrx_word' id='word_1_46' title='bbox 1622 1399 1813 1467; x_wconf 84' lang='lat' dir='ltr'><strong>addolorem</strong></span> 
     </span>
     <span class='ocr_line' id='line_1_7' title="bbox 654 1514 1814 1600; baseline 0.001 -20"><span class='ocrx_word' id='word_1_47' title='bbox 654 1514 793 1599; x_wconf 83' lang='lat' dir='ltr'><strong>deesset,</strong></span> <span class='ocrx_word' id='word_1_48' title='bbox 820 1516 905 1583; x_wconf 91' lang='lat' dir='ltr'><strong>unde</strong></span> <span class='ocrx_word' id='word_1_49' title='bbox 933 1522 1000 1581; x_wconf 90' lang='lat' dir='ltr'><strong>tam</strong></span> <span class='ocrx_word' id='word_1_50' title='bbox 1020 1522 1132 1581; x_wconf 91' lang='lat' dir='ltr'><strong>nostra</strong></span> <span class='ocrx_word' id='word_1_51' title='bbox 1153 1535 1248 1600; x_wconf 90' lang='lat' dir='ltr'><strong>quem</strong></span> <span class='ocrx_word' id='word_1_52' title='bbox 1270 1516 1411 1581; x_wconf 88' lang='lat' dir='ltr'><strong>emnium</strong></span> <span class='ocrx_word' id='word_1_53' title='bbox 1433 1514 1660 1583; x_wconf 85' lang='lat' dir='ltr'><strong>catholicorum</strong></span> <span class='ocrx_word' id='word_1_54' title='bbox 1680 1514 1814 1581; x_wconf 80' lang='lat' dir='ltr'><strong>voluntas</strong></span> 
     </span>
     <span class='ocr_line' id='line_1_8' title="bbox 653 1630 1815 1716; baseline 0 -19"><span class='ocrx_word' id='word_1_55' title='bbox 653 1636 766 1697; x_wconf 86' lang='lat' dir='ltr'><strong>contre</strong></span> <span class='ocrx_word' id='word_1_56' title='bbox 786 1651 842 1697; x_wconf 85' lang='lat' dir='ltr'><strong>vos</strong></span> <span class='ocrx_word' id='word_1_57' title='bbox 865 1632 979 1699; x_wconf 89' lang='lat' dir='ltr'><strong>merite</strong></span> <span class='ocrx_word' id='word_1_58' title='bbox 1002 1630 1150 1698; x_wconf 79' lang='lat' dir='ltr'><strong>succendi</strong></span> <span class='ocrx_word' id='word_1_59' title='bbox 1172 1630 1294 1715; x_wconf 65' lang='lat' dir='ltr'><strong>debeat„</strong></span> <span class='ocrx_word' id='word_1_60' title='bbox 1318 1631 1457 1697; x_wconf 84' lang='lat' dir='ltr'><strong>erarium</strong></span> <span class='ocrx_word' id='word_1_61' title='bbox 1479 1630 1591 1697; x_wconf 89' lang='lat' dir='ltr'><strong>domus</strong></span> <span class='ocrx_word' id='word_1_62' title='bbox 1611 1630 1686 1713; x_wconf 77' lang='lat' dir='ltr'><strong>Dei,</strong></span> <span class='ocrx_word' id='word_1_63' title='bbox 1709 1632 1742 1697; x_wconf 91' lang='lat' dir='ltr'><strong>in</strong></span> <span class='ocrx_word' id='word_1_64' title='bbox 1762 1650 1815 1716; x_wconf 88' lang='lat' dir='ltr'><strong>qne</strong></span> 
     </span>
     <span class='ocr_line' id='line_1_9' title="bbox 653 1746 1816 1833; baseline 0.001 -21"><span class='ocrx_word' id='word_1_65' title='bbox 653 1752 763 1812; x_wconf 86' lang='lat' dir='ltr'><strong>sancte</strong></span> <span class='ocrx_word' id='word_1_66' title='bbox 785 1753 967 1813; x_wconf 86' lang='lat' dir='ltr'><strong>sanctorum</strong></span> <span class='ocrx_word' id='word_1_67' title='bbox 989 1752 1081 1814; x_wconf 89' lang='lat' dir='ltr'><strong>erant</strong></span> <span class='ocrx_word' id='word_1_68' title='bbox 1103 1746 1274 1831; x_wconf 69' lang='lat' dir='ltr'><strong>recondite</strong></span> <span class='ocrx_word' id='word_1_69' title='bbox 1297 1747 1330 1812; x_wconf 91' lang='lat' dir='ltr'><strong>in</strong></span> <span class='ocrx_word' id='word_1_70' title='bbox 1355 1767 1417 1832; x_wconf 89' lang='lat' dir='ltr'><strong>quc</strong></span> <span class='ocrx_word' id='word_1_71' title='bbox 1440 1752 1615 1813; x_wconf 84' lang='lat' dir='ltr'><strong>sternutus</strong></span> <span class='ocrx_word' id='word_1_72' title='bbox 1632 1746 1756 1833; x_wconf 80' lang='lat' dir='ltr'><strong>templi,</strong></span> <span class='ocrx_word' id='word_1_73' title='bbox 1776 1748 1816 1813; x_wconf 82' lang='lat' dir='ltr'><strong>vi·</strong></span> 
     </span>
     <span class='ocr_line' id='line_1_10' title="bbox 652 1862 1817 1950; baseline 0.002 -23"><span class='ocrx_word' id='word_1_74' title='bbox 652 1862 768 1928; x_wconf 88' lang='lat' dir='ltr'><strong>delicet</strong></span> <span class='ocrx_word' id='word_1_75' title='bbox 793 1862 893 1948; x_wconf 87' lang='lat' dir='ltr'><strong>pallia</strong></span> <span class='ocrx_word' id='word_1_76' title='bbox 919 1882 1019 1950; x_wconf 85' lang='lat' dir='ltr'><strong>cappe</strong></span> <span class='ocrx_word' id='word_1_77' title='bbox 1045 1862 1190 1948; x_wconf 75' lang='lat' dir='ltr'><strong>plenarie</strong></span> <span class='ocrx_word' id='word_1_78' title='bbox 1218 1868 1400 1947; x_wconf 83' lang='lat' dir='ltr'><strong>vestesque·</strong></span> <span class='ocrx_word' id='word_1_79' title='bbox 1429 1862 1640 1929; x_wconf 86' lang='lat' dir='ltr'><strong>sacerdotales</strong></span> <span class='ocrx_word' id='word_1_80' title='bbox 1669 1868 1702 1929; x_wconf 88' lang='lat' dir='ltr'><strong>et</strong></span> <span class='ocrx_word' id='word_1_81' title='bbox 1724 1868 1817 1930; x_wconf 86' lang='lat' dir='ltr'><strong>cetera</strong></span> 
     </span>
     <span class='ocr_line' id='line_1_11' title="bbox 652 1977 1815 2066; baseline 0.003 -24"><span class='ocrx_word' id='word_1_82' title='bbox 652 1977 749 2043; x_wconf 72' lang='lat' dir='ltr'><strong>reesad</strong></span> <span class='ocrx_word' id='word_1_83' title='bbox 770 1978 941 2043; x_wconf 89' lang='lat' dir='ltr'><strong>ministerii</strong></span> <span class='ocrx_word' id='word_1_84' title='bbox 963 1977 1093 2043; x_wconf 89' lang='lat' dir='ltr'><strong>Domini</strong></span> <span class='ocrx_word' id='word_1_85' title='bbox 1116 1982 1207 2043; x_wconf 87' lang='lat' dir='ltr'><strong>erant</strong></span> <span class='ocrx_word' id='word_1_86' title='bbox 1227 1978 1375 2063; x_wconf 84' lang='lat' dir='ltr'><strong>reposita,</strong></span> <span class='ocrx_word' id='word_1_87' title='bbox 1400 1983 1524 2045; x_wconf 89' lang='lat' dir='ltr'><strong>armeta</strong></span> <span class='ocrx_word' id='word_1_88' title='bbox 1537 1998 1635 2045; x_wconf 89' lang='lat' dir='ltr'><strong>manu</strong></span> <span class='ocrx_word' id='word_1_89' title='bbox 1649 1979 1815 2066; x_wconf 58' lang='lat' dir='ltr'><strong>irrupistis</strong></span> 
     </span>
     <span class='ocr_line' id='line_1_12' title="bbox 653 2092 1815 2180; baseline 0.001 -20"><span class='ocrx_word' id='word_1_90' title='bbox 653 2100 686 2161; x_wconf 89' lang='lat' dir='ltr'><strong>et</strong></span> <span class='ocrx_word' id='word_1_91' title='bbox 708 2094 858 2160; x_wconf 84' lang='lat' dir='ltr'><strong>universe</strong></span> <span class='ocrx_word' id='word_1_92' title='bbox 885 2114 943 2178; x_wconf 88' lang='lat' dir='ltr'><strong>per</strong></span> <span class='ocrx_word' id='word_1_93' title='bbox 969 2094 1152 2179; x_wconf 83' lang='lat' dir='ltr'><strong>parimente</strong></span> <span class='ocrx_word' id='word_1_94' title='bbox 1175 2092 1305 2159; x_wconf 80' lang='lat' dir='ltr'><strong>ecclesie</strong></span> <span class='ocrx_word' id='word_1_95' title='bbox 1327 2092 1558 2180; x_wconf 79' lang='lat' dir='ltr'><strong>dispergentes,</strong></span> <span class='ocrx_word' id='word_1_96' title='bbox 1588 2094 1815 2163; x_wconf 87' lang='lat' dir='ltr'><strong>tabernaculum</strong></span> 
     </span>
     <span class='ocr_line' id='line_1_13' title="bbox 653 2208 1817 2295; baseline -0.002 -18"><span class='ocrx_word' id='word_1_97' title='bbox 653 2210 715 2277; x_wconf 89' lang='lat' dir='ltr'><strong>Dei</strong></span> <span class='ocrx_word' id='word_1_98' title='bbox 736 2210 802 2276; x_wconf 87' lang='lat' dir='ltr'><strong>suis</strong></span> <span class='ocrx_word' id='word_1_99' title='bbox 825 2210 1029 2295; x_wconf 86' lang='lat' dir='ltr'><strong>operimentis</strong></span> <span class='ocrx_word' id='word_1_100' title='bbox 1053 2208 1236 2273; x_wconf 82' lang='lat' dir='ltr'><strong>denudastis</strong></span> <span class='ocrx_word' id='word_1_101' title='bbox 1259 2208 1401 2275; x_wconf 85' lang='lat' dir='ltr'><strong>violastis</strong></span> <span class='ocrx_word' id='word_1_102' title='bbox 1424 2214 1456 2277; x_wconf 90' lang='lat' dir='ltr'><strong>et</strong></span> <span class='ocrx_word' id='word_1_103' title='bbox 1471 2211 1723 2277; x_wconf 81' lang='lat' dir='ltr'><strong>contaminastis.</strong></span> <span class='ocrx_word' id='word_1_104' title='bbox 1783 2208 1817 2275; x_wconf 87' lang='lat' dir='ltr'><strong>Ut</strong></span> 
     </span>
     <span class='ocr_line' id='line_1_14' title="bbox 653 2323 1817 2411; baseline -0.001 -19"><span class='ocrx_word' id='word_1_105' title='bbox 653 2332 759 2392; x_wconf 84' lang='lat' dir='ltr'><strong>aetem</strong></span> <span class='ocrx_word' id='word_1_106' title='bbox 782 2326 822 2392; x_wconf 90' lang='lat' dir='ltr'><strong>de</strong></span> <span class='ocrx_word' id='word_1_107' title='bbox 844 2326 961 2391; x_wconf 88' lang='lat' dir='ltr'><strong>divinis</strong></span> <span class='ocrx_word' id='word_1_108' title='bbox 984 2325 1026 2392; x_wconf 86' lang='lat' dir='ltr'><strong>ed</strong></span> <span class='ocrx_word' id='word_1_109' title='bbox 1046 2324 1185 2390; x_wconf 87' lang='lat' dir='ltr'><strong>humeae</strong></span> <span class='ocrx_word' id='word_1_110' title='bbox 1208 2323 1449 2408; x_wconf 85' lang='lat' dir='ltr'><strong>descendemus,</strong></span> <span class='ocrx_word' id='word_1_111' title='bbox 1479 2325 1558 2391; x_wconf 88' lang='lat' dir='ltr'><strong>hnc·</strong></span> <span class='ocrx_word' id='word_1_112' title='bbox 1581 2326 1721 2393; x_wconf 85' lang='lat' dir='ltr'><strong>accedit:</strong></span> <span class='ocrx_word' id='word_1_113' title='bbox 1744 2325 1817 2411; x_wconf 90' lang='lat' dir='ltr'><strong>quod</strong></span> 
     </span>
     <span class='ocr_line' id='line_1_15' title="bbox 652 2440 1818 2529; baseline 0.002 -22"><span class='ocrx_word' id='word_1_114' title='bbox 652 2442 760 2529; x_wconf 84' lang='lat' dir='ltr'><strong>ipsam</strong></span> <span class='ocrx_word' id='word_1_115' title='bbox 782 2442 982 2507; x_wconf 85' lang='lat' dir='ltr'><strong>carissimum</strong></span> <span class='ocrx_word' id='word_1_116' title='bbox 1004 2440 1181 2526; x_wconf 88' lang='lat' dir='ltr'><strong>principem</strong></span> <span class='ocrx_word' id='word_1_117' title='bbox 1205 2445 1357 2522; x_wconf 71' lang='lat' dir='ltr'><strong>noenum,</strong></span> <span class='ocrx_word' id='word_1_118' title='bbox 1381 2440 1545 2507; x_wconf 89' lang='lat' dir='ltr'><strong>dominnm</strong></span> <span class='ocrx_word' id='word_1_119' title='bbox 1568 2446 1601 2509; x_wconf 86' lang='lat' dir='ltr'><strong>et</strong></span> <span class='ocrx_word' id='word_1_120' title='bbox 1618 2442 1818 2529; x_wconf 86' lang='lat' dir='ltr'><strong>archiepisco·</strong></span> 
     </span>
     <span class='ocr_line' id='line_1_16' title="bbox 652 2556 1898 2644; baseline 0.003 -22"><span class='ocrx_word' id='word_1_121' title='bbox 652 2578 730 2644; x_wconf 91' lang='lat' dir='ltr'><strong>pum</strong></span> <span class='ocrx_word' id='word_1_122' title='bbox 758 2560 915 2639; x_wconf 87' lang='lat' dir='ltr'><strong>vestrum,</strong></span> <span class='ocrx_word' id='word_1_123' title='bbox 945 2576 1002 2621; x_wconf 90' lang='lat' dir='ltr'><strong>suo</strong></span> <span class='ocrx_word' id='word_1_124' title='bbox 1030 2560 1197 2641; x_wconf 89' lang='lat' dir='ltr'><strong>potentatu</strong></span> <span class='ocrx_word' id='word_1_125' title='bbox 1225 2574 1344 2641; x_wconf 90' lang='lat' dir='ltr'><strong>suoque</strong></span> <span class='ocrx_word' id='word_1_126' title='bbox 1367 2556 1532 2623; x_wconf 89' lang='lat' dir='ltr'><strong>dominatu</strong></span> <span class='ocrx_word' id='word_1_127' title='bbox 1553 2559 1726 2625; x_wconf 87' lang='lat' dir='ltr'><strong>temerario</strong></span> <span class='ocrx_word' id='word_1_128' title='bbox 1748 2578 1818 2625; x_wconf 85' lang='lat' dir='ltr'><strong>ausu</strong></span> <span class='ocrx_word' id='word_1_129' title='bbox 1897 2604 1898 2607; x_wconf 54' lang='lat'><em>=</em></span> 
     </span>
     <span class='ocr_line' id='line_1_17' title="bbox 653 2671 1819 2758; baseline 0.001 -20"><span class='ocrx_word' id='word_1_130' title='bbox 653 2679 759 2739; x_wconf 84' lang='lat' dir='ltr'><strong>restro</strong></span> <span class='ocrx_word' id='word_1_131' title='bbox 786 2672 952 2758; x_wconf 85' lang='lat' dir='ltr'><strong>privastis3</strong></span> <span class='ocrx_word' id='word_1_132' title='bbox 982 2671 1022 2736; x_wconf 91' lang='lat' dir='ltr'><strong>ab</strong></span> <span class='ocrx_word' id='word_1_133' title='bbox 1049 2672 1121 2757; x_wconf 88' lang='lat' dir='ltr'><strong>ipse</strong></span> <span class='ocrx_word' id='word_1_134' title='bbox 1148 2672 1292 2755; x_wconf 86' lang='lat' dir='ltr'><strong>civitate,</strong></span> <span class='ocrx_word' id='word_1_135' title='bbox 1323 2671 1362 2737; x_wconf 90' lang='lat' dir='ltr'><strong>ad</strong></span> <span class='ocrx_word' id='word_1_136' title='bbox 1390 2673 1478 2738; x_wconf 88' lang='lat' dir='ltr'><strong>cuius</strong></span> <span class='ocrx_word' id='word_1_137' title='bbox 1501 2672 1630 2739; x_wconf 88' lang='lat' dir='ltr'><strong>titulum</strong></span> <span class='ocrx_word' id='word_1_138' title='bbox 1654 2672 1819 2741; x_wconf 87' lang='lat' dir='ltr'><strong>electuset</strong></span> 
     </span>
     <span class='ocr_line' id='line_1_18' title="bbox 653 2786 1819 2874; baseline 0 -19"><span class='ocrx_word' id='word_1_139' title='bbox 653 2795 853 2855; x_wconf 85' lang='lat' dir='ltr'><strong>consecratus</strong></span> <span class='ocrx_word' id='word_1_140' title='bbox 876 2794 910 2855; x_wconf 90' lang='lat' dir='ltr'><strong>et</strong></span> <span class='ocrx_word' id='word_1_141' title='bbox 930 2786 1138 2853; x_wconf 80' lang='lat' dir='ltr'><strong>intronisatus</strong></span> <span class='ocrx_word' id='word_1_142' title='bbox 1154 2792 1225 2869; x_wconf 88' lang='lat' dir='ltr'><strong>ast,</strong></span> <span class='ocrx_word' id='word_1_143' title='bbox 1256 2788 1361 2874; x_wconf 89' lang='lat' dir='ltr'><strong>ipsum</strong></span> <span class='ocrx_word' id='word_1_144' title='bbox 1385 2787 1539 2855; x_wconf 87' lang='lat' dir='ltr'><strong>violenter</strong></span> <span class='ocrx_word' id='word_1_145' title='bbox 1561 2789 1715 2873; x_wconf 81' lang='lat' dir='ltr'><strong>dccistis3</strong></span> <span class='ocrx_word' id='word_1_146' title='bbox 1745 2790 1819 2857; x_wconf 88' lang='lat' dir='ltr'><strong>eius·</strong></span> 
     </span>
     <span class='ocr_line' id='line_1_19' title="bbox 653 2902 1819 2989; baseline 0.001 -19"><span class='ocrx_word' id='word_1_147' title='bbox 653 2924 715 2989; x_wconf 89' lang='lat' dir='ltr'><strong>qne</strong></span> <span class='ocrx_word' id='word_1_148' title='bbox 742 2904 871 2970; x_wconf 90' lang='lat' dir='ltr'><strong>domum</strong></span> <span class='ocrx_word' id='word_1_149' title='bbox 898 2908 930 2969; x_wconf 89' lang='lat' dir='ltr'><strong>et</strong></span> <span class='ocrx_word' id='word_1_150' title='bbox 952 2902 1059 2969; x_wconf 88' lang='lat' dir='ltr'><strong>aulam</strong></span> <span class='ocrx_word' id='word_1_151' title='bbox 1081 2902 1293 2988; x_wconf 85' lang='lat' dir='ltr'><strong>episcopalem</strong></span> <span class='ocrx_word' id='word_1_152' title='bbox 1315 2902 1498 2971; x_wconf 85' lang='lat' dir='ltr'><strong>indecenter</strong></span> <span class='ocrx_word' id='word_1_153' title='bbox 1520 2906 1551 2972; x_wconf 87' lang='lat' dir='ltr'><strong>ei</strong></span> <span class='ocrx_word' id='word_1_154' title='bbox 1573 2906 1766 2987; x_wconf 82' lang='lat' dir='ltr'><strong>abstulistis3</strong></span> <span class='ocrx_word' id='word_1_155' title='bbox 1793 2910 1819 2971; x_wconf 89' lang='lat' dir='ltr'><strong>et</strong></span> 
     </span>
     <span class='ocr_line' id='line_1_20' title="bbox 652 3016 1816 3105; baseline 0 -18"><span class='ocrx_word' id='word_1_156' title='bbox 652 3020 753 3087; x_wconf 79' lang='lat' dir='ltr'><strong>fracto</strong></span> <span class='ocrx_word' id='word_1_157' title='bbox 781 3021 849 3086; x_wconf 89' lang='lat' dir='ltr'><strong>eius</strong></span> <span class='ocrx_word' id='word_1_158' title='bbox 877 3018 980 3085; x_wconf 87' lang='lat' dir='ltr'><strong>erario</strong></span> <span class='ocrx_word' id='word_1_159' title='bbox 1008 3016 1167 3101; x_wconf 87' lang='lat' dir='ltr'><strong>simulque</strong></span> <span class='ocrx_word' id='word_1_160' title='bbox 1195 3018 1338 3103; x_wconf 78' lang='lat' dir='ltr'><strong>cellario,</strong></span> <span class='ocrx_word' id='word_1_161' title='bbox 1367 3038 1480 3087; x_wconf 88' lang='lat' dir='ltr'><strong>aarum</strong></span> <span class='ocrx_word' id='word_1_162' title='bbox 1502 3021 1570 3088; x_wconf 89' lang='lat' dir='ltr'><strong>eius</strong></span> <span class='ocrx_word' id='word_1_163' title='bbox 1593 3026 1626 3089; x_wconf 90' lang='lat' dir='ltr'><strong>et</strong></span> <span class='ocrx_word' id='word_1_164' title='bbox 1648 3027 1816 3105; x_wconf 74' lang='lat' dir='ltr'><strong>argentum,</strong></span> 
     </span>
     <span class='ocr_line' id='line_1_21' title="bbox 652 3134 1818 3221; baseline 0 -19"><span class='ocrx_word' id='word_1_165' title='bbox 652 3137 763 3202; x_wconf 74' lang='lat' dir='ltr'><strong>unum</strong></span> <span class='ocrx_word' id='word_1_166' title='bbox 785 3155 908 3221; x_wconf 89' lang='lat' dir='ltr'><strong>quoque</strong></span> <span class='ocrx_word' id='word_1_167' title='bbox 930 3140 963 3201; x_wconf 91' lang='lat' dir='ltr'><strong>et</strong></span> <span class='ocrx_word' id='word_1_168' title='bbox 984 3134 1163 3200; x_wconf 87' lang='lat' dir='ltr'><strong>necessarie</strong></span> <span class='ocrx_word' id='word_1_169' title='bbox 1185 3138 1300 3217; x_wconf 88' lang='lat' dir='ltr'><strong>cetera,</strong></span> <span class='ocrx_word' id='word_1_170' title='bbox 1324 3134 1437 3219; x_wconf 91' lang='lat' dir='ltr'><strong>quibus</strong></span> <span class='ocrx_word' id='word_1_171' title='bbox 1459 3134 1550 3201; x_wconf 88' lang='lat' dir='ltr'><strong>nobis</strong></span> <span class='ocrx_word' id='word_1_172' title='bbox 1571 3135 1709 3204; x_wconf 87' lang='lat' dir='ltr'><strong>debebat</strong></span> <span class='ocrx_word' id='word_1_173' title='bbox 1723 3136 1818 3205; x_wconf 85' lang='lat' dir='ltr'><strong>deser·</strong></span> 
     </span>
     <span class='ocr_line' id='line_1_22' title="bbox 653 3248 1819 3340; baseline 0.002 -22"><span class='ocrx_word' id='word_1_174' title='bbox 653 3252 721 3318; x_wconf 83' lang='lat' dir='ltr'><strong>rire</strong></span> <span class='ocrx_word' id='word_1_175' title='bbox 743 3257 776 3318; x_wconf 89' lang='lat' dir='ltr'><strong>et</strong></span> <span class='ocrx_word' id='word_1_176' title='bbox 796 3252 943 3337; x_wconf 85' lang='lat' dir='ltr'><strong>imperio,</strong></span> <span class='ocrx_word' id='word_1_177' title='bbox 965 3270 1033 3334; x_wconf 84' lang='lat' dir='ltr'><strong>ros,</strong></span> <span class='ocrx_word' id='word_1_178' title='bbox 1056 3248 1172 3334; x_wconf 87' lang='lat' dir='ltr'><strong>quibus</strong></span> <span class='ocrx_word' id='word_1_179' title='bbox 1195 3255 1244 3316; x_wconf 92' lang='lat' dir='ltr'><strong>est</strong></span> <span class='ocrx_word' id='word_1_180' title='bbox 1258 3266 1316 3335; x_wconf 89' lang='lat' dir='ltr'><strong>pro</strong></span> <span class='ocrx_word' id='word_1_181' title='bbox 1332 3250 1455 3317; x_wconf 86' lang='lat' dir='ltr'><strong>ratione</strong></span> <span class='ocrx_word' id='word_1_182' title='bbox 1469 3250 1627 3337; x_wconf 78' lang='lat' dir='ltr'><strong>veluntas,</strong></span> <span class='ocrx_word' id='word_1_183' title='bbox 1650 3253 1819 3340; x_wconf 83' lang='lat' dir='ltr'><strong>diripuistis</strong></span> 
     </span>
     <span class='ocr_line' id='line_1_23' title="bbox 653 3364 1820 3447; baseline 0.002 -14"><span class='ocrx_word' id='word_1_184' title='bbox 653 3372 688 3434; x_wconf 93' lang='lat' dir='ltr'><strong>et</strong></span> <span class='ocrx_word' id='word_1_185' title='bbox 714 3366 854 3433; x_wconf 82' lang='lat' dir='ltr'><strong>violenta</strong></span> <span class='ocrx_word' id='word_1_186' title='bbox 878 3386 977 3431; x_wconf 88' lang='lat' dir='ltr'><strong>manu</strong></span> <span class='ocrx_word' id='word_1_187' title='bbox 996 3366 1082 3431; x_wconf 90' lang='lat' dir='ltr'><strong>inter</strong></span> <span class='ocrx_word' id='word_1_188' title='bbox 1104 3384 1160 3431; x_wconf 85' lang='lat' dir='ltr'><strong>ves</strong></span> <span class='ocrx_word' id='word_1_189' title='bbox 1182 3364 1405 3447; x_wconf 79' lang='lat' dir='ltr'><strong>distraxistis‘3</strong></span> <span class='ocrx_word' id='word_1_190' title='bbox 1434 3365 1493 3433; x_wconf 91' lang='lat' dir='ltr'><strong>hac</strong></span> <span class='ocrx_word' id='word_1_191' title='bbox 1515 3373 1548 3433; x_wconf 89' lang='lat' dir='ltr'><strong>et</strong></span> <span class='ocrx_word' id='word_1_192' title='bbox 1569 3366 1688 3435; x_wconf 85' lang='lat' dir='ltr'><strong>similia</strong></span> <span class='ocrx_word' id='word_1_193' title='bbox 1711 3390 1750 3437; x_wconf 84' lang='lat' dir='ltr'><strong>ex</strong></span> <span class='ocrx_word' id='word_1_194' title='bbox 1771 3387 1820 3435; x_wconf 89' lang='lat' dir='ltr'><strong>no·</strong></span> 
     </span>
     <span class='ocr_line' id='line_1_24' title="bbox 654 3480 1821 3569; baseline 0.001 -20"><span class='ocrx_word' id='word_1_195' title='bbox 654 3488 721 3549; x_wconf 84' lang='lat' dir='ltr'><strong>stre</strong></span> <span class='ocrx_word' id='word_1_196' title='bbox 748 3482 911 3547; x_wconf 85' lang='lat' dir='ltr'><strong>voluntate</strong></span> <span class='ocrx_word' id='word_1_197' title='bbox 938 3488 971 3549; x_wconf 89' lang='lat' dir='ltr'><strong>et</strong></span> <span class='ocrx_word' id='word_1_198' title='bbox 990 3482 1131 3547; x_wconf 88' lang='lat' dir='ltr'><strong>iussione</strong></span> <span class='ocrx_word' id='word_1_199' title='bbox 1155 3500 1209 3547; x_wconf 85' lang='lat' dir='ltr'><strong>vos</strong></span> <span class='ocrx_word' id='word_1_200' title='bbox 1232 3480 1359 3565; x_wconf 71' lang='lat' dir='ltr'><strong>fecsse,</strong></span> <span class='ocrx_word' id='word_1_201' title='bbox 1389 3488 1577 3551; x_wconf 83' lang='lat' dir='ltr'><strong>asserentes.</strong></span> <span class='ocrx_word' id='word_1_202' title='bbox 1612 3483 1720 3569; x_wconf 86' lang='lat' dir='ltr'><strong>Quod,</strong></span> <span class='ocrx_word' id='word_1_203' title='bbox 1749 3486 1821 3553; x_wconf 89' lang='lat' dir='ltr'><strong>sicut</strong></span> 
     </span>
     <span class='ocr_line' id='line_1_25' title="bbox 652 3596 1820 3681; baseline 0.004 -18"><span class='ocrx_word' id='word_1_204' title='bbox 652 3596 722 3665; x_wconf 86' lang='lat' dir='ltr'><strong>Deo</strong></span> <span class='ocrx_word' id='word_1_205' title='bbox 743 3603 778 3664; x_wconf 90' lang='lat' dir='ltr'><strong>et</strong></span> <span class='ocrx_word' id='word_1_206' title='bbox 797 3597 978 3665; x_wconf 84' lang='lat' dir='ltr'><strong>hominibus</strong></span> <span class='ocrx_word' id='word_1_207' title='bbox 1001 3596 1118 3664; x_wconf 85' lang='lat' dir='ltr'><strong>odibile</strong></span> <span class='ocrx_word' id='word_1_208' title='bbox 1140 3601 1203 3681; x_wconf 90' lang='lat' dir='ltr'><strong>est,</strong></span> <span class='ocrx_word' id='word_1_209' title='bbox 1232 3597 1278 3663; x_wconf 91' lang='lat' dir='ltr'><strong>ite</strong></span> <span class='ocrx_word' id='word_1_210' title='bbox 1301 3616 1321 3663; x_wconf 87' lang='lat' dir='ltr'><strong>a</strong></span> <span class='ocrx_word' id='word_1_211' title='bbox 1342 3598 1536 3665; x_wconf 88' lang='lat' dir='ltr'><strong>conscientia</strong></span> <span class='ocrx_word' id='word_1_212' title='bbox 1556 3606 1668 3668; x_wconf 87' lang='lat' dir='ltr'><strong>nestra</strong></span> <span class='ocrx_word' id='word_1_213' title='bbox 1689 3606 1724 3668; x_wconf 94' lang='lat' dir='ltr'><strong>et</strong></span> <span class='ocrx_word' id='word_1_214' title='bbox 1744 3600 1820 3668; x_wconf 86' lang='lat' dir='ltr'><strong>omni</strong></span> 
     </span>
     <span class='ocr_line' id='line_1_26' title="bbox 654 3710 1820 3804; baseline 0.003 -25"><span class='ocrx_word' id='word_1_215' title='bbox 654 3714 805 3781; x_wconf 88' lang='lat' dir='ltr'><strong>mandato</strong></span> <span class='ocrx_word' id='word_1_216' title='bbox 826 3720 953 3799; x_wconf 84' lang='lat' dir='ltr'><strong>nostro,</strong></span> <span class='ocrx_word' id='word_1_217' title='bbox 982 3718 1065 3781; x_wconf 84' lang='lat' dir='ltr'><strong>teste</strong></span> <span class='ocrx_word' id='word_1_218' title='bbox 1086 3710 1171 3795; x_wconf 88' lang='lat' dir='ltr'><strong>Deo,</strong></span> <span class='ocrx_word' id='word_1_219' title='bbox 1195 3717 1319 3779; x_wconf 87' lang='lat' dir='ltr'><strong>constet</strong></span> <span class='ocrx_word' id='word_1_220' title='bbox 1342 3732 1411 3779; x_wconf 89' lang='lat' dir='ltr'><strong>esse</strong></span> <span class='ocrx_word' id='word_1_221' title='bbox 1434 3713 1583 3783; x_wconf 75' lang='lat' dir='ltr'><strong>ahenum.</strong></span> <span class='ocrx_word' id='word_1_222' title='bbox 1674 3715 1738 3785; x_wconf 88' lang='lat' dir='ltr'><strong>Per</strong></span> <span class='ocrx_word' id='word_1_223' title='bbox 1758 3736 1820 3804; x_wconf 77' lang='lat' dir='ltr'><strong>pre</strong></span> 
     </span>
     <span class='ocr_line' id='line_1_27' title="bbox 654 3828 1820 3927; baseline 0.002 -30"><span class='ocrx_word' id='word_1_224' title='bbox 654 3836 760 3897; x_wconf 71' lang='lat' dir='ltr'><strong>sentia</strong></span> <span class='ocrx_word' id='word_1_225' title='bbox 788 3831 897 3927; x_wconf 86' lang='lat' dir='ltr'><strong>itaque</strong></span> <span class='ocrx_word' id='word_1_226' title='bbox 926 3834 1034 3896; x_wconf 83' lang='lat' dir='ltr'><strong>nostre</strong></span> <span class='ocrx_word' id='word_1_227' title='bbox 1063 3828 1261 3895; x_wconf 80' lang='lat' dir='ltr'><strong>auctoritatis</strong></span> <span class='ocrx_word' id='word_1_228' title='bbox 1291 3830 1395 3915; x_wconf 88' lang='lat' dir='ltr'><strong>apices</strong></span> <span class='ocrx_word' id='word_1_229' title='bbox 1418 3830 1527 3897; x_wconf 80' lang='lat' dir='ltr'><strong>robis⁸</strong></span> <span class='ocrx_word' id='word_1_230' title='bbox 1549 3830 1681 3917; x_wconf 81' lang='lat' dir='ltr'><strong>singulis</strong></span> <span class='ocrx_word' id='word_1_231' title='bbox 1705 3838 1740 3901; x_wconf 89' lang='lat' dir='ltr'><strong>et</strong></span> <span class='ocrx_word' id='word_1_232' title='bbox 1759 3832 1820 3899; x_wconf 90' lang='lat' dir='ltr'><strong>uui·</strong></span> 
     </span>
     <span class='ocr_line' id='line_1_28' title="bbox 653 3943 1819 4035; baseline 0.003 -23"><span class='ocrx_word' id='word_1_233' title='bbox 653 3947 755 4013; x_wconf 74' lang='lat' dir='ltr'><strong>versis</strong></span> <span class='ocrx_word' id='word_1_234' title='bbox 777 3945 981 4028; x_wconf 85' lang='lat' dir='ltr'><strong>mandemus,</strong></span> <span class='ocrx_word' id='word_1_235' title='bbox 1011 3943 1070 4011; x_wconf 91' lang='lat' dir='ltr'><strong>sub</strong></span> <span class='ocrx_word' id='word_1_236' title='bbox 1094 3948 1226 4030; x_wconf 87' lang='lat' dir='ltr'><strong>optentu</strong></span> <span class='ocrx_word' id='word_1_237' title='bbox 1248 3948 1356 4011; x_wconf 89' lang='lat' dir='ltr'><strong>nostre</strong></span> <span class='ocrx_word' id='word_1_238' title='bbox 1377 3946 1479 4029; x_wconf 81' lang='lat' dir='ltr'><strong>gratie</strong></span> <span class='ocrx_word' id='word_1_239' title='bbox 1501 3949 1729 4035; x_wconf 83' lang='lat' dir='ltr'><strong>precipientes:</strong></span> <span class='ocrx_word' id='word_1_240' title='bbox 1752 3968 1819 4035; x_wconf 82' lang='lat' dir='ltr'><strong>qus·</strong></span> 
     </span>
     <span class='ocr_line' id='line_1_29' title="bbox 653 4060 1818 4147; baseline 0.001 -18"><span class='ocrx_word' id='word_1_241' title='bbox 653 4068 764 4146; x_wconf 67' lang='lat' dir='ltr'><strong>mnus,</strong></span> <span class='ocrx_word' id='word_1_242' title='bbox 787 4082 808 4128; x_wconf 91' lang='lat' dir='ltr'><strong>a</strong></span> <span class='ocrx_word' id='word_1_243' title='bbox 828 4062 1008 4129; x_wconf 80' lang='lat' dir='ltr'><strong>sanctuario</strong></span> <span class='ocrx_word' id='word_1_244' title='bbox 1031 4060 1093 4127; x_wconf 88' lang='lat' dir='ltr'><strong>Dei</strong></span> <span class='ocrx_word' id='word_1_245' title='bbox 1114 4060 1254 4146; x_wconf 89' lang='lat' dir='ltr'><strong>primum</strong></span> <span class='ocrx_word' id='word_1_246' title='bbox 1275 4060 1479 4147; x_wconf 88' lang='lat' dir='ltr'><strong>incipientes,</strong></span> <span class='ocrx_word' id='word_1_247' title='bbox 1506 4082 1577 4131; x_wconf 91' lang='lat' dir='ltr'><strong>eum</strong></span> <span class='ocrx_word' id='word_1_248' title='bbox 1601 4066 1690 4133; x_wconf 90' lang='lat' dir='ltr'><strong>omni</strong></span> <span class='ocrx_word' id='word_1_249' title='bbox 1711 4066 1818 4132; x_wconf 88' lang='lat' dir='ltr'><strong>honore</strong></span> 
     </span>
     <span class='ocr_line' id='line_1_30' title="bbox 654 4174 1819 4264; baseline 0.002 -19"><span class='ocrx_word' id='word_1_250' title='bbox 654 4183 689 4245; x_wconf 87' lang='lat' dir='ltr'><strong>et</strong></span> <span class='ocrx_word' id='word_1_251' title='bbox 714 4189 970 4245; x_wconf 84' lang='lat' dir='ltr'><strong>ornamentorum</strong></span> <span class='ocrx_word' id='word_1_252' title='bbox 998 4176 1182 4260; x_wconf 72' lang='lat' dir='ltr'><strong>integritate</strong></span> <span class='ocrx_word' id='word_1_253' title='bbox 1212 4174 1377 4243; x_wconf 85' lang='lat' dir='ltr'><strong>ecclesiam</strong></span> <span class='ocrx_word' id='word_1_254' title='bbox 1400 4176 1461 4245; x_wconf 89' lang='lat' dir='ltr'><strong>Dei</strong></span> <span class='ocrx_word' id='word_1_255' title='bbox 1484 4177 1553 4247; x_wconf 88' lang='lat' dir='ltr'><strong>Dec</strong></span> <span class='ocrx_word' id='word_1_256' title='bbox 1574 4182 1766 4264; x_wconf 88' lang='lat' dir='ltr'><strong>restituatis;</strong></span> <span class='ocrx_word' id='word_1_257' title='bbox 1792 4184 1819 4247; x_wconf 87' lang='lat' dir='ltr'><strong>et</strong></span> 
     </span>
     <span class='ocr_line' id='line_1_31' title="bbox 655 4292 1816 4380; baseline 0.001 -20"><span class='ocrx_word' id='word_1_258' title='bbox 655 4292 770 4361; x_wconf 88' lang='lat' dir='ltr'><strong>dilecto</strong></span> <span class='ocrx_word' id='word_1_259' title='bbox 791 4294 930 4380; x_wconf 88' lang='lat' dir='ltr'><strong>principi</strong></span> <span class='ocrx_word' id='word_1_260' title='bbox 951 4296 1061 4360; x_wconf 89' lang='lat' dir='ltr'><strong>nostro</strong></span> <span class='ocrx_word' id='word_1_261' title='bbox 1083 4292 1319 4378; x_wconf 86' lang='lat' dir='ltr'><strong>archiepiscopo</strong></span> <span class='ocrx_word' id='word_1_262' title='bbox 1342 4298 1447 4359; x_wconf 82' lang='lat' dir='ltr'><strong>vestm</strong></span> <span class='ocrx_word' id='word_1_263' title='bbox 1471 4294 1599 4363; x_wconf 88' lang='lat' dir='ltr'><strong>domum</strong></span> <span class='ocrx_word' id='word_1_264' title='bbox 1620 4316 1713 4365; x_wconf 88' lang='lat' dir='ltr'><strong>suem</strong></span> <span class='ocrx_word' id='word_1_265' title='bbox 1726 4302 1759 4365; x_wconf 86' lang='lat' dir='ltr'><strong>at</strong></span> <span class='ocrx_word' id='word_1_266' title='bbox 1771 4315 1816 4361; x_wconf 87' lang='lat' dir='ltr'><strong>au·</strong></span> 
     </span>
     <span class='ocr_line' id='line_1_32' title="bbox 654 4408 1815 4496; baseline 0.002 -21"><span class='ocrx_word' id='word_1_267' title='bbox 654 4408 719 4475; x_wconf 91' lang='lat' dir='ltr'><strong>lam</strong></span> <span class='ocrx_word' id='word_1_268' title='bbox 742 4409 955 4496; x_wconf 86' lang='lat' dir='ltr'><strong>episcopalem</strong></span> <span class='ocrx_word' id='word_1_269' title='bbox 977 4428 1048 4475; x_wconf 90' lang='lat' dir='ltr'><strong>cum</strong></span> <span class='ocrx_word' id='word_1_270' title='bbox 1073 4428 1151 4475; x_wconf 91' lang='lat' dir='ltr'><strong>euro</strong></span> <span class='ocrx_word' id='word_1_271' title='bbox 1175 4413 1207 4474; x_wconf 91' lang='lat' dir='ltr'><strong>et</strong></span> <span class='ocrx_word' id='word_1_272' title='bbox 1229 4412 1359 4491; x_wconf 63' lang='lat' dir='ltr'><strong>amento</strong></span> <span class='ocrx_word' id='word_1_273' title='bbox 1382 4428 1455 4493; x_wconf 87' lang='lat' dir='ltr'><strong>sno,</strong></span> <span class='ocrx_word' id='word_1_274' title='bbox 1478 4428 1550 4477; x_wconf 90' lang='lat' dir='ltr'><strong>cum</strong></span> <span class='ocrx_word' id='word_1_275' title='bbox 1573 4412 1719 4481; x_wconf 88' lang='lat' dir='ltr'><strong>omnibns</strong></span> <span class='ocrx_word' id='word_1_276' title='bbox 1738 4418 1815 4479; x_wconf 86' lang='lat' dir='ltr'><strong>utcu·</strong></span> 
     </span>
     <span class='ocr_line' id='line_1_33' title="bbox 656 4523 1813 4610; baseline 0.002 -19"><span class='ocrx_word' id='word_1_277' title='bbox 656 4524 767 4592; x_wconf 86' lang='lat' dir='ltr'><strong>silibns</strong></span> <span class='ocrx_word' id='word_1_278' title='bbox 790 4530 822 4591; x_wconf 93' lang='lat' dir='ltr'><strong>et</strong></span> <span class='ocrx_word' id='word_1_279' title='bbox 850 4526 1007 4591; x_wconf 82' lang='lat' dir='ltr'><strong>universis</strong></span> <span class='ocrx_word' id='word_1_280' title='bbox 1036 4523 1166 4607; x_wconf 88' lang='lat' dir='ltr'><strong>ablatis,</strong></span> <span class='ocrx_word' id='word_1_281' title='bbox 1195 4524 1229 4587; x_wconf 93' lang='lat' dir='ltr'><strong>in</strong></span> <span class='ocrx_word' id='word_1_282' title='bbox 1257 4524 1418 4610; x_wconf 89' lang='lat' dir='ltr'><strong>presentie</strong></span> <span class='ocrx_word' id='word_1_283' title='bbox 1445 4524 1621 4609; x_wconf 81' lang='lat' dir='ltr'><strong>legatorum</strong></span> <span class='ocrx_word' id='word_1_284' title='bbox 1649 4534 1813 4595; x_wconf 74' lang='lat' dir='ltr'><strong>nostorum</strong></span> 
     </span>
    </p>
   </div>
   <div class='ocr_carea' id='block_1_3' title="bbox 657 4636 1812 4713">
    <p class='ocr_par' dir='ltr' id='par_1_3' title="bbox 657 4636 1812 4713">
     <span class='ocr_line' id='line_1_34' title="bbox 657 4636 1812 4713; baseline -0.001 -6"><span class='ocrx_word' id='word_1_285' title='bbox 657 4637 815 4707; x_wconf 71' lang='lat' dir='ltr'><strong>Simonis&#39;¹</strong></span> <span class='ocrx_word' id='word_1_286' title='bbox 838 4641 877 4708; x_wconf 91' lang='lat' dir='ltr'><strong>de</strong></span> <span class='ocrx_word' id='word_1_287' title='bbox 900 4639 1077 4708; x_wconf 86' lang='lat' dir='ltr'><strong>Serbrucke</strong></span> <span class='ocrx_word' id='word_1_288' title='bbox 1101 4644 1133 4705; x_wconf 91' lang='lat' dir='ltr'><strong>et</strong></span> <span class='ocrx_word' id='word_1_289' title='bbox 1156 4636 1299 4706; x_wconf 84' lang='lat' dir='ltr'><strong>Walteri&#39;</strong></span> <span class='ocrx_word' id='word_1_290' title='bbox 1322 4636 1361 4706; x_wconf 90' lang='lat' dir='ltr'><strong>de</strong></span> <span class='ocrx_word' id='word_1_291' title='bbox 1383 4638 1511 4708; x_wconf 74' lang='lat' dir='ltr'><strong>Husen¹</strong></span> <span class='ocrx_word' id='word_1_292' title='bbox 1533 4647 1565 4710; x_wconf 89' lang='lat' dir='ltr'><strong>et</strong></span> <span class='ocrx_word' id='word_1_293' title='bbox 1585 4642 1719 4713; x_wconf 85' lang='lat' dir='ltr'><strong>Deridis</strong></span> <span class='ocrx_word' id='word_1_294' title='bbox 1736 4640 1812 4711; x_wconf 78' lang='lat' dir='ltr'><strong>llor-</strong></span> 
     </span>
    </p>
   </div>
   <div class='ocr_carea' id='block_1_4' title="bbox 655 4817 1810 4957">
    <p class='ocr_par' dir='ltr' id='par_1_4' title="bbox 655 4817 1810 4957">
     <span class='ocr_line' id='line_1_35' title="bbox 729 4817 1810 4878; baseline -0.001 -14"><span class='ocrx_word' id='word_1_295' title='bbox 729 4818 963 4875; x_wconf 71' lang='lat' dir='ltr'><strong>adeeenlrcm.</strong></span> <span class='ocrx_word' id='word_1_296' title='bbox 1032 4817 1157 4865; x_wconf 67' lang='lat' dir='ltr'><strong>ansel.</strong></span> <span class='ocrx_word' id='word_1_297' title='bbox 1228 4819 1444 4878; x_wconf 80' lang='lat' dir='ltr'><strong>e.rsststquol.</strong></span> <span class='ocrx_word' id='word_1_298' title='bbox 1515 4820 1638 4869; x_wconf 78' lang='lat' dir='ltr'><strong>drael.</strong></span> <span class='ocrx_word' id='word_1_299' title='bbox 1704 4817 1810 4869; x_wconf 78' lang='lat' dir='ltr'><strong>eluet</strong></span> 
     </span>
     <span class='ocr_line' id='line_1_36' title="bbox 655 4894 1809 4957; baseline -0.002 -12"><span class='ocrx_word' id='word_1_300' title='bbox 655 4897 836 4945; x_wconf 65' lang='lat' dir='ltr'><strong>awannam</strong></span> <span class='ocrx_word' id='word_1_301' title='bbox 852 4900 874 4944; x_wconf 88' lang='lat' dir='ltr'><strong>l.</strong></span> <span class='ocrx_word' id='word_1_302' title='bbox 935 4912 957 4957; x_wconf 72' lang='grc' dir='ltr'><strong>ς.</strong></span> <span class='ocrx_word' id='word_1_303' title='bbox 972 4898 1040 4945; x_wconf 74' lang='lat' dir='ltr'><strong>vobis</strong></span> <span class='ocrx_word' id='word_1_304' title='bbox 1055 4898 1149 4946; x_wconf 80' lang='lat' dir='ltr'><strong>addidi.</strong></span> <span class='ocrx_word' id='word_1_305' title='bbox 1210 4894 1235 4943; x_wconf 82' lang='lat' dir='ltr'><strong>h.</strong></span> <span class='ocrx_word' id='word_1_306' title='bbox 1250 4896 1342 4943; x_wconf 77' lang='lat' dir='ltr'><strong>Simone</strong></span> <span class='ocrx_word' id='word_1_307' title='bbox 1354 4898 1376 4943; x_wconf 91' lang='lat'><strong>1.</strong></span> <span class='ocrx_word' id='word_1_308' title='bbox 1438 4900 1571 4948; x_wconf 77' lang='lat' dir='ltr'><strong>tWeltsro</strong></span> <span class='ocrx_word' id='word_1_309' title='bbox 1581 4904 1604 4949; x_wconf 88' lang='lat'><strong>1.</strong></span> <span class='ocrx_word' id='word_1_310' title='bbox 1665 4900 1690 4950; x_wconf 80' lang='lat' dir='ltr'><strong>k.</strong></span> <span class='ocrx_word' id='word_1_311' title='bbox 1704 4896 1809 4949; x_wconf 64' lang='lat' dir='ltr'><strong>Emi</strong></span> 
     </span>
    </p>
   </div>
   <div class='ocr_carea' id='block_1_5' title="bbox 0 0 2184 6034">
    <p class='ocr_par' dir='ltr' id='par_1_5' title="bbox 0 0 2184 6034">
     <span class='ocr_line' id='line_1_37' title="bbox 0 0 2184 6034; baseline 0 0"><span class='ocrx_word' id='word_1_312' title='bbox 0 0 2184 6034; x_wconf 95' lang='lat' dir='ltr'><strong> </strong></span> 
     </span>
    </p>
   </div>
  </div>
 </body>
</html>
