4342 6034
690 772 756 839 482
1096 792 1213 841 assero
1236 792 1263 841 s.
1279 792 1455 841 cormeum

688 926 880 1015 Williqisus¹
903 936 1009 999 autem
1028 932 1122 1004 beate
1143 934 1295 999 memorie
1317 938 1423 1020 pater,
1446 934 1606 1001 mediante
1627 934 1751 1003 domino
1769 934 1836 1003 Bur·

689 1046 804 1113 chardo
827 1048 999 1114 camerario
1022 1047 1110 1115 urbis
1134 1054 1165 1115 et
1184 1050 1345 1135 preposito
1361 1048 1470 1117 Sancti
1485 1049 1631 1133 Victoris,
1655 1070 1837 1137 suppremam

689 1163 790 1229 eidem
814 1162 959 1247 ecclesie,
982 1163 1090 1229 diuina
1112 1164 1215 1247 gratia
1236 1164 1438 1250 inspirante,
1461 1166 1614 1252 imposuit
1635 1186 1773 1250 manum3
1792 1188 1838 1233 ne-

687 1299 763 1344 vum
786 1283 819 1345 et
840 1279 1001 1363 egregium
1022 1278 1067 1345 ibi
1091 1280 1283 1345 constituens
1306 1280 1548 1363 monasterium,
1578 1287 1610 1347 et
1631 1282 1742 1365 viginti
1761 1302 1839 1349 uano

686 1393 850 1460 uicoruml
873 1394 907 1459 in
928 1394 990 1460 Dei
1018 1395 1147 1460 servitio
1178 1395 1371 1462 constituens
1394 1396 1541 1481 pervigili
1563 1416 1640 1463 cura
1661 1398 1839 1483 obsequium.

686 1508 827 1593 Eiusque
855 1509 985 1577 ecclesie
1007 1510 1237 1577 dedicationem
1260 1510 1300 1577 ob
1323 1512 1507 1577 memoriam
1531 1511 1615 1579 beati
1638 1514 1739 1599 patris
1759 1513 1840 1581 Boni·

686 1625 761 1691 facii
780 1626 880 1712 ipsius
903 1626 1045 1712 passioni
1071 1621 1295 1708 continuavit¹,
1323 1632 1470 1711 presente
1493 1628 1586 1695 tertio
1610 1627 1734 1697 Othone
1756 1630 1841 1715 impe

544 1831 548 1836 ἡ
686 1747 801 1808 ratore.
837 1740 898 1819 Qui
920 1742 1043 1828 etipse
1065 1761 1122 1808 suo
1145 1740 1255 1828 predio
1277 1742 1311 1807 in
1335 1742 1487 1826 Turingia
1509 1742 1569 1809 sito
1593 1744 1760 1813 ecclesiam
1779 1766 1843 1812 ean·

687 1856 774 1941 dem,
803 1856 862 1923 sub
890 1858 1099 1944 impressione
1122 1857 1311 1944 cyrographi
1334 1858 1456 1925 dotem⁶
1479 1857 1686 1944 confirmans,
1712 1857 1842 1941 ditarit⁸3

686 1978 839 2056 regnante
860 1972 988 2039 domiuo
1011 1978 1119 2039 nostro
1143 1973 1213 2039 lesu
1236 1972 1371 2055 Christo,
1396 1975 1452 2059 qui
1473 1993 1546 2041 cum
1567 1974 1664 2042 Patre
1686 1982 1721 2043 et
1737 1976 1844 2062 Spiritu

686 2094 795 2155 sancto
818 2088 899 2154 vivit
920 2093 953 2155 et
973 2094 1086 2172 regnat
1108 2088 1185 2155 deus
1208 2109 1265 2175 per
1284 2090 1390 2155 omnia
1406 2090 1510 2157 secula
1525 2092 1713 2157 seculorum.
1744 2094 1842 2159 Amen.

774 2203 960 2291 Explicit
987 2205 1118 2291 passio
1147 2205 1274 2271 sancti
1296 2202 1497 2272 Bonifacii
1525 2207 1708 2293 episcopi
1739 2214 1776 2274 et

1146 2320 1397 2387 confessoris.

1166 2534 1377 2542 ——-——-

874 2722 941 2801 EX
969 2724 1184 2803 OTHLONl
1209 2726 1324 2805 VITA
1352 2727 1388 2805 S.
1409 2728 1667 2806 BONIFATII.

773 2890 982 2960 Potitiouibus
1004 2895 1129 2977 uestris,
1151 2895 1266 2963 fratres
1282 2894 1465 2980 Fuldenses,
1488 2902 1584 2982 prout
1603 2898 1757 2966 scientiae
1772 2919 1847 2965 meae

684 3008 825 3095 parvitas
846 3010 1002 3095 permisit,
1025 3030 1138 3096 parere
1161 3010 1277 3077 studui.
1312 3010 1440 3079 Petistis
1464 3013 1559 3096 enim,
1582 3020 1618 3079 ut
1638 3017 1743 3081 sancti
1758 3016 1845 3102 patris

684 3124 785 3191 nostri
804 3124 961 3219 Bonifacii
982 3126 1091 3210 vitam,
1113 3162 1155 3172 -—
1173 3128 1342 3213 praecipuo
1366 3128 1492 3211 quidem
1516 3128 1726 3215 elegantique,
1750 3136 1847 3217 utpote

684 3241 786 3307 sancti
806 3236 1008 3324 williboldi‘‚
1035 3242 1109 3307 stilo
1133 3244 1306 3327 antiquitus
1329 3242 1463 3327 editam,
1494 3244 1604 3311 sedin
1626 3244 1705 3311 locis
1730 3248 1846 3332 quibus-

684 3356 757 3423 dam
780 3357 826 3422 ita
847 3355 973 3423 infirmo
995 3356 1170 3424 intellectui
1192 3358 1368 3443 obscuram,
1390 3366 1428 3425 ut
1442 3358 1569 3427 difficile
1584 3366 1693 3447 pateat
1709 3384 1773 3449 quo
1788 3382 1846 3427 ora-

684 3473 729 3537 tio
763 3472 874 3538 tendat
896 3508 938 3517 —
961 3471 1043 3539 hanc
1076 3492 1133 3557 ego
1163 3475 1319 3541 sententia
1347 3476 1498 3561 apertiori
1524 3496 1708 3544 reserarem.
1757 3476 1846 3557 Quam

683 3588 835 3653 nimirum
856 3588 1045 3674 peticionem
1067 3588 1102 3655 in
1125 3590 1298 3676 primis-
1316 3592 1450 3658 miratus
1473 3611 1538 3675 cur,
1561 3598 1610 3659 tot
1631 3594 1778 3679 patribus
1799 3613 1845 3680 pe

684 3702 755 3769 ritis
777 3708 844 3768 tarn
865 3704 949 3769 inter
971 3724 1027 3769 ros
1049 3725 1145 3789 quam
1167 3705 1409 3791 cirumquaque
1431 3708 1697 3775 commorantibus
1720 3709 1782 3775 hnc
1802 3728 1847 3775 us-

686 3838 746 3903 que
767 3817 897 3903 relictis,
919 3818 997 3884 mihi
1019 3820 1166 3906 imperito
1190 3826 1222 3888 et
1240 3820 1380 3889 liberulis
1395 3822 1545 3889 scientiae
1560 3822 1730 3891 admodum
1745 3824 1847 3907 ignaro

685 3938 753 3999 tam
767 3913 996 4020 arduum'opus
1009 3935 1173 4020 iniungere
1188 3936 1238 4003 vel
1253 3938 1505 4023 excogitaveritis
1521 3975 1563 3985 —
1579 3958 1637 4025 pro
1652 3939 1752 4007 nihilo
1767 3938 1845 4005 duxi

685 4048 817 4135 Deinde,
840 4069 912 4116 cum
927 4051 1056 4136 quidam
1071 4072 1112 4119 ex
1127 4053 1215 4120 vobis
1230 4052 1309 4120 mihi
1323 4054 1465 4139 referret,
1484 4055 1550 4121 iam
1565 4061 1657 4123 antea
1671 4076 1730 4142 pro
1745 4056 1847 4123 eodem

685 4185 781 4252 opere
806 4165 985 4233 laboratum
1011 4168 1109 4235 fuisse
1136 4169 1220 4256 apud
1247 4176 1390 4237 sanctum
1412 4167 1566 4237 Leonem‘
1587 4192 1721 4258 papam,
1750 4172 1796 4237 ita
1816 4174 1847 4235 ut

684 4282 852 4349 nonnullos
874 4282 983 4365 libros,
1006 4284 1090 4350 unde
1111 4284 1235 4372 plenius
1252 4286 1292 4351 ad
1308 4286 1366 4353 hoc
1380 4286 1598 4371 instrueretur,
1622 4286 1720 4355 abbas
1732 4286 1845 4371 Egbor·

685 4393 754 4464 tus‘
776 4399 1025 4487 scriptoremque
1046 4400 1141 4467 simul
1164 4402 1194 4469 ei
1215 4400 1348 4468 Romam
1370 4404 1613 4489 uanamisisset,
1635 4404 1722 4491 ipsos
1742 4402 1843 4483 libros,

756 4609 778 4643 1.
797 4595 931 4655 inopinate
946 4614 967 4643 c.
1043 4596 1067 4643 b.
1087 4597 1215 4643 cumeorum
1231 4616 1252 4643 c.
1328 4610 1349 4644 c.
1370 4596 1423 4643 dua
1439 4615 1459 4643 e.

757 4701 782 4754 1.
808 4700 981 4755 eto-1011.
1104 4700 1130 4754 2.
1157 4700 1297 4757 dedicarit
1321 4700 1404 4771 igitur
1431 4700 1575 4756 ecclesiam
1602 4700 1647 4757 die
1670 4702 1689 4757 5
1714 4718 1748 4757 m.
1768 4698 1841 4755 luni.

684 4787 711 4842 3.
735 4786 781 4843 die
799 4789 833 4843 17
850 4787 913 4843 Iulii
929 4788 990 4843 997.
1017 4788 1052 4845 V.
1070 4788 1191 4859 diploma
1212 4805 1256 4860 ap.
1275 4788 1374 4846 (iudan
1396 4789 1464 4846 Cod.
1481 4790 1547 4861 dipl
1559 4790 1601 4845 IV
1616 4790 1679 4847 cta.
1762 4788 1788 4843 4
1811 4786 1840 4841 V.

685 4890 769 4945 supra
784 4876 879 4946 p.422
896 4894 923 4932 n.
935 4876 962 4931 d
1049 4877 1075 4934 {a
1098 4878 1148 4948 tr,
1168 4879 1357 4936 1018-1054.
1440 4881 1466 4935 6.
1489 4878 1642 4951 Fuldeusia,
1662 4875 1839 4936 1048-1068
