4342 6034
648 768 713 835 652
851 787 932 833 vrrs
953 744 1109 834 saroam
1132 785 1392 833 nacnrnsrscorr
1414 784 1610 835 uocnsrrsr

551 938 622 992 1160
647 927 724 995 illuc
750 949 808 1014 pro
838 929 920 996 bono
948 928 1037 1014 pacis
1064 931 1206 1010 vocarat,
1237 926 1277 993 ad
1303 927 1409 1015 ipsum
1439 948 1456 993 e
1485 926 1618 1011 vestigio
1640 946 1698 1013 pro
1718 928 1805 994 totius

540 1010 631 1058 Imm
648 1044 784 1111 civitatis
814 1044 953 1131 pernicie
981 1048 1142 1109 maturare
1169 1042 1333 1127 deberent,
1362 1044 1407 1109 si·
1429 1042 1511 1110 forte
1539 1043 1694 1109 voluntati
1715 1044 1806 1129 ipsius

647 1180 711 1225 nou
734 1161 983 1244 acquiescereut3
1006 1158 1146 1224 nondum
1168 1158 1333 1224 introitum
1355 1159 1406 1225 vel
1429 1160 1550 1226 exitum
1571 1160 1672 1246 ipsius
1697 1159 1736 1223 ad
1749 1158 1807 1245 ple-

647 1295 724 1341 num
747 1295 846 1359 nsque
869 1279 1034 1341 nosceutes
1043 1270 1060 1339 ¹.
1152 1272 1286 1357 Verum,
1308 1280 1346 1341 ut
1367 1295 1465 1361 supra
1486 1274 1702 1359 allegavimus,
1724 1295 1809 1341 vene·

647 1389 757 1456 rabilis
784 1391 926 1477 pontifex
955 1410 1017 1456 uon
1045 1396 1082 1457 nt
1103 1390 1220 1474 bostis,
1249 1410 1312 1457 non
1336 1396 1459 1457 armata
1480 1412 1593 1475 mauu,
1620 1410 1684 1456 non
1707 1391 1809 1475 utqui

647 1506 694 1572 eis
723 1506 843 1591 aliquid
871 1506 1036 1573 moliretur
1063 1505 1270 1589 incommodi,
1300 1506 1355 1572 sed
1382 1512 1418 1573 ut
1446 1504 1595 1593 pacificus
1618 1506 1763 1572 dominus
1784 1511 1811 1572 et

647 1622 811 1688 benivolus
839 1627 946 1708 pater,
977 1622 1098 1687 sedicet
1119 1627 1228 1708 pastor
1252 1621 1291 1687 ad
1314 1642 1403 1703 oves,
1434 1627 1527 1707 pater
1550 1622 1590 1687 ad
1612 1620 1711 1706 filios,
1740 1642 1810 1706 quos

648 1737 794 1823 cupiebat
814 1738 848 1802 in
870 1737 942 1803 lesu
965 1736 1083 1803 Christi
1106 1732 1305 1821 visceribns¹,
1336 1736 1394 1803 adl
1418 1737 1680 1821 satisfactionem,
1711 1758 1809 1803 serum

647 1853 833 1919 inclinatus·
855 1854 1013 1939 precibus,
1035 1854 1232 1919 misericordi
1255 1853 1360 1919 animo
1385 1853 1618 1939 suscipiendam
1633 1853 1810 1933 advenerat

648 1970 750 2053 magis
779 1970 921 2054 ipsorum
950 1968 1045 2034 saluti
1074 1988 1170 2053 quam
1198 1988 1254 2034 sue
1282 1968 1438 2035 voluntati
1461 1968 1512 2035 vel
1535 1969 1684 2055 potestati
1709 1988 1811 2035 consu·

647 2084 725 2150 lens.
809 2083 904 2151 Cuius
927 2085 974 2150 rei
992 2084 1262 2150 evidentissimum
1284 2089 1332 2150 est
1347 2090 1578 2167 argumentum,
1602 2085 1677 2169 quia
1691 2084 1810 2166 militas,

648 2200 797 2285 quicum
825 2200 967 2265 comitati
993 2200 1120 2267 fuerant
1144 2236 1174 2245 -
1209 2200 1346 2286 sparsim
1374 2200 1407 2265 in
1438 2200 1566 2267 civitate
1595 2222 1654 2287 per
1683 2200 1811 2286 hospitia

648 2335 706 2381 sua
728 2335 836 2381 secure
859 2315 1024 2399 degentesd
1037 2351 1081 2380 .-
1099 2320 1132 2381 at
1153 2318 1221 2381 tota
1241 2314 1363 2381 familia
1383 2336 1448 2381 non
1472 2335 1561 2382 arma
1575 2316 1810 2397 meditabantur,

647 2450 706 2497 nec
733 2432 805 2517 ipsa
833 2431 917 2497 circa
944 2430 1108 2496 domiuum
1137 2450 1227 2497 suum
1255 2430 1443 2515 intuleraut;
1473 2432 1529 2497 sed
1552 2432 1609 2497 leti
1631 2431 1812 2516 iocundique

648 2547 752 2612 animo
780 2547 897 2612 civium
919 2547 1091 2613 crastinam
1116 2546 1370 2633 prestolabantur
1400 2548 1648 2613 conventionem.
1687 2546 1812 2613 Manita

647 2666 731 2727 sturm
759 2666 809 2727 est
836 2662 936 2746 enim,
965 2662 1049 2748 quod
1070 2662 1259 2729 venerabilis
1282 2662 1424 2748 pontifex
1447 2681 1621 2747 numquam
1642 2666 1709 2729 tam
1732 2663 1812 2728 tend

646 2797 744 2843 manu
773 2778 917 2864 partibus
945 2798 1053 2844 eorum
1081 2799 1116 2845 se
1144 2778 1342 2863 credidisset,
1372 2779 1399 2843 si
1428 2798 1481 2845 eos
1510 2778 1578 2865 ipse
1606 2778 1764 2865 corripere
1784 2784 1813 2843 et

647 2913 711 2959 non
739 2893 797 2959 ad·
820 2893 946 2961 eorum‘
969 2895 1220 2961 emendationem
1247 2914 1342 2982 super
1369 2894 1525 2979 sacrilegii
1548 2894 1708 2960 commissi
1729 2898 1811 2960 reatu

646 3009 866 3077 tautummodo
888 3011 1103 3097 recipiendam
1127 3012 1273 3077 venisset

738 3124 818 3192 Cum
839 3127 937 3209 igitur
959 3125 998 3193 de
1021 3126 1228 3193 conventione
1251 3125 1319 3209 hac,
1343 3125 1382 3191 de
1405 3124 1567 3191 obsidibus
1575 3135 1597 3210 ⁸,
1621 3125 1660 3192 de
1676 3126 1810 3193 satisfac-

652 3242 739 3308 tione
761 3262 819 3328 per
841 3248 943 3308 totum
966 3242 1052 3308 illins
1074 3242 1138 3309 diei
1161 3242 1299 3329 spatium
1314 3246 1505 3307 tractaretur
1519 3248 1552 3307 et
1565 3242 1683 3322 noctis;
1707 3247 1810 3309 ettota

649 3357 754 3440 ouria,
783 3358 953 3444 impatiens
975 3378 1152 3443 morarum,
1180 3358 1353 3423 crastinum
1376 3356 1464 3443 pacis
1487 3356 1699 3443 spectaculum
1721 3362 1752 3423 et
1770 3390 1806 3403 -

650 3474 845 3559 precursoris
872 3473 1018 3556 Domini,
1056 3473 1248 3539 sanctissimi
1282 3471 1429 3538 Iohannis
1458 3472 1613 3559 baptiste,
1647 3474 1808 3558 quainter

650 3595 741 3655 natos
764 3588 933 3655 mulierum
961 3588 1066 3654 nullus
1094 3588 1197 3654 maior
1225 3583 1391 3671 surrexit³,
1419 3588 1589 3654 feriantesl
1612 3589 1749 3672 vigiliam
1770 3622 1805 3632 -

650 3711 741 3791 cepte
773 3705 955 3771 festivitatis
989 3724 1097 3770 omnes
1130 3704 1380 3791 prestolarentur
1414 3702 1604 3790 solempnia;
1644 3700 1806 3789 Magantini

649 3820 797 3887 fraudum
819 3840 948 3886 suarum
971 3820 1147 3906 pestilentis
1171 3820 1263 3886 artis¹
1285 3840 1484 3905 nequaquam
1501 3821 1589 3887 fuere
1608 3821 1805 3887 immemores.

650 3935 796 4002 Placidol
818 3936 904 4003 enim
925 3936 1102 4021 blandoque
1124 3934 1214 4001 vultu
1236 3942 1273 4002 ut
1287 3937 1410 4023 scorpio
1426 3943 1459 4003 et
1473 3937 1602 4023 optimis
1618 3937 1722 4003 verbis
1736 3936 1807 4001 eires

650 4052 801 4117 domnum
829 4052 1012 4138 episcopum
1040 4052 1124 4118 inter
1146 4053 1277 4118 nuncios
1299 4053 1346 4119 ita
1367 4052 1569 4135 incedebant,
1599 4052 1683 4137 quod
1705 4049 1807 4118 nullus¹

649 4167 833 4233 mortalium
860 4172 1048 4234 venenatam
1075 4168 1208 4235 caudam
1235 4169 1376 4255 ipsorum
1405 4168 1456 4234 vel
1486 4168 1571 4234 aliud
1599 4169 1662 4235 nisi
1690 4168 1805 4233 verbum

650 4283 856 4368 humilitatis,
886 4285 974 4371 pacis
1003 4290 1036 4349 et
1057 4283 1260 4351 omnimode*n
1282 4284 1520 4368 satisfactionis,
1552 4304 1591 4350 ex
1613 4284 1693 4371 ipsis
1715 4284 1807 4371 posset

649 4400 822 4487 percipere.
855 4399 979 4487 Quippe
993 4401 1028 4465 iu
1042 4400 1154 4466 corde*
1171 4400 1321 4466 excordes
1328 4410 1350 4483 ⁰,
1373 4402 1539 4485 sevientes,
1554 4400 1717 4485 magisque
1731 4396 1806 4465 blau·

721 4556 742 4589 a
764 4542 822 4589 si-
835 4542 1007 4601 acquiescerent
1021 4543 1099 4587 cor-2.
1178 4539 1201 4586 b.
1221 4540 1250 4586 ad
1267 4558 1310 4586 om.
1328 4542 1349 4587 1.
1427 4554 1447 4588 e.
1467 4540 1582 4588 inclinatis
1599 4542 1621 4588 ι.
1694 4538 1804 4596 deliget·

648 4624 685 4668 tea
702 4625 723 4668 1.
790 4636 810 4668 e.
833 4622 863 4667 ad
878 4639 921 4667 om.
938 4624 960 4668 1.
1025 4620 1042 4667 f.
1063 4621 1164 4680 ipsorum
1181 4622 1203 4666 2.
1270 4632 1291 4678 g.
1314 4620 1471 4668 obsidionibus
1489 4624 1509 4667 1.
1571 4620 1596 4667 lu.
1615 4624 1713 4683 seqnitur
1727 4634 1740 4678 g
1753 4622 1772 4664 ὶι
1786 4618 1803 4662 l.

648 4702 665 4749 i.
686 4702 820 4761 pestilentes
836 4703 898 4749 artes
911 4704 931 4746 1.
992 4700 1017 4747 k.
1032 4700 1119 4747 Placite
1130 4702 1152 4747 2.
1214 4698 1315 4747 baullia
1327 4702 1347 4747 1.
1410 4714 1440 4747 m.
1456 4700 1518 4747 omni
1528 4700 1596 4747 modo
1607 4702 1630 4757 1,
1646 4700 1777 4749 omnimodae
1785 4698 1802 4742 f·

649 4794 674 4829 a.
694 4783 719 4829 in
733 4782 802 4829 eorde
818 4783 842 4828 et
858 4784 880 4837 1,
895 4780 920 4827 iu
935 4780 1004 4827 eorde
1020 4794 1048 4827 ax
1063 4782 1086 4827 a.
1148 4794 1170 4829 o.
1186 4780 1295 4829 excordes
1311 4782 1394 4841 ιινὶριι·
1405 4798 1448 4840 pro
1464 4784 1488 4827 et
1503 4780 1571 4827 eorde
1588 4784 1609 4837 1,
1626 4795 1654 4828 ex
1669 4780 1765 4828 cardea

723 4880 747 4932 1.
773 4876 814 4933 (tf.
833 4875 897 4930 lsai.
910 4876 954 4944 37,
967 4876 1010 4929 28.
1100 4877 1126 4931 2.
1150 4876 1264 4947 Philipp.
1280 4878 1304 4945 1,
1317 4876 1342 4931 8.
1432 4876 1458 4931 3.
1482 4874 1577 4933 Mattio.
1593 4878 1634 4948 11,
1649 4877 1690 4933 11.
