4342 6034
659 712 726 777 440
897 728 1106 775 wmmaanns
1127 728 1208 775 uma
1231 726 1258 774 s.
1274 726 1452 775 sennenn
1470 726 1549 775 ons.
1564 726 1601 773 ru

658 875 732 958 pest
752 888 815 935 usn
836 868 957 936 vnrudtns
980 868 1047 938 dies
1070 888 1216 937 reversus
1239 872 1289 935 est
1309 868 1351 935 ad
1372 867 1520 954 patriam,
1542 866 1748 955 praefatoque
1761 868 1823 953 regi

661 1006 697 1053 ac
719 984 889 1073 praedictis
913 984 1013 1051 servis
1033 982 1095 1052 Dei
1117 1003 1224 1051 secum
1247 984 1471 1052 adsistentibus
1494 1004 1515 1051 a
1536 983 1709 1051 venerabili
1730 983 1824 1051 arehi-

660 1103 808 1189 episcope
826 1105 1037 1189 spontaneum
1053 1100 1189 1167 scienter
1203 1098 1317 1166 detulit
1330 1120 1529 1187 responsum,
1552 1105 1586 1169 et
1598 1120 1748 1183 maguum
1761 1098 1825 1167 uni·
1908 1137 1909 1192 q

659 1218 759 1285 uersis
789 1216 923 1283 eontulit
951 1216 1111 1300 gaudium.
1150 1214 1199 1282 Ac
1227 1215 1274 1282 sie
1300 1215 1450 1303 deinceps
1478 1216 1561 1283 mire
1588 1216 1827 1303 dispensationis
1908 1197 1909 1280 Ῑ

659 1334 720 1401 Dei
754 1332 966 1399 benivolentia
997 1352 1113 1401 nemen
1140 1332 1209 1399 eius
1238 1330 1435 1399 diffamatum
1462 1337 1512 1399 est
1538 1336 1572 1399 et
1598 1331 1723 1399 celebre
1750 1331 1829 1418 apud

570 1517 572 1525 ,
661 1469 770 1517 omnes
792 1454 860 1515 tam
884 1447 1040 1515 seculares
1064 1448 1235 1532 dignitates
1251 1458 1363 1533 quam·
1378 1448 1583 1517 ecclesiastici
1597 1446 1695 1515 oflicii
1710 1447 1830 1515 ordines
1908 1437 1909 1506 3

659 1564 849 1646 habebatur3
872 1564 919 1631 ita
940 1570 977 1631 ut
1000 1585 1020 1629 a
1041 1564 1152 1648 modo,
1176 1564 1240 1630 iam
1263 1564 1297 1629 in
1319 1564 1461 1631 futurum
1482 1562 1668 1651 preficiens,
1691 1561 1830 1650 synodali

660 1682 825 1767 sepissime
849 1700 957 1747 eornm
980 1678 1151 1749 intererat*
1173 1680 1329 1747 institute.

751 1796 814 1863 Sed
836 1796 911 1881 quia
932 1816 1022 1863 mens
1046 1795 1143 1863 etiam
1165 1794 1234 1863 Deo
1257 1795 1380 1863 dicata0
1401 1796 1564 1863 fauoribus
1585 1815 1650 1863 non
1673 1793 1832 1863 adtollitur

660 1912 806 1979 humanis
829 1932 888 1979 nec
909 1911 1056 1979 leudibus
1080 1911 1279 1995 sublevatur,
1308 1916 1456 1999 coeperat
1477 1911 1518 1978 ad
1541 1911 1605 1978 aba
1625 1911 1732 1979 multa
1753 1910 1832 1978 solli

660 2029 811 2095 citudinis
845 2048 922 2095 cura
957 2028 1117 2095 adtentius
1145 2047 1334 2115 properare,
1367 2034 1400 2096 et
1426 2032 1594 2116 parentum
1624 2026 1834 2113 edliniumque
1908 2023 1909 2094 ζ

661 2166 790 2212 suorum
818 2144 978 2211 consortia
1007 2145 1165 2227 devitare,
1195 2149 1228 2211 et
1252 2144 1421 2229 peregriua
1441 2144 1545 2227 magis
1566 2165 1664 2233 quam
1686 2149 1834 2231 paternae

660 2260 848 2329 hereditatis
876 2265 1034 2327 terrerum
1062 2258 1133 2325 loca
1161 2258 1349 2326 desiderare.
1386 2258 1449 2327 Sed
1477 2279 1548 2327 eum
1572 2260 1620 2327 sic
1638 2260 1739 2345 longo
1760 2265 1834 2327 mm

661 2378 748 2463 poris
772 2375 938 2443 interuallo
962 2394 1067 2441 secum
1091 2374 1310 2442 sollertissime
1332 2374 1536 2460 deliberaret,
1562 2382 1600 2443 ut
1620 2377 1763 2463 patriam
1784 2396 1835 2463 pa·

662 2499 829 2578 nentesque
853 2492 1026 2573 desereret3
1049 2490 1190 2574 tandem,
1214 2496 1341 2577 arrepto
1363 2491 1476 2559 beatae
1496 2492 1671 2559 memoriae
1693 2499 1729 2559 et
1749 2512 1835 2579 prae-
1908 2535 1909 2540 κ

662 2609 739 2675 dicti
760 2608 862 2695 patris
885 2606 1040 2691 consultu,
1066 2611 1180 2673 cuncta
1202 2606 1319 2673 animi⁴
1343 2608 1393 2675 sui
1414 2612 1547 2692 secreta,
1568 2608 1655 2675 intra
1677 2609 1835 2677 eonscien-

662 2724 739 2791 tiam
769 2729 843 2791 ante
871 2733 925 2790 ea·
948 2722 1148 2804 abscondita,
1178 2728 1325 2808 patenter
1353 2724 1479 2811 aperuit
1506 2729 1540 2791 et
1566 2744 1686 2809 magna
1710 2744 1835 2813 precum
1908 2723 1909 2816 ᾗ

663 2841 815 2908 instantia
840 2840 879 2907 ad
902 2859 1090 2907 consensum
1113 2857 1189 2905 suae
1211 2837 1382 2907 voluntatis
1405 2840 1508 2907 sancti
1529 2840 1591 2907 viri
1607 2842 1753 2907 animum
1767 2861 1834 2928 pre·
1908 2843 1909 2846 ’

663 2958 797 3025 secavit.
833 2956 893 3036 Qui
916 2957 1023 3040 etiam,
1047 2974 1165 3039 magna
1185 2955 1333 3042 primitus
1356 2955 1567 3023 admiratione
1590 2953 1834 3045 stampenses
1908 3037 1909 3044 χ

663 3072 807 3161 possenti
829 3093 906 3141 sene
929 3072 1185 3159 supplicantique
1205 3071 1418 3138 desideratum
1440 3072 1481 3138 ad
1502 3078 1629 3159 tempus
1645 3072 1835 3141 contradixit
1908 3063 1909 3128 l

663 3192 739 3274 iter,
771 3196 807 3257 ut
834 3188 918 3275 cepti
946 3187 1104 3275 propositi
1126 3186 1251 3255 sedaret
1273 3187 1478 3271 industriam
1507 3188 1563 3255 sed
1585 3188 1627 3255 ad
1649 3195 1832 3271 extremum,

664 3306 877 3373 invalescente
900 3303 1126 3391 omnipotentis
1147 3302 1209 3369 Dei
1230 3302 1440 3390 providentia,
1462 3304 1637 3371 convaluit‘
1656 3325 1763 3372 sermo
1783 3324 1833 3391 pe·
1908 3297 1909 3300 '

665 3422 771 3489 tentis.
807 3420 850 3487 Et
872 3425 981 3487 tente⁸
1003 3418 1128 3485 abbatis
1149 3419 1346 3504 fratrumque
1368 3440 1508 3505 suerum,
1535 3440 1642 3489 seeum
1664 3422 1726 3489 sub
1747 3441 1832 3505 regu

665 3538 725 3605 leri
749 3536 919 3622 disciplina
936 3536 1121 3618 viventium,
1144 3534 1310 3603 deuotione
1330 3535 1532 3623 adoptetum'¹
1547 3536 1764 3605 inchoaverat¹
1778 3537 1833 3603 iter

666 3654 856 3737 dominoque
878 3652 945 3719 Deo
974 3651 1177 3737 dispensante
1199 3651 1441 3739 compleveret¹,
1467 3652 1515 3719 ut¹
1537 3652 1567 3720 ei
1589 3653 1688 3721 etiam
1709 3650 1832 3721 humani

666 3776 811 3856 sumptus
840 3767 958 3834 solacia
983 3766 1119 3833 libenter
1145 3767 1354 3855 inpenderent
1379 3773 1414 3835 et
1437 3789 1554 3853 magua
1575 3770 1680 3837 cordis
1702 3788 1831 3838 comme·

666 3886 752 3952 tiene
774 3884 978 3950 lacrimarum
1001 3882 1120 3949 diutius
1142 3883 1315 3950 infusiones
1338 3884 1578 3970 orationumque
1592 3885 1831 3973 supplicationes

668 4022 726 4089 pro
750 4019 787 4067 eo
811 4000 852 4066 ad
873 3998 1002 4067 Deum'*
1021 4000 1198 4066 funderent

757 4116 817 4183 Hic
846 4117 941 4183 etiam
971 4116 1061 4201 dum,
1090 4115 1228 4203 spiritali
1250 4116 1444 4183 confortatus
1467 4121 1629 4183 armatura
1650 4121 1684 4185 et
1704 4115 1830 4185 seculari
1908 4105 1909 4108 '

669 4232 855 4300 sublimatus
879 4239 1055 4321 sumptura,
1078 4232 1243 4317 utriusque
1264 4232 1350 4299 vitae
1372 4232 1538 4319 stipendiis
1560 4233 1692 4301 minime
1706 4234 1828 4313 careret,

669 4348 818 4417 adhibitis
847 4368 953 4417 secum
981 4348 1102 4416 duobus
1131 4353 1187 4415 aut
1208 4348 1310 4414 tribus
1330 4348 1498 4433 fratribus,
1527 4368 1660 4433 quorum
1682 4345 1829 4437 corporali

598 4481 650 4535 716
669 4464 868 4553 spiritalique
895 4466 1059 4550 indigebat
1087 4463 1315 4549 sustentaculo,
1343 4464 1503 4552 proiectus
1530 4469 1589 4533 est
1627 4465 1678 4533 Ac
1698 4466 1760 4551 sic,
1785 4464 1827 4529 in-

741 4692 762 4725 a.
783 4678 850 4725 etiem
867 4678 925 4725 edd.
936 4681 965 4734 A,
976 4680 1003 4725 B.
1081 4678 1105 4725 b.
1124 4678 1248 4725 interesset
1256 4680 1285 4725 A.
1362 4690 1382 4725 e.
1402 4678 1446 4725 deo
1462 4676 1568 4725 dedicata
1576 4682 1605 4726 A·
1679 4678 1702 4726 d.
1719 4676 1826 4728 umal:
1908 4631 1909 4692 1

669 4758 827 4815 andnim.
904 4758 1096 4815 e.enteeA‚B.
1171 4757 1440 4815 tetlameddm.
1512 4759 1658 4816 attulit.
1727 4757 1825 4816 hropi*
1908 4785 1909 4790 =

668 4840 717 4884 tum
733 4840 761 4885 B.
822 4838 839 4883 i.
859 4835 977 4883 inchoaret
992 4838 1020 4883 B.
1082 4836 1106 4883 k
1127 4837 1293 4898 compleretis.
1355 4838 1371 4885 l.
1390 4841 1461 4899 utque
1476 4840 1504 4886 B.
1566 4852 1596 4885 ra.
1617 4838 1732 4887 dominu
1746 4841 1773 4887 A.
