4342 6034
663 770 729 837 678
907 788 1106 836 onmsmam
1128 788 1329 838 canonicos
1352 789 1588 838 noeosrmmr

731 1003 926 1112 Venerabili
948 1045 1033 1131 patri
1056 1044 1183 1111 dominc
1200 1044 1392 1112 Theoderico
1416 1046 1522 1114 abbati
1546 1052 1579 1113 et
1599 1048 1750 1114 batibus
1773 1046 1830 1113 Lu·

663 1159 791 1226 dovico·
821 1162 938 1246 priori,
973 1159 1133 1244 lohannil,
1162 1160 1327 1247 liudolpho
1356 1162 1585 1247 sacerdotibus,
1620 1163 1831 1230 Christianus⁸

661 1276 844 1362 presbyter,
875 1268 1047 1362 episcopali
1068 1277 1196 1343 nomina
1217 1276 1381 1362 indignus,
1409 1278 1526 1362 gaudia
1548 1278 1656 1347 electis
1679 1278 1739 1345 Dei
1763 1286 1832 1345 ante

661 1391 772 1457 mnndi
794 1392 925 1458 exordia
946 1396 1137 1478 praeparata
1145 1388 1162 1458 ¹.

751 1506 862 1573 Solent
889 1506 1065 1594 plerunque
1093 1526 1144 1573 res
1173 1506 1247 1573 olim
1276 1514 1398 1594 gestae,
1426 1509 1453 1575 si
1482 1510 1609 1596 scriptis
1632 1530 1695 1577 non
1716 1510 1833 1577 fuerint

660 1622 916 1706 commendatae,
940 1624 987 1689 sic
1008 1622 1175 1689 oblivionis
1199 1622 1376 1691 conculcari
1399 1624 1494 1710 pede,
1523 1625 1671 1691 utnulla
1692 1626 1732 1692 de
1754 1626 1831 1713 ipsis

661 1757 680 1803 a
701 1739 840 1823 posteris
863 1739 1017 1805 memoria
1038 1734 1206 1819 habeatur;
1231 1758 1302 1803 cnm
1325 1744 1431 1806 tamen
1455 1758 1563 1805 aarum
1586 1742 1705 1807 noticia
1727 1748 1832 1827 posset

658 1850 741 1918 forte
769 1854 839 1947 fore
867 1854 938 1920 aliis
965 1873 1061 1919 causa
1089 1854 1229 1920 cautelae
1252 1860 1284 1919 et
1305 1855 1550 1921 instrumentum
1573 1856 1727 1923 evadendi
1751 1858 1830 1942 peri·

659 1968 731 2034 cula
752 1968 804 2035 vel
825 1969 956 2037 vitandi.
1035 1968 1125 2048 Quod
1141 1970 1245 2035 sinon
1262 1970 1314 2054 sit,
1338 1970 1448 2037 saltem
1465 1970 1640 2055 legentibus
1656 1978 1689 2037 et
1704 1971 1829 2037 andien-

658 2083 743 2151 tibus
773 2085 891 2151 tedium
920 2084 1051 2151 tollitur.
1091 2084 1176 2149 Dum
1204 2104 1242 2151 ea
1271 2086 1469 2168 transierint,
1504 2086 1550 2151 eia
1579 2087 1670 2171 quasi
1698 2088 1829 2171 quedam

658 2201 804 2267 recentia
826 2204 1043 2267 renascuntur.
1077 2198 1168 2266 Unde
1189 2198 1236 2285 iit,
1259 2206 1295 2267 ut
1318 2222 1358 2267 ex
1380 2202 1440 2267 hoc
1460 2201 1495 2266 in
1518 2201 1761 2269 admirationem
1776 2203 1827 2268 du·

658 2322 771 2383 cantur
793 2316 844 2383 vel
867 2322 1039 2402 stuporem,
1062 2315 1113 2381 vel
1136 2322 1220 2383 certa
1243 2316 1283 2383 ad
1306 2316 1463 2403 passionis
1485 2318 1637 2400 gemitum
1660 2338 1827 2404 provocen-

658 2436 721 2497 tur.
813 2431 996 2517 Scripturus
1018 2432 1126 2515 itaque
1149 2432 1238 2499 vobis
1261 2433 1415 2498 iacturam
1439 2438 1471 2498 et
1493 2434 1746 2519 oppressionem,
1770 2454 1829 2520 qua
1926 2512 1927 2537 ,

660 2546 752 2612 annia
773 2547 839 2612 iam
861 2552 987 2614 centum
1010 2546 1095 2633 cepit
1116 2566 1207 2615 ruere
1229 2546 1361 2615 eeclesia
1375 2546 1636 2633 llaguntinensis,
1660 2549 1761 2636 ipsius
1783 2552 1828 2615 in·
1926 2540 1927 2621 i

659 2680 737 2727 voco
759 2662 912 2747 gratiam,
940 2662 1028 2729 cuins
1051 2683 1104 2747 ea,
1135 2682 1214 2747 quae
1241 2664 1391 2731 sustinuit
1412 2668 1445 2729 et
1466 2664 1568 2730 adbuc
1590 2666 1746 2733 susfinere
1767 2684 1828 2731 non

659 2775 755 2843 desiit
782 2777 882 2861 mala,
910 2778 1028 2845 iudicio
1056 2783 1106 2844 est
1132 2796 1293 2865 oppressa.
1329 2779 1443 2863 Igitur,
1472 2785 1508 2846 ut
1530 2780 1598 2846 eius
1620 2781 1828 2848 miserabilior

658 2892 823 2960 odandtm
846 2912 941 2978 qnam
964 2894 1085 2981 patitur
1108 2900 1140 2960 et
1161 2892 1295 2961 flebilior
1317 2894 1487 2980 elucescat,
1511 2897 1616 2983 prius,
1639 2897 1753 2981 quibus
1774 2897 1826 2962 bo

658 3008 788 3076 naribus
811 3009 954 3094 claruitl,
977 3008 1091 3095 quibus
1114 3006 1233 3075 divitiis
1256 3015 1289 3076 ot
1310 3011 1471 3078 ornatibus
1494 3013 1611 3079 referta
1630 3012 1736 3096 fuerit,
1760 3031 1825 3078 suc-

659 3125 761 3193 cincta
784 3130 817 3192 et
838 3126 976 3194 breviter
998 3124 1215 3191 fflssaamust

747 3240 852 3307 Erant
872 3240 918 3307 ibi
940 3260 1153 3328 purpurarum
1176 3242 1410 3328 praeciosarum
1433 3248 1539 3309 mnae
1561 3243 1683 3329 copiae,
1706 3248 1743 3311 ut
1764 3242 1822 3309 die-

659 3356 718 3423 bus
739 3356 862 3423 festivis
884 3362 987 3425 totum
1009 3357 1246 3441 monasterium,
1269 3377 1338 3423 cum
1364 3358 1406 3423 sit
1427 3358 1507 3425 tam‘
1522 3358 1651 3442 longum
1673 3358 1821 3442 etlatnm,

658 3473 849 3539 intrinsecus
879 3477 1053 3556 tegeretur,
1083 3478 1116 3539 at
1140 3478 1248 3539 tanum
1277 3472 1379 3539 adhuc
1406 3474 1638 3561 superfuerunt
1729 3474 1821 3541 Erant

658 3588 780 3674 tapetia
802 3594 835 3654 et
857 3584 1023 3671 dorsalia',
1046 3588 1130 3656 mira
1151 3589 1293 3675 picturae
1309 3589 1462 3656 varietme
1476 3590 1635 3675 distincta,
1661 3611 1740 3676 quae
1755 3612 1818 3677 ope·

658 3704 703 3771 ris
726 3704 900 3771 subtilitate
928 3709 961 3770 et
986 3704 1220 3790 pulchritudine
1251 3704 1372 3771 animos
1400 3706 1590 3773 intuentium
1621 3706 1820 3773 admiratione

659 3819 867 3887 delectabant.
902 3819 1032 3887 Praeter
1053 3822 1116 3886 ista
1139 3826 1230 3887 erant
1253 3828 1284 3885 et
1307 3820 1379 3904 alia,
1402 3840 1483 3905 quae
1503 3840 1598 3907 snper
1613 3822 1818 3907 pavimentum

659 3936 772 4023 templi
807 3941 839 4003 et
871 3955 1001 4003 scamna
1034 3940 1066 4003 et
1094 3955 1199 4003 coram
1228 3934 1380 4003 altaribus
1408 3936 1638 4005 sternebantur.
1728 3936 1818 4003 Erant

659 4051 764 4139 pallae
787 4051 936 4118 altarium
958 4072 1035 4118 auro
1057 4052 1198 4118 intextae
1220 4052 1410 4137 praeciosas.
1449 4052 1534 4119 Inter
1557 4073 1635 4138 quas
1658 4060 1724 4121 tras
1739 4058 1817 4119 amnt

658 4165 857 4256 praecipuae,
881 4187 1014 4253 quarum
1035 4188 1100 4233 una
1123 4166 1348 4234 aestimabatur
1369 4186 1462 4255 posse
1484 4166 1589 4235 valere
1611 4188 1734 4236 marcas
1755 4187 1815 4234 oen·

731 4350 754 4383 a.
775 4335 927 4383 &lauderico
943 4336 980 4381 ed.
1055 4334 1078 4381 b.
1099 4334 1161 4382 loun.
1176 4337 1213 4383 ed.
1291 4350 1310 4383 e.
1332 4336 1356 4382 (l
1373 4338 1416 4391 ed,
1433 4336 1574 4385 dhrlstianus
1591 4340 1616 4384 r.
1694 4338 1717 4384 ul
1736 4354 1764 4383 «a
1777 4335 1813 4381 elr-

660 4417 747 4465 ruerit?
823 4431 844 4462 e.
865 4416 964 4463 audiatis
980 4419 1005 4462 T.
1080 4415 1098 4461 i.
1118 4418 1458 4475 mserasrpretanenea

661 4524 691 4577 et
713 4520 830 4576 ecclesia
850 4518 1035 4591 multipliciter
1053 4517 1185 4575 afflictat
1213 4520 1394 4589 Boebmems,
1419 4534 1480 4575 cum
1499 4520 1570 4575 hauc
1587 4519 1707 4576 chronici
1722 4524 1812 4591 partem

662 4624 680 4665 a
701 4610 776 4665 vitae
794 4607 979 4663 Arnoldianae
1002 4608 1135 4678 scriptore
1157 4620 1218 4663 esse
1242 4607 1429 4679 arbitraretur,
1454 4608 1569 4664 eandem
1587 4624 1622 4664 ex
1640 4610 1698 4665 vita
1715 4604 1813 4663 rimoldi

661 4697 691 4752 in
713 4695 859 4752 chronicon
877 4696 1087 4753 Obfiatianinum
1111 4696 1271 4789 bmelatmn
1295 4710 1356 4751 asse
1379 4710 1432 4752 non
1450 4700 1525 4751 recto
1543 4698 1657 4753 censuit
1687 4696 1727 4753 Gt.
1743 4708 1813 4765 supra

662 4802 690 4857 p·
702 4786 760 4928 md.
772 4786 941 4928 ubil-m·
954 4873 998 4943 25,
1010 4872 1054 4928 34η
1144 4874 1170 4928 2.
1194 4872 1291 4929 aalma
1306 4872 1449 4943 parietum.
