<?xml version="1.0" encoding="UTF-8"?>
<!DOCTYPE html PUBLIC "-//W3C//DTD XHTML 1.0 Transitional//EN"
    "http://www.w3.org/TR/xhtml1/DTD/xhtml1-transitional.dtd">
<html xmlns="http://www.w3.org/1999/xhtml" xml:lang="en" lang="en">
 <head>
  <title>
</title>
<meta http-equiv="Content-Type" content="text/html;charset=utf-8" />
  <meta name='ocr-system' content='tesseract 3.04.00' />
  <meta name='ocr-capabilities' content='ocr_page ocr_carea ocr_par ocr_line ocrx_word'/>
</head>
<body>
  <div class='ocr_page' id='page_1' title='image "./monumentamogunt00lulgoog/monumentamogunt00lulgoog_0523.png"; bbox 0 0 4342 6034; ppageno 0'>
   <div class='ocr_carea' id='block_1_1' title="bbox 651 736 1518 803">
    <p class='ocr_par' dir='ltr' id='par_1_1' title="bbox 651 736 1518 803">
     <span class='ocr_line' id='line_1_1' title="bbox 651 736 1518 803; baseline 0.002 -2"><span class='ocrx_word' id='word_1_1' title='bbox 651 754 700 801; x_wconf 83' lang='lat' dir='ltr'>nx</span> <span class='ocrx_word' id='word_1_2' title='bbox 721 752 878 803; x_wconf 68' lang='lat' dir='ltr'>ornum</span> <span class='ocrx_word' id='word_1_3' title='bbox 897 754 979 801; x_wconf 79' lang='lat' dir='ltr'>vrrs</span> <span class='ocrx_word' id='word_1_4' title='bbox 1000 752 1029 801; x_wconf 82' lang='lat' dir='ltr'>a</span> <span class='ocrx_word' id='word_1_5' title='bbox 1044 752 1222 803; x_wconf 75' lang='lat' dir='ltr'>normann</span> <span class='ocrx_word' id='word_1_6' title='bbox 1452 736 1518 803; x_wconf 77' lang='lat'>505</span> 
     </span>
    </p>
   </div>
   <div class='ocr_carea' id='block_1_2' title="bbox 345 894 1686 4227">
    <p class='ocr_par' dir='ltr' id='par_1_2' title="bbox 352 894 1589 1097">
     <span class='ocr_line' id='line_1_2' title="bbox 352 894 1589 981; baseline -0.001 -19"><span class='ocrx_word' id='word_1_7' title='bbox 352 915 443 962; x_wconf 88' lang='lat' dir='ltr'>suum</span> <span class='ocrx_word' id='word_1_8' title='bbox 466 898 535 962; x_wconf 89' lang='lat' dir='ltr'>erat</span> <span class='ocrx_word' id='word_1_9' title='bbox 555 894 702 981; x_wconf 73' lang='lat' dir='ltr'>reddidit</span> <span class='ocrx_word' id='word_1_10' title='bbox 726 896 865 963; x_wconf 88' lang='lat' dir='ltr'>animam</span> <span class='ocrx_word' id='word_1_11' title='bbox 886 915 961 963; x_wconf 84' lang='lat' dir='ltr'>vero</span> <span class='ocrx_word' id='word_1_12' title='bbox 983 895 1171 963; x_wconf 86' lang='lat' dir='ltr'>caelestibus</span> <span class='ocrx_word' id='word_1_13' title='bbox 1194 894 1317 979; x_wconf 82' lang='lat' dir='ltr'>gaudiis</span> <span class='ocrx_word' id='word_1_14' title='bbox 1338 896 1519 963; x_wconf 79' lang='lat' dir='ltr'><strong>sociandam</strong></span> <span class='ocrx_word' id='word_1_15' title='bbox 1537 904 1589 961; x_wconf 75' lang='grc'>755</span> 
     </span>
     <span class='ocr_line' id='line_1_3' title="bbox 352 1005 1102 1097; baseline -0.001 -19"><span class='ocrx_word' id='word_1_16' title='bbox 352 1005 541 1079; x_wconf 77' lang='lat' dir='ltr'><strong>omnimodis</strong></span> <span class='ocrx_word' id='word_1_17' title='bbox 562 1010 709 1097; x_wconf 73' lang='lat' dir='ltr'><strong>precibus</strong></span> <span class='ocrx_word' id='word_1_18' title='bbox 730 1011 949 1079; x_wconf 90' lang='lat' dir='ltr'>commendare</span> <span class='ocrx_word' id='word_1_19' title='bbox 970 1012 1102 1079; x_wconf 87' lang='lat' dir='ltr'>curarit.</span> 
     </span>
    </p>

    <p class='ocr_par' dir='ltr' id='par_1_3' title="bbox 439 1126 1686 1214">
     <span class='ocr_line' id='line_1_4' title="bbox 439 1126 1686 1214; baseline -0.001 -21"><span class='ocrx_word' id='word_1_20' title='bbox 439 1126 478 1193; x_wconf 93' lang='lat' dir='ltr'>In</span> <span class='ocrx_word' id='word_1_21' title='bbox 503 1128 591 1193; x_wconf 91' lang='lat' dir='ltr'>cuius</span> <span class='ocrx_word' id='word_1_22' title='bbox 615 1126 811 1193; x_wconf 86' lang='lat' dir='ltr'>venerandae</span> <span class='ocrx_word' id='word_1_23' title='bbox 837 1127 965 1194; x_wconf 85' lang='lat' dir='ltr'>tumbae</span> <span class='ocrx_word' id='word_1_24' title='bbox 991 1127 1061 1195; x_wconf 90' lang='lat' dir='ltr'>loco</span> <span class='ocrx_word' id='word_1_25' title='bbox 1085 1147 1147 1214; x_wconf 76' lang='lat' dir='ltr'>per</span> <span class='ocrx_word' id='word_1_26' title='bbox 1174 1128 1241 1195; x_wconf 90' lang='lat' dir='ltr'>eius</span> <span class='ocrx_word' id='word_1_27' title='bbox 1263 1127 1378 1195; x_wconf 88' lang='lat' dir='ltr'>merita</span> <span class='ocrx_word' id='word_1_28' title='bbox 1398 1126 1686 1212; x_wconf 68' lang='lat' dir='ltr'>molliamus-1066</span> 
     </span>
    </p>

    <p class='ocr_par' dir='ltr' id='par_1_4' title="bbox 345 1242 1522 2934">
     <span class='ocr_line' id='line_1_5' title="bbox 351 1242 1519 1331; baseline 0.001 -22"><span class='ocrx_word' id='word_1_29' title='bbox 351 1263 428 1329; x_wconf 86' lang='lat' dir='ltr'>quos</span> <span class='ocrx_word' id='word_1_30' title='bbox 451 1242 530 1310; x_wconf 83' lang='lat' dir='ltr'>lidos</span> <span class='ocrx_word' id='word_1_31' title='bbox 553 1262 692 1327; x_wconf 84' lang='lat' dir='ltr'>congrua</span> <span class='ocrx_word' id='word_1_32' title='bbox 714 1243 754 1308; x_wconf 90' lang='lat' dir='ltr'>ad</span> <span class='ocrx_word' id='word_1_33' title='bbox 777 1243 948 1310; x_wconf 87' lang='lat' dir='ltr'>obtinenda</span> <span class='ocrx_word' id='word_1_34' title='bbox 969 1264 1102 1330; x_wconf 87' lang='lat' dir='ltr'>eaquae</span> <span class='ocrx_word' id='word_1_35' title='bbox 1117 1244 1290 1331; x_wconf 83' lang='lat' dir='ltr'>deposcunt</span> <span class='ocrx_word' id='word_1_36' title='bbox 1306 1244 1426 1327; x_wconf 69' lang='lat' dir='ltr'>incitat,</span> <span class='ocrx_word' id='word_1_37' title='bbox 1448 1242 1519 1330; x_wconf 87' lang='lat' dir='ltr'>plu-</span> 
     </span>
     <span class='ocr_line' id='line_1_6' title="bbox 350 1356 1518 1445; baseline 0 -20"><span class='ocrx_word' id='word_1_38' title='bbox 350 1360 432 1425; x_wconf 90' lang='lat' dir='ltr'>rima</span> <span class='ocrx_word' id='word_1_39' title='bbox 455 1359 604 1425; x_wconf 83' lang='lat' dir='ltr'>eveniunt</span> <span class='ocrx_word' id='word_1_40' title='bbox 625 1356 863 1425; x_wconf 88' lang='lat' dir='ltr'>beneficiatam</span> <span class='ocrx_word' id='word_1_41' title='bbox 885 1359 1045 1427; x_wconf 89' lang='lat' dir='ltr'>interioris</span> <span class='ocrx_word' id='word_1_42' title='bbox 1068 1380 1164 1445; x_wconf 89' lang='lat' dir='ltr'>quam</span> <span class='ocrx_word' id='word_1_43' title='bbox 1187 1358 1352 1426; x_wconf 83' lang='lat' dir='ltr'>exterioris</span> <span class='ocrx_word' id='word_1_44' title='bbox 1371 1359 1518 1425; x_wconf 89' lang='lat' dir='ltr'>bominis.</span> 
     </span>
     <span class='ocr_line' id='line_1_7' title="bbox 349 1474 1517 1561; baseline 0 -20"><span class='ocrx_word' id='word_1_45' title='bbox 349 1474 513 1542; x_wconf 88' lang='lat' dir='ltr'>Interioris</span> <span class='ocrx_word' id='word_1_46' title='bbox 535 1475 677 1561; x_wconf 81' lang='lat' dir='ltr'>quidem,</span> <span class='ocrx_word' id='word_1_47' title='bbox 708 1494 778 1540; x_wconf 91' lang='lat' dir='ltr'>cum</span> <span class='ocrx_word' id='word_1_48' title='bbox 802 1474 986 1541; x_wconf 76' lang='lat' dir='ltr'>delictorum</span> <span class='ocrx_word' id='word_1_49' title='bbox 1011 1495 1140 1543; x_wconf 89' lang='lat' dir='ltr'>suorum</span> <span class='ocrx_word' id='word_1_50' title='bbox 1162 1476 1285 1541; x_wconf 86' lang='lat' dir='ltr'>veniam</span> <span class='ocrx_word' id='word_1_51' title='bbox 1310 1474 1517 1557; x_wconf 81' lang='lat' dir='ltr'>obtinuerint3</span> 
     </span>
     <span class='ocr_line' id='line_1_8' title="bbox 350 1589 1519 1676; baseline 0.002 -19"><span class='ocrx_word' id='word_1_52' title='bbox 350 1592 517 1658; x_wconf 82' lang='lat' dir='ltr'>exterioris</span> <span class='ocrx_word' id='word_1_53' title='bbox 540 1610 630 1674; x_wconf 82' lang='lat' dir='ltr'>vero,</span> <span class='ocrx_word' id='word_1_54' title='bbox 660 1610 731 1657; x_wconf 92' lang='lat' dir='ltr'>cum</span> <span class='ocrx_word' id='word_1_55' title='bbox 759 1589 976 1657; x_wconf 88' lang='lat' dir='ltr'>infirmitatem</span> <span class='ocrx_word' id='word_1_56' title='bbox 998 1591 1049 1657; x_wconf 83' lang='lat' dir='ltr'>vel</span> <span class='ocrx_word' id='word_1_57' title='bbox 1071 1590 1265 1657; x_wconf 80' lang='lat' dir='ltr'>debilitatem</span> <span class='ocrx_word' id='word_1_58' title='bbox 1290 1590 1428 1676; x_wconf 89' lang='lat' dir='ltr'>aliquam</span> <span class='ocrx_word' id='word_1_59' title='bbox 1451 1611 1519 1659; x_wconf 88' lang='lat' dir='ltr'>cor-</span> 
     </span>
     <span class='ocr_line' id='line_1_9' title="bbox 349 1704 1519 1794; baseline 0.002 -21"><span class='ocrx_word' id='word_1_60' title='bbox 349 1707 491 1794; x_wconf 88' lang='lat' dir='ltr'>poralem</span> <span class='ocrx_word' id='word_1_61' title='bbox 515 1706 681 1773; x_wconf 81' lang='lat' dir='ltr'>evaserint</span> <span class='ocrx_word' id='word_1_62' title='bbox 717 1705 803 1784; x_wconf 86' lang='lat' dir='ltr'>Quae</span> <span class='ocrx_word' id='word_1_63' title='bbox 825 1706 971 1773; x_wconf 85' lang='lat' dir='ltr'>videlicet</span> <span class='ocrx_word' id='word_1_64' title='bbox 992 1712 1125 1791; x_wconf 88' lang='lat' dir='ltr'>utraque</span> <span class='ocrx_word' id='word_1_65' title='bbox 1147 1704 1298 1773; x_wconf 88' lang='lat' dir='ltr'>beneficia</span> <span class='ocrx_word' id='word_1_66' title='bbox 1320 1708 1519 1793; x_wconf 87' lang='lat' dir='ltr'>quotiescun·</span> 
     </span>
     <span class='ocr_line' id='line_1_10' title="bbox 350 1822 1519 1909; baseline 0.001 -20"><span class='ocrx_word' id='word_1_67' title='bbox 350 1843 410 1907; x_wconf 88' lang='lat' dir='ltr'>que</span> <span class='ocrx_word' id='word_1_68' title='bbox 438 1823 484 1889; x_wconf 94' lang='lat' dir='ltr'>ibi</span> <span class='ocrx_word' id='word_1_69' title='bbox 508 1842 573 1889; x_wconf 92' lang='lat' dir='ltr'>non</span> <span class='ocrx_word' id='word_1_70' title='bbox 594 1823 820 1908; x_wconf 87' lang='lat' dir='ltr'>impetrantur,</span> <span class='ocrx_word' id='word_1_71' title='bbox 849 1842 914 1888; x_wconf 93' lang='lat' dir='ltr'>non</span> <span class='ocrx_word' id='word_1_72' title='bbox 934 1822 1157 1909; x_wconf 85' lang='lat' dir='ltr'>imputandum</span> <span class='ocrx_word' id='word_1_73' title='bbox 1179 1828 1227 1889; x_wconf 90' lang='lat' dir='ltr'>est</span> <span class='ocrx_word' id='word_1_74' title='bbox 1248 1822 1299 1889; x_wconf 86' lang='lat' dir='ltr'>uel</span> <span class='ocrx_word' id='word_1_75' title='bbox 1321 1822 1447 1889; x_wconf 88' lang='lat' dir='ltr'>divinae</span> <span class='ocrx_word' id='word_1_76' title='bbox 1469 1824 1519 1890; x_wconf 90' lang='lat' dir='ltr'>in·</span> 
     </span>
     <span class='ocr_line' id='line_1_11' title="bbox 348 1937 1518 2025; baseline 0 -20"><span class='ocrx_word' id='word_1_77' title='bbox 348 1939 535 2006; x_wconf 86' lang='lat' dir='ltr'>clementias</span> <span class='ocrx_word' id='word_1_78' title='bbox 561 1959 618 2005; x_wconf 88' lang='lat' dir='ltr'>seu</span> <span class='ocrx_word' id='word_1_79' title='bbox 638 1937 777 2005; x_wconf 88' lang='lat' dir='ltr'>invalido</span> <span class='ocrx_word' id='word_1_80' title='bbox 800 1939 885 2024; x_wconf 88' lang='lat' dir='ltr'>apud</span> <span class='ocrx_word' id='word_1_81' title='bbox 906 1937 1010 2004; x_wconf 89' lang='lat' dir='ltr'>Deum</span> <span class='ocrx_word' id='word_1_82' title='bbox 1032 1939 1134 2005; x_wconf 86' lang='lat' dir='ltr'>sancti</span> <span class='ocrx_word' id='word_1_83' title='bbox 1155 1937 1309 2005; x_wconf 75' lang='lat' dir='ltr'>Bonifatii</span> <span class='ocrx_word' id='word_1_84' title='bbox 1332 1940 1518 2025; x_wconf 84' lang='lat' dir='ltr'>patrocinio,</span> 
     </span>
     <span class='ocr_line' id='line_1_12' title="bbox 348 2052 1518 2141; baseline 0 -20"><span class='ocrx_word' id='word_1_85' title='bbox 348 2056 405 2122; x_wconf 90' lang='lat' dir='ltr'>sed</span> <span class='ocrx_word' id='word_1_86' title='bbox 431 2055 537 2141; x_wconf 90' lang='lat' dir='ltr'>potius</span> <span class='ocrx_word' id='word_1_87' title='bbox 560 2054 625 2137; x_wconf 86' lang='lat' dir='ltr'>his,</span> <span class='ocrx_word' id='word_1_88' title='bbox 656 2054 725 2139; x_wconf 86' lang='lat' dir='ltr'>qui,</span> <span class='ocrx_word' id='word_1_89' title='bbox 752 2052 939 2120; x_wconf 86' lang='lat' dir='ltr'>infidelitate</span> <span class='ocrx_word' id='word_1_90' title='bbox 961 2054 1061 2140; x_wconf 90' lang='lat' dir='ltr'>capti,</span> <span class='ocrx_word' id='word_1_91' title='bbox 1089 2074 1152 2121; x_wconf 94' lang='lat' dir='ltr'>non</span> <span class='ocrx_word' id='word_1_92' title='bbox 1174 2058 1336 2121; x_wconf 86' lang='lat' dir='ltr'>morentur</span> <span class='ocrx_word' id='word_1_93' title='bbox 1359 2055 1518 2137; x_wconf 80' lang='lat' dir='ltr'>exaudiri3</span> 
     </span>
     <span class='ocr_line' id='line_1_13' title="bbox 348 2168 1519 2255; baseline 0 -18"><span class='ocrx_word' id='word_1_94' title='bbox 348 2174 520 2237; x_wconf 78' lang='lat' dir='ltr'>attestante</span> <span class='ocrx_word' id='word_1_95' title='bbox 547 2169 759 2253; x_wconf 79' lang='lat' dir='ltr'>euangelista,</span> <span class='ocrx_word' id='word_1_96' title='bbox 790 2170 846 2255; x_wconf 87' lang='lat' dir='ltr'>qui</span> <span class='ocrx_word' id='word_1_97' title='bbox 868 2170 907 2235; x_wconf 90' lang='lat' dir='ltr'>de</span> <span class='ocrx_word' id='word_1_98' title='bbox 929 2168 1066 2235; x_wconf 91' lang='lat' dir='ltr'>Domino</span> <span class='ocrx_word' id='word_1_99' title='bbox 1093 2174 1201 2235; x_wconf 87' lang='lat' dir='ltr'>nostro</span> <span class='ocrx_word' id='word_1_100' title='bbox 1225 2170 1316 2237; x_wconf 89' lang='lat' dir='ltr'>dicit:</span> <span class='ocrx_word' id='word_1_101' title='bbox 1348 2170 1433 2253; x_wconf 82' lang='lat' dir='ltr'>Quia</span> <span class='ocrx_word' id='word_1_102' title='bbox 1454 2195 1519 2237; x_wconf 80' lang='lat' dir='ltr'>coo</span> 
     </span>
     <span class='ocr_line' id='line_1_14' title="bbox 345 2284 1518 2374; baseline 0.001 -21"><span class='ocrx_word' id='word_1_103' title='bbox 345 2290 453 2374; x_wconf 74' lang='lat' dir='ltr'>potnit</span> <span class='ocrx_word' id='word_1_104' title='bbox 478 2288 561 2352; x_wconf 77' lang='lat' dir='ltr'>allos</span> <span class='ocrx_word' id='word_1_105' title='bbox 588 2290 716 2352; x_wconf 66' lang='lat' dir='ltr'>cirtam</span> <span class='ocrx_word' id='word_1_106' title='bbox 735 2286 848 2371; x_wconf 81' lang='lat' dir='ltr'>fecere</span> <span class='ocrx_word' id='word_1_107' title='bbox 865 2299 1000 2373; x_wconf 80' lang='lat' dir='ltr'>propter</span> <span class='ocrx_word' id='word_1_108' title='bbox 1020 2287 1270 2353; x_wconf 70' lang='lat' dir='ltr'>incredulitatem</span> <span class='ocrx_word' id='word_1_109' title='bbox 1292 2284 1518 2373; x_wconf 53' lang='lat' dir='ltr'>quorundam.</span> 
     </span>
     <span class='ocr_line' id='line_1_15' title="bbox 348 2400 1519 2487; baseline 0 -18"><span class='ocrx_word' id='word_1_110' title='bbox 348 2402 484 2469; x_wconf 78' lang='lat' dir='ltr'>(lessaut</span> <span class='ocrx_word' id='word_1_111' title='bbox 505 2402 603 2469; x_wconf 89' lang='lat' dir='ltr'>etiam</span> <span class='ocrx_word' id='word_1_112' title='bbox 625 2400 784 2467; x_wconf 90' lang='lat' dir='ltr'>interdum</span> <span class='ocrx_word' id='word_1_113' title='bbox 805 2400 959 2467; x_wconf 86' lang='lat' dir='ltr'>miracula</span> <span class='ocrx_word' id='word_1_114' title='bbox 980 2406 1045 2469; x_wconf 82' lang='lat' dir='ltr'>tum</span> <span class='ocrx_word' id='word_1_115' title='bbox 1068 2420 1127 2487; x_wconf 90' lang='lat' dir='ltr'>pro</span> <span class='ocrx_word' id='word_1_116' title='bbox 1148 2402 1310 2468; x_wconf 87' lang='lat' dir='ltr'>servitutis</span> <span class='ocrx_word' id='word_1_117' title='bbox 1325 2402 1449 2469; x_wconf 85' lang='lat' dir='ltr'>divinae</span> <span class='ocrx_word' id='word_1_118' title='bbox 1464 2422 1519 2469; x_wconf 90' lang='lat' dir='ltr'>ne·</span> 
     </span>
     <span class='ocr_line' id='line_1_16' title="bbox 347 2516 1522 2603; baseline 0 -18"><span class='ocrx_word' id='word_1_119' title='bbox 347 2518 502 2603; x_wconf 78' lang='lat' dir='ltr'>gligsntia</span> <span class='ocrx_word' id='word_1_120' title='bbox 529 2538 625 2603; x_wconf 89' lang='lat' dir='ltr'>quam</span> <span class='ocrx_word' id='word_1_121' title='bbox 647 2538 705 2603; x_wconf 88' lang='lat' dir='ltr'>pro</span> <span class='ocrx_word' id='word_1_122' title='bbox 727 2516 934 2600; x_wconf 79' lang='lat' dir='ltr'>incorrigibili</span> <span class='ocrx_word' id='word_1_123' title='bbox 956 2516 1200 2586; x_wconf 87' lang='lat' dir='ltr'>inhabitantium</span> <span class='ocrx_word' id='word_1_124' title='bbox 1224 2516 1365 2599; x_wconf 83' lang='lat' dir='ltr'>malicia3</span> <span class='ocrx_word' id='word_1_125' title='bbox 1396 2524 1522 2585; x_wconf 90' lang='lat' dir='ltr'>cessant</span> 
     </span>
     <span class='ocr_line' id='line_1_17' title="bbox 348 2632 1518 2719; baseline -0.001 -17"><span class='ocrx_word' id='word_1_126' title='bbox 348 2640 380 2702; x_wconf 89' lang='lat' dir='ltr'>et</span> <span class='ocrx_word' id='word_1_127' title='bbox 402 2634 537 2718; x_wconf 88' lang='lat' dir='ltr'>idcirco,</span> <span class='ocrx_word' id='word_1_128' title='bbox 570 2634 660 2719; x_wconf 87' lang='lat' dir='ltr'>qaia,</span> <span class='ocrx_word' id='word_1_129' title='bbox 690 2653 761 2699; x_wconf 92' lang='lat' dir='ltr'>cum</span> <span class='ocrx_word' id='word_1_130' title='bbox 790 2632 959 2717; x_wconf 88' lang='lat' dir='ltr'>aliqnando</span> <span class='ocrx_word' id='word_1_131' title='bbox 980 2652 1038 2719; x_wconf 88' lang='lat' dir='ltr'>per</span> <span class='ocrx_word' id='word_1_132' title='bbox 1060 2633 1317 2701; x_wconf 88' lang='lat' dir='ltr'>intercessionem</span> <span class='ocrx_word' id='word_1_133' title='bbox 1339 2640 1518 2701; x_wconf 87' lang='lat' dir='ltr'>sanctorum</span> 
     </span>
     <span class='ocr_line' id='line_1_18' title="bbox 348 2746 1520 2837; baseline 0.001 -20"><span class='ocrx_word' id='word_1_134' title='bbox 348 2751 512 2833; x_wconf 85' lang='lat' dir='ltr'>eveniunt,</span> <span class='ocrx_word' id='word_1_135' title='bbox 543 2769 607 2815; x_wconf 91' lang='lat' dir='ltr'>non</span> <span class='ocrx_word' id='word_1_136' title='bbox 635 2748 737 2815; x_wconf 90' lang='lat' dir='ltr'>solum</span> <span class='ocrx_word' id='word_1_137' title='bbox 762 2748 872 2815; x_wconf 85' lang='lat' dir='ltr'>laudes</span> <span class='ocrx_word' id='word_1_138' title='bbox 894 2746 946 2815; x_wconf 88' lang='lat' dir='ltr'>rel</span> <span class='ocrx_word' id='word_1_139' title='bbox 972 2753 1079 2832; x_wconf 79' lang='lat' dir='ltr'>grates</span> <span class='ocrx_word' id='word_1_140' title='bbox 1103 2748 1226 2817; x_wconf 84' lang='lat' dir='ltr'>debitae</span> <span class='ocrx_word' id='word_1_141' title='bbox 1249 2749 1317 2817; x_wconf 88' lang='lat' dir='ltr'>Deo</span> <span class='ocrx_word' id='word_1_142' title='bbox 1341 2751 1520 2837; x_wconf 79' lang='lat' dir='ltr'>sanatisque</span> 
     </span>
     <span class='ocr_line' id='line_1_19' title="bbox 347 2863 1414 2934; baseline -0.001 0"><span class='ocrx_word' id='word_1_143' title='bbox 347 2868 415 2934; x_wconf 90' lang='lat' dir='ltr'>eius</span> <span class='ocrx_word' id='word_1_144' title='bbox 438 2866 570 2932; x_wconf 89' lang='lat' dir='ltr'>minime</span> <span class='ocrx_word' id='word_1_145' title='bbox 591 2864 770 2932; x_wconf 83' lang='lat' dir='ltr'>referuntur</span> <span class='ocrx_word' id='word_1_146' title='bbox 793 2863 849 2929; x_wconf 91' lang='lat' dir='ltr'>sed</span> <span class='ocrx_word' id='word_1_147' title='bbox 870 2883 929 2931; x_wconf 90' lang='lat' dir='ltr'>nec</span> <span class='ocrx_word' id='word_1_148' title='bbox 950 2865 1123 2931; x_wconf 89' lang='lat' dir='ltr'>memorias</span> <span class='ocrx_word' id='word_1_149' title='bbox 1145 2865 1414 2933; x_wconf 84' lang='lat' dir='ltr'>commendantur.</span> 
     </span>
    </p>

    <p class='ocr_par' dir='ltr' id='par_1_5' title="bbox 347 2978 1609 3629">
     <span class='ocr_line' id='line_1_20' title="bbox 435 2978 1518 3067; baseline 0 -18"><span class='ocrx_word' id='word_1_150' title='bbox 435 2981 557 3049; x_wconf 87' lang='lat' dir='ltr'>Habuit</span> <span class='ocrx_word' id='word_1_151' title='bbox 584 2985 690 3047; x_wconf 69' lang='lat' dir='ltr'>summ</span> <span class='ocrx_word' id='word_1_152' title='bbox 719 2985 846 3046; x_wconf 90' lang='lat' dir='ltr'>sanctus</span> <span class='ocrx_word' id='word_1_153' title='bbox 868 2978 1049 3047; x_wconf 84' lang='lat' dir='ltr'>Bonifacius</span> <span class='ocrx_word' id='word_1_154' title='bbox 1076 2980 1111 3045; x_wconf 92' lang='lat' dir='ltr'>in</span> <span class='ocrx_word' id='word_1_155' title='bbox 1136 2981 1319 3067; x_wconf 89' lang='lat' dir='ltr'>episcopatu</span> <span class='ocrx_word' id='word_1_156' title='bbox 1343 3001 1441 3049; x_wconf 87' lang='lat' dir='ltr'>annos</span> <span class='ocrx_word' id='word_1_157' title='bbox 1464 2984 1518 3067; x_wconf 84' lang='lat'>36,</span> 
     </span>
     <span class='ocr_line' id='line_1_21' title="bbox 347 3094 1598 3168; baseline 0 -3"><span class='ocrx_word' id='word_1_158' title='bbox 347 3100 508 3165; x_wconf 79' lang='lat' dir='ltr'>meusesb</span> <span class='ocrx_word' id='word_1_159' title='bbox 532 3103 564 3164; x_wconf 91' lang='lat' dir='ltr'>et</span> <span class='ocrx_word' id='word_1_160' title='bbox 585 3097 653 3163; x_wconf 89' lang='lat' dir='ltr'>dies</span> <span class='ocrx_word' id='word_1_161' title='bbox 669 3099 699 3163; x_wconf 86' lang='grc'>6.</span> <span class='ocrx_word' id='word_1_162' title='bbox 732 3094 850 3161; x_wconf 88' lang='lat' dir='ltr'>Passus</span> <span class='ocrx_word' id='word_1_163' title='bbox 872 3116 946 3162; x_wconf 86' lang='lat' dir='ltr'>uero</span> <span class='ocrx_word' id='word_1_164' title='bbox 970 3101 1018 3162; x_wconf 91' lang='lat' dir='ltr'>est</span> <span class='ocrx_word' id='word_1_165' title='bbox 1039 3116 1104 3163; x_wconf 89' lang='lat' dir='ltr'>una</span> <span class='ocrx_word' id='word_1_166' title='bbox 1125 3116 1197 3163; x_wconf 91' lang='lat' dir='ltr'>cum</span> <span class='ocrx_word' id='word_1_167' title='bbox 1221 3096 1315 3163; x_wconf 86' lang='lat' dir='ltr'>sociis</span> <span class='ocrx_word' id='word_1_168' title='bbox 1330 3098 1395 3164; x_wconf 90' lang='lat' dir='ltr'>suis</span> <span class='ocrx_word' id='word_1_169' title='bbox 1411 3096 1518 3168; x_wconf 86' lang='lat' dir='ltr'>Nonas</span> <span class='ocrx_word' id='word_1_170' title='bbox 1546 3103 1598 3158; x_wconf 76' lang='lat'>755</span> 
     </span>
     <span class='ocr_line' id='line_1_22' title="bbox 348 3174 1609 3299; baseline 0 -18"><span class='ocrx_word' id='word_1_171' title='bbox 348 3214 446 3297; x_wconf 85' lang='lat' dir='ltr'>lunii,</span> <span class='ocrx_word' id='word_1_172' title='bbox 476 3234 558 3280; x_wconf 88' lang='lat' dir='ltr'>anno</span> <span class='ocrx_word' id='word_1_173' title='bbox 581 3212 702 3281; x_wconf 87' lang='lat' dir='ltr'>scilicet</span> <span class='ocrx_word' id='word_1_174' title='bbox 722 3211 987 3299; x_wconf 82' lang='lat' dir='ltr'>peregrinationis</span> <span class='ocrx_word' id='word_1_175' title='bbox 1008 3230 1085 3279; x_wconf 90' lang='lat' dir='ltr'>suae</span> <span class='ocrx_word' id='word_1_176' title='bbox 1107 3212 1363 3297; x_wconf 81' lang='lat' dir='ltr'>quadragesimo,</span> <span class='ocrx_word' id='word_1_177' title='bbox 1393 3214 1448 3281; x_wconf 88' lang='lat' dir='ltr'>sed</span> <span class='ocrx_word' id='word_1_178' title='bbox 1470 3215 1519 3281; x_wconf 89' lang='lat' dir='ltr'>in·</span> <span class='ocrx_word' id='word_1_179' title='bbox 1534 3174 1609 3223; x_wconf 56' lang='lat' dir='ltr'>lm</span> 
     </span>
     <span class='ocr_line' id='line_1_23' title="bbox 349 3328 1519 3415; baseline 0 -18"><span class='ocrx_word' id='word_1_180' title='bbox 349 3330 542 3397; x_wconf 62' lang='lat' dir='ltr'>amotionis</span> <span class='ocrx_word' id='word_1_181' title='bbox 563 3328 692 3396; x_wconf 90' lang='lat' dir='ltr'>Domini</span> <span class='ocrx_word' id='word_1_182' title='bbox 722 3328 1002 3415; x_wconf 80' lang='lat' dir='ltr'>septingentesimo</span> <span class='ocrx_word' id='word_1_183' title='bbox 1030 3328 1288 3413; x_wconf 78' lang='lat' dir='ltr'>quinquagesimo</span> <span class='ocrx_word' id='word_1_184' title='bbox 1315 3330 1440 3414; x_wconf 87' lang='lat' dir='ltr'>quinto,</span> <span class='ocrx_word' id='word_1_185' title='bbox 1468 3350 1519 3397; x_wconf 91' lang='lat' dir='ltr'>re-</span> 
     </span>
     <span class='ocr_line' id='line_1_24' title="bbox 350 3443 1518 3531; baseline 0 -18"><span class='ocrx_word' id='word_1_186' title='bbox 350 3450 467 3530; x_wconf 74' lang='lat' dir='ltr'>gnante</span> <span class='ocrx_word' id='word_1_187' title='bbox 488 3444 599 3512; x_wconf 89' lang='lat' dir='ltr'>eodem</span> <span class='ocrx_word' id='word_1_188' title='bbox 621 3444 749 3512; x_wconf 88' lang='lat' dir='ltr'>domino</span> <span class='ocrx_word' id='word_1_189' title='bbox 771 3450 890 3528; x_wconf 86' lang='lat' dir='ltr'>nostro,</span> <span class='ocrx_word' id='word_1_190' title='bbox 920 3445 971 3509; x_wconf 91' lang='lat' dir='ltr'>cui</span> <span class='ocrx_word' id='word_1_191' title='bbox 993 3444 1063 3511; x_wconf 87' lang='lat' dir='ltr'>laus</span> <span class='ocrx_word' id='word_1_192' title='bbox 1086 3448 1119 3511; x_wconf 85' lang='lat' dir='ltr'>et</span> <span class='ocrx_word' id='word_1_193' title='bbox 1139 3443 1242 3528; x_wconf 84' lang='lat' dir='ltr'>gloria</span> <span class='ocrx_word' id='word_1_194' title='bbox 1263 3464 1320 3531; x_wconf 85' lang='lat' dir='ltr'>per</span> <span class='ocrx_word' id='word_1_195' title='bbox 1343 3446 1449 3511; x_wconf 88' lang='lat' dir='ltr'>omnia</span> <span class='ocrx_word' id='word_1_196' title='bbox 1470 3466 1518 3513; x_wconf 85' lang='lat' dir='ltr'>se-</span> 
     </span>
     <span class='ocr_line' id='line_1_25' title="bbox 351 3560 776 3629; baseline -0.009 0"><span class='ocrx_word' id='word_1_197' title='bbox 351 3562 421 3629; x_wconf 82' lang='lat' dir='ltr'>cula</span> <span class='ocrx_word' id='word_1_198' title='bbox 441 3560 629 3629; x_wconf 85' lang='lat' dir='ltr'>seculorum.</span> <span class='ocrx_word' id='word_1_199' title='bbox 664 3560 776 3626; x_wconf 86' lang='lat' dir='ltr'>Amen.</span> 
     </span>
    </p>

    <p class='ocr_par' dir='ltr' id='par_1_6' title="bbox 510 3674 1325 3762">
     <span class='ocr_line' id='line_1_26' title="bbox 510 3674 1325 3762; baseline -0.001 -19"><span class='ocrx_word' id='word_1_200' title='bbox 510 3676 536 3743; x_wconf 90' lang='lat'>0</span> <span class='ocrx_word' id='word_1_201' title='bbox 559 3696 627 3761; x_wconf 81' lang='lat' dir='ltr'>vos,</span> <span class='ocrx_word' id='word_1_202' title='bbox 651 3676 705 3761; x_wconf 92' lang='lat' dir='ltr'>qui</span> <span class='ocrx_word' id='word_1_203' title='bbox 726 3676 837 3760; x_wconf 82' lang='lat' dir='ltr'>nostis,</span> <span class='ocrx_word' id='word_1_204' title='bbox 861 3676 938 3760; x_wconf 89' lang='lat' dir='ltr'>quid</span> <span class='ocrx_word' id='word_1_205' title='bbox 959 3676 1099 3762; x_wconf 80' lang='lat' dir='ltr'>perferat</span> <span class='ocrx_word' id='word_1_206' title='bbox 1121 3674 1174 3743; x_wconf 90' lang='lat' dir='ltr'>ille</span> <span class='ocrx_word' id='word_1_207' title='bbox 1196 3674 1325 3761; x_wconf 83' lang='lat' dir='ltr'>laboris,</span> 
     </span>
    </p>

    <p class='ocr_par' dir='ltr' id='par_1_7' title="bbox 509 3790 1275 3878">
     <span class='ocr_line' id='line_1_27' title="bbox 509 3790 1275 3878; baseline -0.001 -19"><span class='ocrx_word' id='word_1_208' title='bbox 509 3792 570 3871; x_wconf 81' lang='lat' dir='ltr'>Qui</span> <span class='ocrx_word' id='word_1_209' title='bbox 591 3812 625 3859; x_wconf 86' lang='lat' dir='ltr'>se</span> <span class='ocrx_word' id='word_1_210' title='bbox 648 3792 813 3859; x_wconf 88' lang='lat' dir='ltr'>scribendo</span> <span class='ocrx_word' id='word_1_211' title='bbox 836 3791 970 3875; x_wconf 76' lang='lat' dir='ltr'>castigat</span> <span class='ocrx_word' id='word_1_212' title='bbox 990 3797 1134 3878; x_wconf 88' lang='lat' dir='ltr'>tempore</span> <span class='ocrx_word' id='word_1_213' title='bbox 1155 3790 1275 3876; x_wconf 84' lang='lat' dir='ltr'>crebro,</span> 
     </span>
    </p>

    <p class='ocr_par' dir='ltr' id='par_1_8' title="bbox 508 3906 1352 3994">
     <span class='ocr_line' id='line_1_28' title="bbox 508 3906 1352 3994; baseline -0.002 -19"><span class='ocrx_word' id='word_1_214' title='bbox 508 3908 656 3975; x_wconf 79' lang='lat' dir='ltr'>Assiduis</span> <span class='ocrx_word' id='word_1_215' title='bbox 677 3907 825 3994; x_wconf 86' lang='lat' dir='ltr'>precibus</span> <span class='ocrx_word' id='word_1_216' title='bbox 846 3926 1002 3973; x_wconf 89' lang='lat' dir='ltr'>memores</span> <span class='ocrx_word' id='word_1_217' title='bbox 1025 3908 1106 3990; x_wconf 84' lang='lat' dir='ltr'>sitis,</span> <span class='ocrx_word' id='word_1_218' title='bbox 1129 3926 1250 3993; x_wconf 88' lang='lat' dir='ltr'>precor,</span> <span class='ocrx_word' id='word_1_219' title='bbox 1275 3906 1352 3993; x_wconf 88' lang='lat' dir='ltr'>eius,</span> 
     </span>
    </p>

    <p class='ocr_par' dir='ltr' id='par_1_9' title="bbox 509 4001 1545 4227">
     <span class='ocr_line' id='line_1_29' title="bbox 509 4001 1545 4111; baseline 0 -22"><span class='ocrx_word' id='word_1_220' title='bbox 509 4024 570 4103; x_wconf 81' lang='lat' dir='ltr'>Qui</span> <span class='ocrx_word' id='word_1_221' title='bbox 591 4028 758 4111; x_wconf 86' lang='lat' dir='ltr'>promptus</span> <span class='ocrx_word' id='word_1_222' title='bbox 779 4023 897 4089; x_wconf 91' lang='lat' dir='ltr'>librum</span> <span class='ocrx_word' id='word_1_223' title='bbox 918 4023 1106 4108; x_wconf 85' lang='lat' dir='ltr'>conscripsit</span> <span class='ocrx_word' id='word_1_224' title='bbox 1128 4027 1160 4089; x_wconf 90' lang='lat' dir='ltr'>et</span> <span class='ocrx_word' id='word_1_225' title='bbox 1181 4022 1281 4089; x_wconf 91' lang='lat' dir='ltr'>edidit</span> <span class='ocrx_word' id='word_1_226' title='bbox 1301 4024 1408 4091; x_wconf 89' lang='lat' dir='ltr'>istum.</span> <span class='ocrx_word' id='word_1_227' title='bbox 1541 4001 1545 4020; x_wconf 33' lang='grc' dir='ltr'>ι</span> 
     </span>
     <span class='ocr_line' id='line_1_30' title="bbox 510 4137 1406 4227; baseline 0 -20"><span class='ocrx_word' id='word_1_228' title='bbox 510 4140 558 4207; x_wconf 83' lang='grc' dir='ltr'>Τιι</span> <span class='ocrx_word' id='word_1_229' title='bbox 580 4160 704 4227; x_wconf 88' lang='lat' dir='ltr'>quoque</span> <span class='ocrx_word' id='word_1_230' title='bbox 726 4144 834 4205; x_wconf 88' lang='lat' dir='ltr'>sancte</span> <span class='ocrx_word' id='word_1_231' title='bbox 855 4138 917 4206; x_wconf 89' lang='lat' dir='ltr'>Dei</span> <span class='ocrx_word' id='word_1_232' title='bbox 938 4158 1059 4205; x_wconf 91' lang='lat' dir='ltr'>memor</span> <span class='ocrx_word' id='word_1_233' title='bbox 1081 4142 1149 4205; x_wconf 89' lang='lat' dir='ltr'>esto</span> <span class='ocrx_word' id='word_1_234' title='bbox 1172 4139 1232 4223; x_wconf 85' lang='lat' dir='ltr'>sui,</span> <span class='ocrx_word' id='word_1_235' title='bbox 1254 4137 1406 4225; x_wconf 78' lang='lat' dir='ltr'>bonifaci,</span> 
     </span>
    </p>
   </div>
   <div class='ocr_carea' id='block_1_3' title="bbox 509 4254 1331 4458">
    <p class='ocr_par' dir='ltr' id='par_1_10' title="bbox 509 4254 1331 4458">
     <span class='ocr_line' id='line_1_31' title="bbox 509 4254 1331 4341; baseline 0 -18"><span class='ocrx_word' id='word_1_236' title='bbox 509 4255 557 4323; x_wconf 89' lang='lat' dir='ltr'>Ob</span> <span class='ocrx_word' id='word_1_237' title='bbox 579 4256 668 4322; x_wconf 89' lang='lat' dir='ltr'>cuius</span> <span class='ocrx_word' id='word_1_238' title='bbox 689 4255 817 4321; x_wconf 86' lang='lat' dir='ltr'>laudem</span> <span class='ocrx_word' id='word_1_239' title='bbox 838 4254 954 4322; x_wconf 86' lang='lat' dir='ltr'>librum</span> <span class='ocrx_word' id='word_1_240' title='bbox 977 4254 1164 4341; x_wconf 87' lang='lat' dir='ltr'>conscripsit</span> <span class='ocrx_word' id='word_1_241' title='bbox 1187 4254 1331 4339; x_wconf 79' lang='lat' dir='ltr'>eundem,</span> 
     </span>
     <span class='ocr_line' id='line_1_32' title="bbox 510 4370 1260 4458; baseline -0.001 -20"><span class='ocrx_word' id='word_1_242' title='bbox 510 4371 553 4438; x_wconf 88' lang='lat' dir='ltr'>Ut</span> <span class='ocrx_word' id='word_1_243' title='bbox 572 4392 672 4455; x_wconf 78' lang='lat' dir='ltr'>regno</span> <span class='ocrx_word' id='word_1_244' title='bbox 694 4370 813 4439; x_wconf 84' lang='lat' dir='ltr'>Christi</span> <span class='ocrx_word' id='word_1_245' title='bbox 833 4390 891 4458; x_wconf 87' lang='lat' dir='ltr'>per</span> <span class='ocrx_word' id='word_1_246' title='bbox 912 4377 945 4439; x_wconf 88' lang='lat' dir='ltr'>te</span> <span class='ocrx_word' id='word_1_247' title='bbox 966 4370 1072 4438; x_wconf 83' lang='lat' dir='ltr'>valeat</span> <span class='ocrx_word' id='word_1_248' title='bbox 1093 4370 1215 4437; x_wconf 89' lang='lat' dir='ltr'>sociari.</span> <span class='ocrx_word' id='word_1_249' title='bbox 1258 4396 1260 4401; x_wconf 63' lang='grc'>’</span> 
     </span>
    </p>
   </div>
   <div class='ocr_carea' id='block_1_4' title="bbox 421 4546 679 4617">
    <p class='ocr_par' dir='ltr' id='par_1_11' title="bbox 421 4546 679 4617">
     <span class='ocr_line' id='line_1_33' title="bbox 421 4546 679 4617; baseline -0.008 -15"><span class='ocrx_word' id='word_1_250' title='bbox 421 4548 446 4602; x_wconf 94' lang='lat'>1.</span> <span class='ocrx_word' id='word_1_251' title='bbox 470 4546 566 4602; x_wconf 77' lang='lat' dir='ltr'>mets.</span> <span class='ocrx_word' id='word_1_252' title='bbox 580 4547 622 4617; x_wconf 81' lang='lat' dir='ltr'>ue,</span> <span class='ocrx_word' id='word_1_253' title='bbox 635 4548 679 4602; x_wconf 85' lang='lat' dir='ltr'>ss.</span> 
     </span>
    </p>
   </div>
   <div class='ocr_carea' id='block_1_5' title="bbox 0 0 2176 6034">
    <p class='ocr_par' dir='ltr' id='par_1_12' title="bbox 0 0 2176 6034">
     <span class='ocr_line' id='line_1_34' title="bbox 0 0 2176 6034; baseline 0 0"><span class='ocrx_word' id='word_1_254' title='bbox 0 0 2176 6034; x_wconf 95' lang='lat' dir='ltr'> </span> 
     </span>
    </p>
   </div>
  </div>
 </body>
</html>
