<?xml version="1.0" encoding="UTF-8"?>
<!DOCTYPE html PUBLIC "-//W3C//DTD XHTML 1.0 Transitional//EN"
    "http://www.w3.org/TR/xhtml1/DTD/xhtml1-transitional.dtd">
<html xmlns="http://www.w3.org/1999/xhtml" xml:lang="en" lang="en">
 <head>
  <title>
</title>
<meta http-equiv="Content-Type" content="text/html;charset=utf-8" />
  <meta name='ocr-system' content='tesseract 3.04.00' />
  <meta name='ocr-capabilities' content='ocr_page ocr_carea ocr_par ocr_line ocrx_word'/>
</head>
<body>
  <div class='ocr_page' id='page_1' title='image "./monumentamogunt00lulgoog/monumentamogunt00lulgoog_0078.png"; bbox 0 0 4342 6034; ppageno 0'>
   <div class='ocr_carea' id='block_1_1' title="bbox 630 720 1551 787">
    <p class='ocr_par' dir='ltr' id='par_1_1' title="bbox 630 720 1551 787">
     <span class='ocr_line' id='line_1_1' title="bbox 630 720 1551 787; baseline -0.005 -1"><span class='ocrx_word' id='word_1_1' title='bbox 630 720 675 787; x_wconf 88' lang='lat'><strong>60</strong></span> <span class='ocrx_word' id='word_1_2' title='bbox 879 736 905 785; x_wconf 91' lang='lat' dir='ltr'><strong>s.</strong></span> <span class='ocrx_word' id='word_1_3' title='bbox 925 736 1101 785; x_wconf 78' lang='lat' dir='ltr'><strong>normann</strong></span> <span class='ocrx_word' id='word_1_4' title='bbox 1121 738 1167 783; x_wconf 80' lang='lat' dir='ltr'><strong>nr</strong></span> <span class='ocrx_word' id='word_1_5' title='bbox 1188 735 1291 784; x_wconf 80' lang='lat' dir='ltr'><strong>nunu</strong></span> <span class='ocrx_word' id='word_1_6' title='bbox 1311 733 1498 783; x_wconf 73' lang='lat' dir='ltr'><strong>samsones</strong></span> <span class='ocrx_word' id='word_1_7' title='bbox 1520 734 1551 781; x_wconf 85' lang='grc' dir='ltr'><strong>ιιι</strong></span> 
     </span>
    </p>
   </div>
   <div class='ocr_carea' id='block_1_2' title="bbox 472 874 1940 4445">
    <p class='ocr_par' dir='ltr' id='par_1_2' title="bbox 472 874 1803 947">
     <span class='ocr_line' id='line_1_2' title="bbox 472 874 1803 947; baseline 0.002 -6"><span class='ocrx_word' id='word_1_8' title='bbox 472 885 612 943; x_wconf 77' lang='grc' dir='ltr'>ιιι-718</span> <span class='ocrx_word' id='word_1_9' title='bbox 630 879 832 947; x_wconf 79' lang='lat' dir='ltr'><strong>mitterentur</strong></span> <span class='ocrx_word' id='word_1_10' title='bbox 858 877 1053 945; x_wconf 74' lang='lat' dir='ltr'><strong>crudelitatis</strong></span> <span class='ocrx_word' id='word_1_11' title='bbox 1080 897 1190 945; x_wconf 89' lang='lat' dir='ltr'><strong>eorum</strong></span> <span class='ocrx_word' id='word_1_12' title='bbox 1216 876 1412 945; x_wconf 86' lang='lat' dir='ltr'><strong>voluntatem</strong></span> <span class='ocrx_word' id='word_1_13' title='bbox 1438 875 1474 942; x_wconf 91' lang='lat' dir='ltr'><strong>in</strong></span> <span class='ocrx_word' id='word_1_14' title='bbox 1501 894 1539 942; x_wconf 92' lang='lat' dir='ltr'><strong>eo</strong></span> <span class='ocrx_word' id='word_1_15' title='bbox 1567 894 1724 943; x_wconf 81' lang='lat' dir='ltr'><strong>exercere</strong></span> <span class='ocrx_word' id='word_1_16' title='bbox 1757 874 1803 943; x_wconf 92' lang='lat' dir='ltr'><strong>Et</strong></span> 
     </span>
    </p>

    <p class='ocr_par' dir='ltr' id='par_1_3' title="bbox 624 990 1806 2236">
     <span class='ocr_line' id='line_1_3' title="bbox 630 990 1802 1082; baseline -0.004 -19"><span class='ocrx_word' id='word_1_17' title='bbox 630 995 821 1082; x_wconf 88' lang='lat' dir='ltr'><strong>inputabaut</strong></span> <span class='ocrx_word' id='word_1_18' title='bbox 854 995 885 1061; x_wconf 89' lang='lat' dir='ltr'><strong>ei</strong></span> <span class='ocrx_word' id='word_1_19' title='bbox 916 992 1099 1061; x_wconf 84' lang='lat' dir='ltr'><strong>horribilem</strong></span> <span class='ocrx_word' id='word_1_20' title='bbox 1127 1013 1165 1059; x_wconf 90' lang='lat' dir='ltr'><strong>ac</strong></span> <span class='ocrx_word' id='word_1_21' title='bbox 1189 992 1376 1060; x_wconf 82' lang='lat' dir='ltr'><strong>nefandam·</strong></span> <span class='ocrx_word' id='word_1_22' title='bbox 1404 991 1640 1059; x_wconf 84' lang='lat' dir='ltr'><strong>multitudinem</strong></span> <span class='ocrx_word' id='word_1_23' title='bbox 1665 990 1802 1075; x_wconf 77' lang='lat' dir='ltr'><strong>flagitio-</strong></span> 
     </span>
     <span class='ocr_line' id='line_1_4' title="bbox 632 1106 1803 1194; baseline -0.003 -17"><span class='ocrx_word' id='word_1_24' title='bbox 632 1132 718 1193; x_wconf 86' lang='lat' dir='ltr'><strong>rum3</strong></span> <span class='ocrx_word' id='word_1_25' title='bbox 743 1114 775 1177; x_wconf 92' lang='lat' dir='ltr'><strong>et</strong></span> <span class='ocrx_word' id='word_1_26' title='bbox 796 1110 954 1177; x_wconf 86' lang='lat' dir='ltr'><strong>minantes</strong></span> <span class='ocrx_word' id='word_1_27' title='bbox 977 1110 1132 1194; x_wconf 87' lang='lat' dir='ltr'><strong>dicebant,</strong></span> <span class='ocrx_word' id='word_1_28' title='bbox 1154 1108 1244 1175; x_wconf 89' lang='lat' dir='ltr'><strong>illam</strong></span> <span class='ocrx_word' id='word_1_29' title='bbox 1261 1108 1321 1175; x_wconf 92' lang='lat' dir='ltr'><strong>sub</strong></span> <span class='ocrx_word' id='word_1_30' title='bbox 1335 1107 1513 1175; x_wconf 88' lang='lat' dir='ltr'><strong>durissimis</strong></span> <span class='ocrx_word' id='word_1_31' title='bbox 1526 1107 1701 1175; x_wconf 81' lang='lat' dir='ltr'><strong>inferorum</strong></span> <span class='ocrx_word' id='word_1_32' title='bbox 1715 1106 1803 1174; x_wconf 89' lang='lat' dir='ltr'><strong>clau·</strong></span> 
     </span>
     <span class='ocr_line' id='line_1_5' title="bbox 632 1223 1803 1312; baseline -0.003 -18"><span class='ocrx_word' id='word_1_33' title='bbox 632 1228 707 1294; x_wconf 86' lang='lat' dir='ltr'><strong>stris</strong></span> <span class='ocrx_word' id='word_1_34' title='bbox 735 1225 942 1293; x_wconf 89' lang='lat' dir='ltr'><strong>claudendum</strong></span> <span class='ocrx_word' id='word_1_35' title='bbox 971 1232 1004 1293; x_wconf 93' lang='lat' dir='ltr'><strong>et</strong></span> <span class='ocrx_word' id='word_1_36' title='bbox 1029 1225 1090 1310; x_wconf 93' lang='lat' dir='ltr'><strong>ibi,</strong></span> <span class='ocrx_word' id='word_1_37' title='bbox 1117 1224 1256 1312; x_wconf 90' lang='lat' dir='ltr'><strong>peccatis</strong></span> <span class='ocrx_word' id='word_1_38' title='bbox 1281 1223 1549 1310; x_wconf 75' lang='lat' dir='ltr'><strong>promerentibus,</strong></span> <span class='ocrx_word' id='word_1_39' title='bbox 1578 1224 1715 1291; x_wconf 90' lang='lat' dir='ltr'><strong>aeternis</strong></span> <span class='ocrx_word' id='word_1_40' title='bbox 1737 1228 1803 1291; x_wconf 89' lang='lat' dir='ltr'><strong>tor·</strong></span> 
     </span>
     <span class='ocr_line' id='line_1_6' title="bbox 632 1338 1803 1423; baseline -0.001 -15"><span class='ocrx_word' id='word_1_41' title='bbox 632 1341 766 1409; x_wconf 70' lang='lat' dir='ltr'><strong>mentis*²</strong></span> <span class='ocrx_word' id='word_1_42' title='bbox 790 1340 991 1408; x_wconf 86' lang='lat' dir='ltr'><strong>cruciandum</strong></span> <span class='ocrx_word' id='word_1_43' title='bbox 1013 1361 1092 1407; x_wconf 89' lang='lat' dir='ltr'><strong>esse.</strong></span> <span class='ocrx_word' id='word_1_44' title='bbox 1127 1340 1215 1407; x_wconf 89' lang='lat' dir='ltr'><strong>Tunc</strong></span> <span class='ocrx_word' id='word_1_45' title='bbox 1230 1338 1336 1423; x_wconf 78' lang='lat' dir='ltr'><strong>angeli</strong></span> <span class='ocrx_word' id='word_1_46' title='bbox 1349 1338 1442 1406; x_wconf 93' lang='lat' dir='ltr'><strong>solito</strong></span> <span class='ocrx_word' id='word_1_47' title='bbox 1456 1339 1614 1407; x_wconf 78' lang='lat' dir='ltr'><strong>tristiores</strong></span> <span class='ocrx_word' id='word_1_48' title='bbox 1627 1340 1704 1407; x_wconf 87' lang='lat' dir='ltr'><strong>facti</strong></span> <span class='ocrx_word' id='word_1_49' title='bbox 1718 1340 1803 1407; x_wconf 90' lang='lat' dir='ltr'><strong>dice-</strong></span> 
     </span>
     <span class='ocr_line' id='line_1_7' title="bbox 633 1458 1802 1545; baseline -0.002 -20"><span class='ocrx_word' id='word_1_50' title='bbox 633 1458 724 1525; x_wconf 88' lang='lat' dir='ltr'><strong>bant:</strong></span> <span class='ocrx_word' id='word_1_51' title='bbox 748 1460 816 1523; x_wconf 83' lang='lat' dir='ltr'><strong>Pro</strong></span> <span class='ocrx_word' id='word_1_52' title='bbox 840 1459 947 1525; x_wconf 84' lang='lat' dir='ltr'><strong>dolor:</strong></span> <span class='ocrx_word' id='word_1_53' title='bbox 971 1460 1056 1545; x_wconf 78' lang='lat' dir='ltr'><strong>qaod</strong></span> <span class='ocrx_word' id='word_1_54' title='bbox 1078 1459 1170 1523; x_wconf 75' lang='lat' dir='ltr'><strong>borao</strong></span> <span class='ocrx_word' id='word_1_55' title='bbox 1187 1470 1337 1543; x_wconf 84' lang='lat' dir='ltr'><strong>peccator</strong></span> <span class='ocrx_word' id='word_1_56' title='bbox 1357 1459 1416 1522; x_wconf 84' lang='lat' dir='ltr'><strong>a‘ste</strong></span> <span class='ocrx_word' id='word_1_57' title='bbox 1430 1469 1524 1523; x_wconf 73' lang='lat' dir='ltr'><strong>senet</strong></span> <span class='ocrx_word' id='word_1_58' title='bbox 1535 1460 1642 1544; x_wconf 61' lang='lat' dir='ltr'><strong>abesan</strong></span> <span class='ocrx_word' id='word_1_59' title='bbox 1651 1458 1730 1544; x_wconf 81' lang='lat' dir='ltr'><strong>ptus</strong></span> <span class='ocrx_word' id='word_1_60' title='bbox 1747 1460 1802 1523; x_wconf 85' lang='lat' dir='ltr'><strong>de-</strong></span> 
     </span>
     <span class='ocr_line' id='line_1_8' title="bbox 624 1574 1806 1662; baseline -0.002 -21"><span class='ocrx_word' id='word_1_61' title='bbox 624 1576 760 1662; x_wconf 81' lang='lat' dir='ltr'><strong>fendere</strong></span> <span class='ocrx_word' id='word_1_62' title='bbox 786 1597 850 1641; x_wconf 81' lang='lat' dir='ltr'><strong>oen</strong></span> <span class='ocrx_word' id='word_1_63' title='bbox 874 1577 1047 1662; x_wconf 68' lang='lat' dir='ltr'><strong>permeata·</strong></span> <span class='ocrx_word' id='word_1_64' title='bbox 1075 1586 1104 1640; x_wconf 81' lang='lat' dir='ltr'><strong>et</strong></span> <span class='ocrx_word' id='word_1_65' title='bbox 1131 1574 1169 1639; x_wconf 87' lang='lat' dir='ltr'><strong>ob</strong></span> <span class='ocrx_word' id='word_1_66' title='bbox 1197 1576 1316 1660; x_wconf 75' lang='lat' dir='ltr'><strong>ipsiaa⁶</strong></span> <span class='ocrx_word' id='word_1_67' title='bbox 1333 1576 1475 1659; x_wconf 75' lang='lat' dir='ltr'><strong>proprio</strong></span> <span class='ocrx_word' id='word_1_68' title='bbox 1495 1576 1608 1639; x_wconf 75' lang='lat' dir='ltr'><strong>menta</strong></span> <span class='ocrx_word' id='word_1_69' title='bbox 1629 1574 1754 1639; x_wconf 74' lang='lat' dir='ltr'><strong>aedom</strong></span> <span class='ocrx_word' id='word_1_70' title='bbox 1775 1577 1806 1639; x_wconf 70' lang='grc' dir='ltr'><strong>εἰ</strong></span> 
     </span>
     <span class='ocr_line' id='line_1_9' title="bbox 634 1686 1804 1777; baseline -0.001 -20"><span class='ocrx_word' id='word_1_71' title='bbox 634 1694 828 1758; x_wconf 79' lang='lat' dir='ltr'><strong>adiutorium</strong></span> <span class='ocrx_word' id='word_1_72' title='bbox 848 1714 1015 1777; x_wconf 77' lang='lat' dir='ltr'><strong>possamus</strong></span> <span class='ocrx_word' id='word_1_73' title='bbox 1033 1690 1175 1777; x_wconf 82' lang='lat' dir='ltr'><strong>prebere.</strong></span> <span class='ocrx_word' id='word_1_74' title='bbox 1219 1686 1265 1755; x_wconf 86' lang='lat' dir='ltr'><strong>Et</strong></span> <span class='ocrx_word' id='word_1_75' title='bbox 1292 1687 1478 1755; x_wconf 77' lang='lat' dir='ltr'><strong>auferebant</strong></span> <span class='ocrx_word' id='word_1_76' title='bbox 1504 1688 1697 1775; x_wconf 85' lang='lat' dir='ltr'><strong>superpositi</strong></span> <span class='ocrx_word' id='word_1_77' title='bbox 1719 1694 1804 1757; x_wconf 89' lang='lat' dir='ltr'><strong>tuta·</strong></span> 
     </span>
     <span class='ocr_line' id='line_1_10' title="bbox 633 1804 1804 1890; baseline -0.001 -17"><span class='ocrx_word' id='word_1_78' title='bbox 633 1806 728 1873; x_wconf 93' lang='lat' dir='ltr'><strong>minis</strong></span> <span class='ocrx_word' id='word_1_79' title='bbox 751 1806 974 1873; x_wconf 84' lang='lat' dir='ltr'><strong>defensionem.</strong></span> <span class='ocrx_word' id='word_1_80' title='bbox 1011 1804 1100 1871; x_wconf 88' lang='lat' dir='ltr'><strong>Tunc</strong></span> <span class='ocrx_word' id='word_1_81' title='bbox 1113 1804 1282 1871; x_wconf 90' lang='lat' dir='ltr'><strong>daemones</strong></span> <span class='ocrx_word' id='word_1_82' title='bbox 1304 1804 1477 1888; x_wconf 75' lang='lat' dir='ltr'><strong>gaudentes</strong></span> <span class='ocrx_word' id='word_1_83' title='bbox 1499 1809 1532 1871; x_wconf 90' lang='lat' dir='ltr'><strong>et</strong></span> <span class='ocrx_word' id='word_1_84' title='bbox 1552 1804 1742 1890; x_wconf 82' lang='lat' dir='ltr'><strong>exultantes,</strong></span> <span class='ocrx_word' id='word_1_85' title='bbox 1765 1804 1804 1872; x_wconf 95' lang='lat' dir='ltr'><strong>de</strong></span> 
     </span>
     <span class='ocr_line' id='line_1_11' title="bbox 633 1919 1804 2007; baseline -0.001 -19"><span class='ocrx_word' id='word_1_86' title='bbox 633 1922 790 1989; x_wconf 85' lang='lat' dir='ltr'><strong>universis</strong></span> <span class='ocrx_word' id='word_1_87' title='bbox 813 1920 923 1987; x_wconf 90' lang='lat' dir='ltr'><strong>mundi</strong></span> <span class='ocrx_word' id='word_1_88' title='bbox 945 1920 1090 2007; x_wconf 89' lang='lat' dir='ltr'><strong>partibus</strong></span> <span class='ocrx_word' id='word_1_89' title='bbox 1112 1920 1292 2003; x_wconf 83' lang='lat' dir='ltr'><strong>congregati</strong></span> <span class='ocrx_word' id='word_1_90' title='bbox 1319 1920 1433 1987; x_wconf 89' lang='lat' dir='ltr'><strong>maiori</strong></span> <span class='ocrx_word' id='word_1_91' title='bbox 1461 1919 1679 2005; x_wconf 89' lang='lat' dir='ltr'><strong>multitudine,</strong></span> <span class='ocrx_word' id='word_1_92' title='bbox 1708 1940 1804 2006; x_wconf 90' lang='lat' dir='ltr'><strong>quam</strong></span> 
     </span>
     <span class='ocr_line' id='line_1_12' title="bbox 634 2034 1803 2121; baseline -0.002 -16"><span class='ocrx_word' id='word_1_93' title='bbox 634 2039 776 2105; x_wconf 88' lang='lat' dir='ltr'><strong>omnium</strong></span> <span class='ocrx_word' id='word_1_94' title='bbox 799 2037 1007 2103; x_wconf 90' lang='lat' dir='ltr'><strong>animantium</strong></span> <span class='ocrx_word' id='word_1_95' title='bbox 1035 2037 1068 2103; x_wconf 95' lang='lat' dir='ltr'><strong>in</strong></span> <span class='ocrx_word' id='word_1_96' title='bbox 1092 2035 1217 2103; x_wconf 90' lang='lat' dir='ltr'><strong>saeculo</strong></span> <span class='ocrx_word' id='word_1_97' title='bbox 1244 2034 1315 2103; x_wconf 87' lang='lat' dir='ltr'><strong>fieri</strong></span> <span class='ocrx_word' id='word_1_98' title='bbox 1342 2037 1539 2121; x_wconf 86' lang='lat' dir='ltr'><strong>aestimaret,</strong></span> <span class='ocrx_word' id='word_1_99' title='bbox 1568 2036 1702 2104; x_wconf 85' lang='lat' dir='ltr'><strong>diuersis</strong></span> <span class='ocrx_word' id='word_1_100' title='bbox 1731 2056 1803 2105; x_wconf 91' lang='lat' dir='ltr'><strong>enm</strong></span> 
     </span>
     <span class='ocr_line' id='line_1_13' title="bbox 635 2151 1501 2236; baseline -0.002 -15"><span class='ocrx_word' id='word_1_101' title='bbox 635 2154 800 2221; x_wconf 90' lang='lat' dir='ltr'><strong>tormentis</strong></span> <span class='ocrx_word' id='word_1_102' title='bbox 823 2152 1096 2219; x_wconf 86' lang='lat' dir='ltr'><strong>inaestimabiliter</strong></span> <span class='ocrx_word' id='word_1_103' title='bbox 1117 2152 1288 2236; x_wconf 77' lang='lat' dir='ltr'><strong>fatigantes</strong></span> <span class='ocrx_word' id='word_1_104' title='bbox 1309 2151 1501 2219; x_wconf 88' lang='lat' dir='ltr'><strong>lacerabant</strong></span> 
     </span>
    </p>

    <p class='ocr_par' dir='ltr' id='par_1_4' title="bbox 636 2266 1940 4092">
     <span class='ocr_line' id='line_1_14' title="bbox 725 2266 1803 2355; baseline 0 -20"><span class='ocrx_word' id='word_1_105' title='bbox 725 2268 806 2335; x_wconf 90' lang='lat' dir='ltr'><strong>Tum</strong></span> <span class='ocrx_word' id='word_1_106' title='bbox 828 2268 955 2335; x_wconf 91' lang='lat' dir='ltr'><strong>demum</strong></span> <span class='ocrx_word' id='word_1_107' title='bbox 977 2268 1062 2337; x_wconf 91' lang='lat' dir='ltr'><strong>beati</strong></span> <span class='ocrx_word' id='word_1_108' title='bbox 1085 2268 1190 2353; x_wconf 79' lang='lat' dir='ltr'><strong>angeli</strong></span> <span class='ocrx_word' id='word_1_109' title='bbox 1211 2266 1449 2355; x_wconf 74' lang='lat' dir='ltr'><strong>praecipiebant</strong></span> <span class='ocrx_word' id='word_1_110' title='bbox 1462 2267 1503 2353; x_wconf 91' lang='lat' dir='ltr'><strong>ei,</strong></span> <span class='ocrx_word' id='word_1_111' title='bbox 1526 2268 1581 2353; x_wconf 85' lang='lat' dir='ltr'><strong>qui</strong></span> <span class='ocrx_word' id='word_1_112' title='bbox 1595 2268 1803 2354; x_wconf 86' lang='lat' dir='ltr'><strong>haecomnia,</strong></span> 
     </span>
     <span class='ocr_line' id='line_1_15' title="bbox 636 2382 1804 2471; baseline 0 -20"><span class='ocrx_word' id='word_1_113' title='bbox 636 2389 728 2451; x_wconf 76' lang='lat' dir='ltr'><strong>extm</strong></span> <span class='ocrx_word' id='word_1_114' title='bbox 750 2402 863 2470; x_wconf 89' lang='lat' dir='ltr'><strong>corpus</strong></span> <span class='ocrx_word' id='word_1_115' title='bbox 887 2404 980 2451; x_wconf 87' lang='lat' dir='ltr'><strong>suam</strong></span> <span class='ocrx_word' id='word_1_116' title='bbox 1002 2390 1124 2471; x_wconf 91' lang='lat' dir='ltr'><strong>raptus,</strong></span> <span class='ocrx_word' id='word_1_117' title='bbox 1147 2382 1284 2471; x_wconf 90' lang='lat' dir='ltr'><strong>spiritali</strong></span> <span class='ocrx_word' id='word_1_118' title='bbox 1306 2382 1571 2470; x_wconf 88' lang='lat' dir='ltr'><strong>contemplatione</strong></span> <span class='ocrx_word' id='word_1_119' title='bbox 1593 2382 1674 2450; x_wconf 81' lang='lat' dir='ltr'><strong>vidit</strong></span> <span class='ocrx_word' id='word_1_120' title='bbox 1694 2388 1728 2449; x_wconf 89' lang='lat' dir='ltr'><strong>et</strong></span> <span class='ocrx_word' id='word_1_121' title='bbox 1750 2404 1804 2451; x_wconf 91' lang='lat' dir='ltr'><strong>au·</strong></span> 
     </span>
     <span class='ocr_line' id='line_1_16' title="bbox 636 2499 1804 2587; baseline -0.002 -18"><span class='ocrx_word' id='word_1_122' title='bbox 636 2502 732 2569; x_wconf 84' lang='lat' dir='ltr'><strong>divit:</strong></span> <span class='ocrx_word' id='word_1_123' title='bbox 761 2506 798 2567; x_wconf 95' lang='lat' dir='ltr'><strong>ut</strong></span> <span class='ocrx_word' id='word_1_124' title='bbox 826 2501 894 2567; x_wconf 91' lang='lat' dir='ltr'><strong>siue</strong></span> <span class='ocrx_word' id='word_1_125' title='bbox 921 2520 1011 2567; x_wconf 90' lang='lat' dir='ltr'><strong>mora</strong></span> <span class='ocrx_word' id='word_1_126' title='bbox 1039 2500 1080 2565; x_wconf 91' lang='lat' dir='ltr'><strong>ad</strong></span> <span class='ocrx_word' id='word_1_127' title='bbox 1107 2500 1273 2586; x_wconf 88' lang='lat' dir='ltr'><strong>proprium</strong></span> <span class='ocrx_word' id='word_1_128' title='bbox 1295 2499 1414 2566; x_wconf 88' lang='lat' dir='ltr'><strong>rediret</strong></span> <span class='ocrx_word' id='word_1_129' title='bbox 1434 2519 1565 2587; x_wconf 81' lang='lat' dir='ltr'><strong>corpus3</strong></span> <span class='ocrx_word' id='word_1_130' title='bbox 1593 2504 1627 2567; x_wconf 94' lang='lat' dir='ltr'><strong>et</strong></span> <span class='ocrx_word' id='word_1_131' title='bbox 1646 2501 1804 2586; x_wconf 85' lang='lat' dir='ltr'><strong>universa,</strong></span> 
     </span>
     <span class='ocr_line' id='line_1_17' title="bbox 637 2616 1805 2703; baseline 0.002 -20"><span class='ocrx_word' id='word_1_132' title='bbox 637 2638 717 2703; x_wconf 91' lang='lat' dir='ltr'><strong>quae</strong></span> <span class='ocrx_word' id='word_1_133' title='bbox 739 2616 787 2683; x_wconf 93' lang='lat' dir='ltr'><strong>illi</strong></span> <span class='ocrx_word' id='word_1_134' title='bbox 809 2622 935 2683; x_wconf 90' lang='lat' dir='ltr'><strong>ostensa</strong></span> <span class='ocrx_word' id='word_1_135' title='bbox 955 2616 1094 2699; x_wconf 83' lang='lat' dir='ltr'><strong>fuerunt,</strong></span> <span class='ocrx_word' id='word_1_136' title='bbox 1117 2616 1317 2683; x_wconf 86' lang='lat' dir='ltr'><strong>erodentibus</strong></span> <span class='ocrx_word' id='word_1_137' title='bbox 1340 2620 1372 2682; x_wconf 93' lang='lat' dir='ltr'><strong>et</strong></span> <span class='ocrx_word' id='word_1_138' title='bbox 1392 2616 1567 2683; x_wconf 87' lang='lat' dir='ltr'><strong>intentione</strong></span> <span class='ocrx_word' id='word_1_139' title='bbox 1586 2616 1695 2683; x_wconf 79' lang='lat' dir='ltr'><strong>dirim</strong></span> <span class='ocrx_word' id='word_1_140' title='bbox 1707 2618 1805 2685; x_wconf 88' lang='lat' dir='ltr'><strong>inter-</strong></span> 
     </span>
     <span class='ocr_line' id='line_1_18' title="bbox 637 2730 1805 2816; baseline 0.002 -16"><span class='ocrx_word' id='word_1_141' title='bbox 637 2733 820 2816; x_wconf 85' lang='lat' dir='ltr'><strong>rogantibus</strong></span> <span class='ocrx_word' id='word_1_142' title='bbox 835 2732 1039 2799; x_wconf 82' lang='lat' dir='ltr'><strong>manifestare</strong></span> <span class='ocrx_word' id='word_1_143' title='bbox 1053 2752 1118 2797; x_wconf 90' lang='lat' dir='ltr'><strong>non</strong></span> <span class='ocrx_word' id='word_1_144' title='bbox 1132 2730 1301 2815; x_wconf 87' lang='lat' dir='ltr'><strong>dubitaret,</strong></span> <span class='ocrx_word' id='word_1_145' title='bbox 1315 2730 1540 2799; x_wconf 85' lang='lat' dir='ltr'><strong>insultantibus</strong></span> <span class='ocrx_word' id='word_1_146' title='bbox 1555 2736 1662 2800; x_wconf 90' lang='lat' dir='ltr'><strong>autem</strong></span> <span class='ocrx_word' id='word_1_147' title='bbox 1675 2754 1805 2802; x_wconf 86' lang='lat' dir='ltr'><strong>narrare</strong></span> 
     </span>
     <span class='ocr_line' id='line_1_19' title="bbox 636 2846 1806 2935; baseline 0.001 -18"><span class='ocrx_word' id='word_1_148' title='bbox 636 2850 820 2933; x_wconf 81' lang='lat' dir='ltr'><strong>denegaret3</strong></span> <span class='ocrx_word' id='word_1_149' title='bbox 845 2854 877 2915; x_wconf 91' lang='lat' dir='ltr'><strong>ct</strong></span> <span class='ocrx_word' id='word_1_150' title='bbox 898 2853 935 2915; x_wconf 92' lang='lat' dir='ltr'><strong>ut</strong></span> <span class='ocrx_word' id='word_1_151' title='bbox 957 2846 1081 2915; x_wconf 89' lang='lat' dir='ltr'><strong>cuidam</strong></span> <span class='ocrx_word' id='word_1_152' title='bbox 1102 2848 1237 2931; x_wconf 87' lang='lat' dir='ltr'><strong>mulieri,</strong></span> <span class='ocrx_word' id='word_1_153' title='bbox 1261 2867 1342 2932; x_wconf 91' lang='lat' dir='ltr'><strong>quae</strong></span> <span class='ocrx_word' id='word_1_154' title='bbox 1355 2847 1429 2913; x_wconf 91' lang='lat' dir='ltr'><strong>inde</strong></span> <span class='ocrx_word' id='word_1_155' title='bbox 1442 2849 1478 2913; x_wconf 91' lang='lat' dir='ltr'><strong>iu</strong></span> <span class='ocrx_word' id='word_1_156' title='bbox 1490 2847 1665 2935; x_wconf 79' lang='lat' dir='ltr'><strong>longinqua</strong></span> <span class='ocrx_word' id='word_1_157' title='bbox 1677 2851 1806 2935; x_wconf 76' lang='lat' dir='ltr'><strong>regione</strong></span> 
     </span>
     <span class='ocr_line' id='line_1_20' title="bbox 636 2963 1807 3052; baseline 0.002 -20"><span class='ocrx_word' id='word_1_158' title='bbox 636 2966 814 3049; x_wconf 88' lang='lat' dir='ltr'><strong>habitabat,</strong></span> <span class='ocrx_word' id='word_1_159' title='bbox 838 2964 906 3031; x_wconf 87' lang='lat' dir='ltr'><strong>eius</strong></span> <span class='ocrx_word' id='word_1_160' title='bbox 928 2969 1112 3051; x_wconf 89' lang='lat' dir='ltr'><strong>perpetrata</strong></span> <span class='ocrx_word' id='word_1_161' title='bbox 1133 2969 1264 3051; x_wconf 89' lang='lat' dir='ltr'><strong>peccata</strong></span> <span class='ocrx_word' id='word_1_162' title='bbox 1284 2983 1343 3050; x_wconf 92' lang='lat' dir='ltr'><strong>per</strong></span> <span class='ocrx_word' id='word_1_163' title='bbox 1363 2963 1506 3031; x_wconf 89' lang='lat' dir='ltr'><strong>ordinem</strong></span> <span class='ocrx_word' id='word_1_164' title='bbox 1527 2971 1701 3052; x_wconf 83' lang='lat' dir='ltr'><strong>exponeret</strong></span> <span class='ocrx_word' id='word_1_165' title='bbox 1722 2971 1756 3034; x_wconf 88' lang='lat' dir='ltr'><strong>et</strong></span> <span class='ocrx_word' id='word_1_166' title='bbox 1777 2968 1807 3034; x_wconf 89' lang='lat' dir='ltr'><strong>ei</strong></span> 
     </span>
     <span class='ocr_line' id='line_1_21' title="bbox 636 3079 1807 3166; baseline 0.002 -17"><span class='ocrx_word' id='word_1_167' title='bbox 636 3082 808 3164; x_wconf 87' lang='lat' dir='ltr'><strong>intimaret,</strong></span> <span class='ocrx_word' id='word_1_168' title='bbox 832 3080 916 3166; x_wconf 89' lang='lat' dir='ltr'><strong>quod</strong></span> <span class='ocrx_word' id='word_1_169' title='bbox 938 3080 1186 3166; x_wconf 88' lang='lat' dir='ltr'><strong>omnipotentem</strong></span> <span class='ocrx_word' id='word_1_170' title='bbox 1201 3079 1304 3147; x_wconf 86' lang='lat' dir='ltr'><strong>Deam</strong></span> <span class='ocrx_word' id='word_1_171' title='bbox 1318 3079 1474 3166; x_wconf 90' lang='lat' dir='ltr'><strong>potuisset</strong></span> <span class='ocrx_word' id='word_1_172' title='bbox 1486 3100 1545 3166; x_wconf 91' lang='lat' dir='ltr'><strong>per</strong></span> <span class='ocrx_word' id='word_1_173' title='bbox 1559 3082 1807 3151; x_wconf 71' lang='lat' dir='ltr'><strong>satisfactionem</strong></span> 
     </span>
     <span class='ocr_line' id='line_1_22' title="bbox 637 3194 1807 3285; baseline 0.003 -21"><span class='ocrx_word' id='word_1_174' title='bbox 637 3197 840 3285; x_wconf 89' lang='lat' dir='ltr'><strong>repropitiari</strong></span> <span class='ocrx_word' id='word_1_175' title='bbox 863 3195 938 3280; x_wconf 91' lang='lat' dir='ltr'><strong>sibi,</strong></span> <span class='ocrx_word' id='word_1_176' title='bbox 968 3195 996 3261; x_wconf 92' lang='lat' dir='ltr'><strong>si</strong></span> <span class='ocrx_word' id='word_1_177' title='bbox 1017 3194 1183 3276; x_wconf 74' lang='lat' dir='ltr'><strong>voluisset,</strong></span> <span class='ocrx_word' id='word_1_178' title='bbox 1212 3201 1244 3261; x_wconf 92' lang='lat' dir='ltr'><strong>et</strong></span> <span class='ocrx_word' id='word_1_179' title='bbox 1270 3199 1307 3261; x_wconf 93' lang='lat' dir='ltr'><strong>ut</strong></span> <span class='ocrx_word' id='word_1_180' title='bbox 1334 3195 1460 3263; x_wconf 89' lang='lat' dir='ltr'><strong>cuidam</strong></span> <span class='ocrx_word' id='word_1_181' title='bbox 1481 3196 1657 3282; x_wconf 89' lang='lat' dir='ltr'><strong>presbitero</strong></span> <span class='ocrx_word' id='word_1_182' title='bbox 1679 3200 1807 3267; x_wconf 89' lang='lat' dir='ltr'><strong>nomine</strong></span> 
     </span>
     <span class='ocr_line' id='line_1_23' title="bbox 637 3310 1940 3401; baseline 0.001 -21"><span class='ocrx_word' id='word_1_183' title='bbox 637 3314 764 3397; x_wconf 82' lang='lat' dir='ltr'><strong>Beggaa</strong></span> <span class='ocrx_word' id='word_1_184' title='bbox 792 3313 870 3379; x_wconf 89' lang='lat' dir='ltr'><strong>istas</strong></span> <span class='ocrx_word' id='word_1_185' title='bbox 899 3310 1057 3397; x_wconf 88' lang='lat' dir='ltr'><strong>spiritales</strong></span> <span class='ocrx_word' id='word_1_186' title='bbox 1087 3311 1225 3378; x_wconf 87' lang='lat' dir='ltr'><strong>visiones</strong></span> <span class='ocrx_word' id='word_1_187' title='bbox 1251 3315 1380 3377; x_wconf 86' lang='lat' dir='ltr'><strong>cunctos</strong></span> <span class='ocrx_word' id='word_1_188' title='bbox 1409 3311 1599 3398; x_wconf 71' lang='lat' dir='ltr'><strong>exponeretd</strong></span> <span class='ocrx_word' id='word_1_189' title='bbox 1626 3320 1659 3381; x_wconf 90' lang='lat' dir='ltr'><strong>et</strong></span> <span class='ocrx_word' id='word_1_190' title='bbox 1685 3320 1806 3401; x_wconf 86' lang='lat' dir='ltr'><strong>postea,</strong></span> <span class='ocrx_word' id='word_1_191' title='bbox 1939 3337 1940 3398; x_wconf 68' lang='grc'><strong>;</strong></span> 
     </span>
     <span class='ocr_line' id='line_1_24' title="bbox 639 3426 1806 3517; baseline 0.002 -22"><span class='ocrx_word' id='word_1_192' title='bbox 639 3428 902 3514; x_wconf 88' lang='lat' dir='ltr'><strong>quemadmodum</strong></span> <span class='ocrx_word' id='word_1_193' title='bbox 926 3427 965 3494; x_wconf 91' lang='lat' dir='ltr'><strong>ab</strong></span> <span class='ocrx_word' id='word_1_194' title='bbox 981 3427 1037 3493; x_wconf 92' lang='lat' dir='ltr'><strong>illo</strong></span> <span class='ocrx_word' id='word_1_195' title='bbox 1052 3428 1224 3494; x_wconf 84' lang='lat' dir='ltr'><strong>instructus</strong></span> <span class='ocrx_word' id='word_1_196' title='bbox 1239 3426 1353 3511; x_wconf 86' lang='lat' dir='ltr'><strong>fieret·,</strong></span> <span class='ocrx_word' id='word_1_197' title='bbox 1376 3427 1555 3495; x_wconf 89' lang='lat' dir='ltr'><strong>bominibus</strong></span> <span class='ocrx_word' id='word_1_198' title='bbox 1570 3430 1806 3517; x_wconf 83' lang='lat' dir='ltr'><strong>pronuntiaret3</strong></span> 
     </span>
     <span class='ocr_line' id='line_1_25' title="bbox 638 3542 1807 3635; baseline 0.001 -23"><span class='ocrx_word' id='word_1_199' title='bbox 638 3544 768 3633; x_wconf 88' lang='lat' dir='ltr'><strong>propria</strong></span> <span class='ocrx_word' id='word_1_200' title='bbox 790 3544 908 3631; x_wconf 91' lang='lat' dir='ltr'><strong>quippe</strong></span> <span class='ocrx_word' id='word_1_201' title='bbox 929 3548 1074 3630; x_wconf 85' lang='lat' dir='ltr'><strong>peccata,</strong></span> <span class='ocrx_word' id='word_1_202' title='bbox 1105 3563 1187 3628; x_wconf 88' lang='lat' dir='ltr'><strong>quae</strong></span> <span class='ocrx_word' id='word_1_203' title='bbox 1213 3543 1262 3609; x_wconf 96' lang='lat' dir='ltr'><strong>illi</strong></span> <span class='ocrx_word' id='word_1_204' title='bbox 1284 3543 1324 3609; x_wconf 90' lang='lat' dir='ltr'><strong>ab</strong></span> <span class='ocrx_word' id='word_1_205' title='bbox 1346 3542 1511 3629; x_wconf 88' lang='lat' dir='ltr'><strong>spiritibus</strong></span> <span class='ocrx_word' id='word_1_206' title='bbox 1531 3545 1692 3613; x_wconf 87' lang='lat' dir='ltr'><strong>inmundis</strong></span> <span class='ocrx_word' id='word_1_207' title='bbox 1714 3545 1807 3635; x_wconf 92' lang='lat' dir='ltr'><strong>iupu-</strong></span> 
     </span>
     <span class='ocr_line' id='line_1_26' title="bbox 638 3658 1807 3746; baseline 0.003 -18"><span class='ocrx_word' id='word_1_208' title='bbox 638 3666 706 3728; x_wconf 90' lang='lat' dir='ltr'><strong>tata</strong></span> <span class='ocrx_word' id='word_1_209' title='bbox 727 3658 877 3743; x_wconf 80' lang='lat' dir='ltr'><strong>fuerunt‘,</strong></span> <span class='ocrx_word' id='word_1_210' title='bbox 900 3659 1053 3743; x_wconf 87' lang='lat' dir='ltr'><strong>confessa,</strong></span> <span class='ocrx_word' id='word_1_211' title='bbox 1077 3679 1175 3745; x_wconf 87' lang='lat' dir='ltr'><strong>supra</strong></span> <span class='ocrx_word' id='word_1_212' title='bbox 1196 3660 1273 3726; x_wconf 90' lang='lat' dir='ltr'><strong>dicti</strong></span> <span class='ocrx_word' id='word_1_213' title='bbox 1294 3659 1463 3746; x_wconf 85' lang='lat' dir='ltr'><strong>presbiteri</strong></span> <span class='ocrx_word' id='word_1_214' title='bbox 1478 3659 1594 3727; x_wconf 94' lang='lat' dir='ltr'><strong>iudicio</strong></span> <span class='ocrx_word' id='word_1_215' title='bbox 1609 3662 1807 3745; x_wconf 81' lang='lat' dir='ltr'><strong>emendaret3</strong></span> 
     </span>
     <span class='ocr_line' id='line_1_27' title="bbox 638 3774 1808 3863; baseline 0.001 -19"><span class='ocrx_word' id='word_1_216' title='bbox 638 3782 671 3844; x_wconf 90' lang='lat' dir='ltr'><strong>ct</strong></span> <span class='ocrx_word' id='word_1_217' title='bbox 685 3776 726 3843; x_wconf 90' lang='lat' dir='ltr'><strong>ad</strong></span> <span class='ocrx_word' id='word_1_218' title='bbox 740 3776 893 3843; x_wconf 90' lang='lat' dir='ltr'><strong>indicium</strong></span> <span class='ocrx_word' id='word_1_219' title='bbox 909 3775 1041 3859; x_wconf 80' lang='lat' dir='ltr'><strong>angelici</strong></span> <span class='ocrx_word' id='word_1_220' title='bbox 1062 3776 1223 3863; x_wconf 90' lang='lat' dir='ltr'><strong>praecepti</strong></span> <span class='ocrx_word' id='word_1_221' title='bbox 1240 3775 1426 3862; x_wconf 87' lang='lat' dir='ltr'><strong>presbytero</strong></span> <span class='ocrx_word' id='word_1_222' title='bbox 1441 3774 1662 3844; x_wconf 85' lang='lat' dir='ltr'><strong>testificaretur</strong></span> <span class='ocrx_word' id='word_1_223' title='bbox 1668 3787 1690 3862; x_wconf 78' lang='lat'><strong>⁸,</strong></span> <span class='ocrx_word' id='word_1_224' title='bbox 1714 3779 1808 3863; x_wconf 63' lang='lat' dir='ltr'><strong>quia*</strong></span> 
     </span>
     <span class='ocr_line' id='line_1_28' title="bbox 638 3890 1807 3980; baseline 0.002 -21"><span class='ocrx_word' id='word_1_225' title='bbox 638 3894 789 3980; x_wconf 88' lang='lat' dir='ltr'><strong>iamper</strong></span> <span class='ocrx_word' id='word_1_226' title='bbox 821 3891 974 3979; x_wconf 90' lang='lat' dir='ltr'><strong>plurimos</strong></span> <span class='ocrx_word' id='word_1_227' title='bbox 1004 3910 1103 3957; x_wconf 89' lang='lat' dir='ltr'><strong>annos</strong></span> <span class='ocrx_word' id='word_1_228' title='bbox 1132 3910 1244 3957; x_wconf 91' lang='lat' dir='ltr'><strong>zonam</strong></span> <span class='ocrx_word' id='word_1_229' title='bbox 1272 3890 1408 3959; x_wconf 79' lang='lat' dir='ltr'><strong>ferream</strong></span> <span class='ocrx_word' id='word_1_230' title='bbox 1435 3892 1521 3959; x_wconf 89' lang='lat' dir='ltr'><strong>circa</strong></span> <span class='ocrx_word' id='word_1_231' title='bbox 1546 3892 1686 3978; x_wconf 91' lang='lat' dir='ltr'><strong>lumbos,</strong></span> <span class='ocrx_word' id='word_1_232' title='bbox 1719 3894 1807 3962; x_wconf 91' lang='lat' dir='ltr'><strong>nullo</strong></span> 
     </span>
     <span class='ocr_line' id='line_1_29' title="bbox 639 4006 1600 4092; baseline 0 -17"><span class='ocrx_word' id='word_1_233' title='bbox 639 4008 801 4075; x_wconf 91' lang='lat' dir='ltr'><strong>homiuum</strong></span> <span class='ocrx_word' id='word_1_234' title='bbox 824 4008 965 4091; x_wconf 91' lang='lat' dir='ltr'><strong>conscio,</strong></span> <span class='ocrx_word' id='word_1_235' title='bbox 990 4027 1097 4073; x_wconf 89' lang='lat' dir='ltr'><strong>amore</strong></span> <span class='ocrx_word' id='word_1_236' title='bbox 1120 4006 1249 4073; x_wconf 86' lang='lat' dir='ltr'><strong>Domini</strong></span> <span class='ocrx_word' id='word_1_237' title='bbox 1270 4012 1416 4092; x_wconf 75' lang='lat' dir='ltr'><strong>cogente,</strong></span> <span class='ocrx_word' id='word_1_238' title='bbox 1439 4008 1600 4075; x_wconf 85' lang='lat' dir='ltr'><strong>habuerat</strong></span> 
     </span>
    </p>

    <p class='ocr_par' dir='ltr' id='par_1_5' title="bbox 638 4122 1809 4445">
     <span class='ocr_line' id='line_1_30' title="bbox 728 4122 1809 4210; baseline 0.004 -21"><span class='ocrx_word' id='word_1_239' title='bbox 728 4122 896 4210; x_wconf 89' lang='lat' dir='ltr'><strong>Proprium</strong></span> <span class='ocrx_word' id='word_1_240' title='bbox 919 4142 1033 4210; x_wconf 91' lang='lat' dir='ltr'><strong>corpus</strong></span> <span class='ocrx_word' id='word_1_241' title='bbox 1056 4123 1180 4191; x_wconf 88' lang='lat' dir='ltr'><strong>dicebat</strong></span> <span class='ocrx_word' id='word_1_242' title='bbox 1202 4143 1246 4207; x_wconf 90' lang='lat' dir='ltr'><strong>se,</strong></span> <span class='ocrx_word' id='word_1_243' title='bbox 1270 4123 1357 4189; x_wconf 80' lang='lat' dir='ltr'><strong>dum¹</strong></span> <span class='ocrx_word' id='word_1_244' title='bbox 1379 4129 1472 4191; x_wconf 82' lang='lat' dir='ltr'><strong>extra</strong></span> <span class='ocrx_word' id='word_1_245' title='bbox 1493 4124 1606 4210; x_wconf 68' lang='lat' dir='ltr'><strong>marat,</strong></span> <span class='ocrx_word' id='word_1_246' title='bbox 1630 4129 1696 4191; x_wconf 91' lang='lat' dir='ltr'><strong>tam</strong></span> <span class='ocrx_word' id='word_1_247' title='bbox 1717 4124 1809 4193; x_wconf 87' lang='lat' dir='ltr'><strong>valde</strong></span> 
     </span>
     <span class='ocr_line' id='line_1_31' title="bbox 638 4238 1807 4327; baseline 0.003 -22"><span class='ocrx_word' id='word_1_248' title='bbox 638 4238 882 4325; x_wconf 60' lang='lat' dir='ltr'><strong>perhorruisse,</strong></span> <span class='ocrx_word' id='word_1_249' title='bbox 912 4244 948 4305; x_wconf 89' lang='lat' dir='ltr'><strong>ut</strong></span> <span class='ocrx_word' id='word_1_250' title='bbox 973 4239 1007 4305; x_wconf 91' lang='lat' dir='ltr'><strong>in</strong></span> <span class='ocrx_word' id='word_1_251' title='bbox 1031 4238 1176 4306; x_wconf 91' lang='lat' dir='ltr'><strong>omnibus</strong></span> <span class='ocrx_word' id='word_1_252' title='bbox 1204 4239 1268 4305; x_wconf 91' lang='lat' dir='ltr'><strong>illis</strong></span> <span class='ocrx_word' id='word_1_253' title='bbox 1290 4240 1464 4307; x_wconf 79' lang='lat' dir='ltr'><strong>visionibus</strong></span> <span class='ocrx_word' id='word_1_254' title='bbox 1489 4240 1569 4307; x_wconf 91' lang='lat' dir='ltr'><strong>nibil</strong></span> <span class='ocrx_word' id='word_1_255' title='bbox 1592 4246 1658 4308; x_wconf 87' lang='lat' dir='ltr'><strong>tam</strong></span> <span class='ocrx_word' id='word_1_256' title='bbox 1681 4241 1807 4327; x_wconf 90' lang='lat' dir='ltr'><strong>odibile,</strong></span> 
     </span>
     <span class='ocr_line' id='line_1_32' title="bbox 639 4354 1809 4445; baseline 0.003 -24"><span class='ocrx_word' id='word_1_257' title='bbox 639 4354 718 4421; x_wconf 94' lang='lat' dir='ltr'><strong>nibil</strong></span> <span class='ocrx_word' id='word_1_258' title='bbox 740 4360 807 4421; x_wconf 87' lang='lat' dir='ltr'><strong>tam</strong></span> <span class='ocrx_word' id='word_1_259' title='bbox 829 4354 1023 4442; x_wconf 89' lang='lat' dir='ltr'><strong>despectum,</strong></span> <span class='ocrx_word' id='word_1_260' title='bbox 1046 4355 1126 4421; x_wconf 92' lang='lat' dir='ltr'><strong>nihil</strong></span> <span class='ocrx_word' id='word_1_261' title='bbox 1148 4360 1215 4422; x_wconf 90' lang='lat' dir='ltr'><strong>tam</strong></span> <span class='ocrx_word' id='word_1_262' title='bbox 1237 4355 1350 4423; x_wconf 88' lang='lat' dir='ltr'><strong>durum</strong></span> <span class='ocrx_word' id='word_1_263' title='bbox 1372 4356 1525 4424; x_wconf 84' lang='lat' dir='ltr'><strong>foetorem</strong></span> <span class='ocrx_word' id='word_1_264' title='bbox 1545 4377 1730 4445; x_wconf 80' lang='lat' dir='ltr'><strong>evaporans,</strong></span> <span class='ocrx_word' id='word_1_265' title='bbox 1753 4379 1809 4427; x_wconf 88' lang='lat' dir='ltr'><strong>ex·</strong></span> 
     </span>
    </p>
   </div>
   <div class='ocr_carea' id='block_1_3' title="bbox 639 4531 1809 4913">
    <p class='ocr_par' dir='ltr' id='par_1_6' title="bbox 639 4531 1809 4913">
     <span class='ocr_line' id='line_1_33' title="bbox 712 4531 1809 4592; baseline 0.005 -15"><span class='ocrx_word' id='word_1_266' title='bbox 712 4544 732 4577; x_wconf 77' lang='lat' dir='ltr'><strong>a</strong></span> <span class='ocrx_word' id='word_1_267' title='bbox 753 4531 874 4579; x_wconf 80' lang='lat' dir='ltr'><strong>uelandum</strong></span> <span class='ocrx_word' id='word_1_268' title='bbox 892 4536 925 4579; x_wconf 82' lang='grc' dir='ltr'><strong>Μ.</strong></span> <span class='ocrx_word' id='word_1_269' title='bbox 1002 4532 1024 4580; x_wconf 94' lang='lat' dir='ltr'><strong>b.</strong></span> <span class='ocrx_word' id='word_1_270' title='bbox 1046 4533 1211 4581; x_wconf 85' lang='lat' dir='ltr'><strong>dormientibus</strong></span> <span class='ocrx_word' id='word_1_271' title='bbox 1231 4552 1287 4580; x_wconf 80' lang='lat' dir='ltr'><strong>corr.</strong></span> <span class='ocrx_word' id='word_1_272' title='bbox 1303 4536 1327 4581; x_wconf 79' lang='lat' dir='ltr'><strong>ia</strong></span> <span class='ocrx_word' id='word_1_273' title='bbox 1346 4534 1463 4581; x_wconf 88' lang='lat' dir='ltr'><strong>doloribus</strong></span> <span class='ocrx_word' id='word_1_274' title='bbox 1481 4539 1520 4592; x_wconf 79' lang='grc' dir='ltr'><strong>Μ,·</strong></span> <span class='ocrx_word' id='word_1_275' title='bbox 1541 4535 1691 4582; x_wconf 88' lang='lat' dir='ltr'><strong>tormentibus</strong></span> <span class='ocrx_word' id='word_1_276' title='bbox 1712 4553 1770 4583; x_wconf 83' lang='lat' dir='ltr'><strong>corr.</strong></span> <span class='ocrx_word' id='word_1_277' title='bbox 1786 4540 1809 4583; x_wconf 77' lang='lat' dir='ltr'><strong>sis</strong></span> 
     </span>
     <span class='ocr_line' id='line_1_34' title="bbox 639 4611 1809 4668; baseline 0.004 -10"><span class='ocrx_word' id='word_1_278' title='bbox 639 4612 759 4658; x_wconf 87' lang='lat' dir='ltr'><strong>tormentis</strong></span> <span class='ocrx_word' id='word_1_279' title='bbox 777 4614 802 4665; x_wconf 81' lang='lat' dir='ltr'><strong>C,</strong></span> <span class='ocrx_word' id='word_1_280' title='bbox 820 4611 976 4659; x_wconf 88' lang='lat' dir='ltr'><strong>dormeutibus</strong></span> <span class='ocrx_word' id='word_1_281' title='bbox 994 4614 1021 4661; x_wconf 85' lang='lat' dir='ltr'><strong>V.</strong></span> <span class='ocrx_word' id='word_1_282' title='bbox 1082 4626 1102 4660; x_wconf 80' lang='lat' dir='ltr'><strong>c</strong></span> <span class='ocrx_word' id='word_1_283' title='bbox 1122 4616 1146 4659; x_wconf 92' lang='lat' dir='ltr'><strong>et</strong></span> <span class='ocrx_word' id='word_1_284' title='bbox 1162 4613 1216 4661; x_wconf 89' lang='lat' dir='ltr'><strong>cuib</strong></span> <span class='ocrx_word' id='word_1_285' title='bbox 1234 4618 1266 4668; x_wconf 80' lang='lat' dir='ltr'><strong>M,</strong></span> <span class='ocrx_word' id='word_1_286' title='bbox 1283 4615 1308 4660; x_wconf 87' lang='lat' dir='ltr'><strong>et</strong></span> <span class='ocrx_word' id='word_1_287' title='bbox 1323 4614 1388 4660; x_wconf 88' lang='lat' dir='ltr'><strong>obius</strong></span> <span class='ocrx_word' id='word_1_288' title='bbox 1405 4632 1461 4661; x_wconf 78' lang='lat' dir='ltr'><strong>corr.</strong></span> <span class='ocrx_word' id='word_1_289' title='bbox 1477 4618 1501 4661; x_wconf 70' lang='lat' dir='ltr'><strong>ta</strong></span> <span class='ocrx_word' id='word_1_290' title='bbox 1516 4615 1546 4661; x_wconf 94' lang='lat' dir='ltr'><strong>ob</strong></span> <span class='ocrx_word' id='word_1_291' title='bbox 1562 4615 1612 4662; x_wconf 84' lang='lat' dir='ltr'><strong>sius</strong></span> <span class='ocrx_word' id='word_1_292' title='bbox 1629 4618 1655 4663; x_wconf 83' lang='lat' dir='ltr'><strong>c.</strong></span> <span class='ocrx_word' id='word_1_293' title='bbox 1727 4616 1750 4663; x_wconf 81' lang='lat' dir='ltr'><strong>d</strong></span> <span class='ocrx_word' id='word_1_294' title='bbox 1770 4630 1809 4663; x_wconf 80' lang='lat' dir='ltr'><strong>ex·</strong></span> 
     </span>
     <span class='ocr_line' id='line_1_35' title="bbox 639 4692 1809 4753; baseline 0.004 -16"><span class='ocrx_word' id='word_1_295' title='bbox 639 4704 723 4751; x_wconf 90' lang='lat' dir='ltr'><strong>ponere</strong></span> <span class='ocrx_word' id='word_1_296' title='bbox 742 4692 769 4739; x_wconf 76' lang='lat' dir='ltr'><strong>V.</strong></span> <span class='ocrx_word' id='word_1_297' title='bbox 852 4704 872 4739; x_wconf 90' lang='lat' dir='ltr'><strong>e.</strong></span> <span class='ocrx_word' id='word_1_298' title='bbox 893 4692 924 4739; x_wconf 85' lang='lat' dir='ltr'><strong>ile</strong></span> <span class='ocrx_word' id='word_1_299' title='bbox 942 4694 969 4741; x_wconf 85' lang='lat' dir='ltr'><strong>V.</strong></span> <span class='ocrx_word' id='word_1_300' title='bbox 1053 4693 1069 4741; x_wconf 84' lang='lat' dir='ltr'><strong>i.</strong></span> <span class='ocrx_word' id='word_1_301' title='bbox 1089 4692 1106 4740; x_wconf 82' lang='lat' dir='ltr'><strong>f.</strong></span> <span class='ocrx_word' id='word_1_302' title='bbox 1122 4695 1150 4741; x_wconf 78' lang='lat' dir='ltr'><strong>V.</strong></span> <span class='ocrx_word' id='word_1_303' title='bbox 1227 4707 1249 4753; x_wconf 80' lang='lat' dir='ltr'><strong>g.</strong></span> <span class='ocrx_word' id='word_1_304' title='bbox 1269 4694 1389 4741; x_wconf 79' lang='lat' dir='ltr'><strong>testificari</strong></span> <span class='ocrx_word' id='word_1_305' title='bbox 1410 4694 1467 4749; x_wconf 80' lang='lat' dir='ltr'><strong>MV,</strong></span> <span class='ocrx_word' id='word_1_306' title='bbox 1489 4712 1546 4741; x_wconf 83' lang='lat' dir='ltr'><strong>corr.</strong></span> <span class='ocrx_word' id='word_1_307' title='bbox 1562 4697 1586 4741; x_wconf 80' lang='lat' dir='ltr'><strong>ia</strong></span> <span class='ocrx_word' id='word_1_308' title='bbox 1604 4694 1767 4743; x_wconf 80' lang='lat' dir='ltr'><strong>testificaretur</strong></span> <span class='ocrx_word' id='word_1_309' title='bbox 1782 4699 1809 4745; x_wconf 80' lang='lat' dir='ltr'><strong>C.</strong></span> 
     </span>
     <span class='ocr_line' id='line_1_36' title="bbox 639 4770 1809 4835; baseline 0.004 -17"><span class='ocrx_word' id='word_1_310' title='bbox 639 4770 662 4818; x_wconf 93' lang='lat' dir='ltr'><strong>b.</strong></span> <span class='ocrx_word' id='word_1_311' title='bbox 684 4770 722 4831; x_wconf 85' lang='lat' dir='ltr'><strong>qui</strong></span> <span class='ocrx_word' id='word_1_312' title='bbox 739 4772 796 4824; x_wconf 82' lang='lat' dir='ltr'><strong>MV,</strong></span> <span class='ocrx_word' id='word_1_313' title='bbox 819 4788 875 4816; x_wconf 79' lang='lat' dir='ltr'><strong>corr.</strong></span> <span class='ocrx_word' id='word_1_314' title='bbox 892 4775 914 4819; x_wconf 82' lang='lat' dir='ltr'><strong>ta</strong></span> <span class='ocrx_word' id='word_1_315' title='bbox 936 4773 989 4834; x_wconf 81' lang='lat' dir='ltr'><strong>qnia</strong></span> <span class='ocrx_word' id='word_1_316' title='bbox 1006 4777 1031 4822; x_wconf 88' lang='lat' dir='ltr'><strong>c.</strong></span> <span class='ocrx_word' id='word_1_317' title='bbox 1124 4774 1140 4821; x_wconf 83' lang='lat' dir='ltr'><strong>t</strong></span> <span class='ocrx_word' id='word_1_318' title='bbox 1160 4773 1237 4821; x_wconf 80' lang='lat' dir='ltr'><strong>ledum</strong></span> <span class='ocrx_word' id='word_1_319' title='bbox 1255 4778 1282 4820; x_wconf 77' lang='grc' dir='ltr'><em>Μ</em></span> <span class='ocrx_word' id='word_1_320' title='bbox 1298 4791 1341 4833; x_wconf 79' lang='lat' dir='ltr'><strong>pro</strong></span> <span class='ocrx_word' id='word_1_321' title='bbox 1357 4786 1382 4820; x_wconf 88' lang='lat' dir='ltr'><strong>se</strong></span> <span class='ocrx_word' id='word_1_322' title='bbox 1398 4772 1460 4822; x_wconf 83' lang='lat' dir='ltr'><strong>dun.</strong></span> <span class='ocrx_word' id='word_1_323' title='bbox 1551 4774 1575 4821; x_wconf 68' lang='lat' dir='ltr'>k</span> <span class='ocrx_word' id='word_1_324' title='bbox 1594 4772 1764 4835; x_wconf 83' lang='lat' dir='ltr'><strong>perhorruiseet</strong></span> <span class='ocrx_word' id='word_1_325' title='bbox 1780 4777 1809 4832; x_wconf 77' lang='lat' dir='ltr'><strong>V,</strong></span> 
     </span>
     <span class='ocr_line' id='line_1_37' title="bbox 640 4849 935 4913; baseline 0.014 -16"><span class='ocrx_word' id='word_1_326' title='bbox 640 4849 702 4912; x_wconf 86' lang='lat' dir='ltr'><strong>quod</strong></span> <span class='ocrx_word' id='word_1_327' title='bbox 716 4850 885 4913; x_wconf 85' lang='lat' dir='ltr'><strong>perhorruissst</strong></span> <span class='ocrx_word' id='word_1_328' title='bbox 900 4856 935 4901; x_wconf 78' lang='lat' dir='ltr'><strong>M.</strong></span> 
     </span>
    </p>
   </div>
   <div class='ocr_carea' id='block_1_4' title="bbox 0 0 2188 6034">
    <p class='ocr_par' dir='ltr' id='par_1_7' title="bbox 0 0 2188 6034">
     <span class='ocr_line' id='line_1_38' title="bbox 0 0 2188 6034; baseline 0 0"><span class='ocrx_word' id='word_1_329' title='bbox 0 0 2188 6034; x_wconf 95' lang='lat' dir='ltr'><strong> </strong></span> 
     </span>
    </p>
   </div>
  </div>
 </body>
</html>
