<?xml version="1.0" encoding="UTF-8"?>
<!DOCTYPE html PUBLIC "-//W3C//DTD XHTML 1.0 Transitional//EN"
    "http://www.w3.org/TR/xhtml1/DTD/xhtml1-transitional.dtd">
<html xmlns="http://www.w3.org/1999/xhtml" xml:lang="en" lang="en">
 <head>
  <title>
</title>
<meta http-equiv="Content-Type" content="text/html;charset=utf-8" />
  <meta name='ocr-system' content='tesseract 3.04.00' />
  <meta name='ocr-capabilities' content='ocr_page ocr_carea ocr_par ocr_line ocrx_word'/>
</head>
<body>
  <div class='ocr_page' id='page_1' title='image "./monumentamogunt00lulgoog/monumentamogunt00lulgoog_0678.png"; bbox 0 0 4342 6034; ppageno 0'>
   <div class='ocr_carea' id='block_1_1' title="bbox 678 806 1643 873">
    <p class='ocr_par' dir='ltr' id='par_1_1' title="bbox 678 806 1643 873">
     <span class='ocr_line' id='line_1_1' title="bbox 678 806 1643 873; baseline -0.003 0"><span class='ocrx_word' id='word_1_1' title='bbox 678 806 745 873; x_wconf 87' lang='grc'><strong>660</strong></span> <span class='ocrx_word' id='word_1_2' title='bbox 882 825 961 872; x_wconf 79' lang='lat' dir='ltr'><strong>vnu</strong></span> <span class='ocrx_word' id='word_1_3' title='bbox 984 824 1138 871; x_wconf 72' lang='lat' dir='ltr'><strong>raucum</strong></span> <span class='ocrx_word' id='word_1_4' title='bbox 1161 822 1423 873; x_wconf 75' lang='lat' dir='ltr'><strong>aaonmrmcorr</strong></span> <span class='ocrx_word' id='word_1_5' title='bbox 1445 822 1643 871; x_wconf 75' lang='lat' dir='ltr'><strong>nonnarum</strong></span> 
     </span>
    </p>
   </div>
   <div class='ocr_carea' id='block_1_2' title="bbox 536 962 1916 4720">
    <p class='ocr_par' dir='ltr' id='par_1_2' title="bbox 536 962 1916 2075">
     <span class='ocr_line' id='line_1_2' title="bbox 536 962 1835 1053; baseline -0.001 -25"><span class='ocrx_word' id='word_1_6' title='bbox 536 974 540 979; x_wconf 84' lang='grc'>·</span> <span class='ocrx_word' id='word_1_7' title='bbox 581 975 651 1032; x_wconf 81' lang='grc'><strong>1160</strong></span> <span class='ocrx_word' id='word_1_8' title='bbox 676 968 882 1053; x_wconf 78' lang='lat' dir='ltr'><strong>properantia</strong></span> <span class='ocrx_word' id='word_1_9' title='bbox 903 966 1039 1032; x_wconf 90' lang='lat' dir='ltr'><strong>turrium</strong></span> <span class='ocrx_word' id='word_1_10' title='bbox 1061 986 1119 1052; x_wconf 90' lang='lat' dir='ltr'><strong>per</strong></span> <span class='ocrx_word' id='word_1_11' title='bbox 1141 964 1242 1033; x_wconf 88' lang='lat' dir='ltr'><strong>scalas</strong></span> <span class='ocrx_word' id='word_1_12' title='bbox 1266 965 1406 1049; x_wconf 86' lang='lat' dir='ltr'><strong>annisus,</strong></span> <span class='ocrx_word' id='word_1_13' title='bbox 1433 964 1488 1031; x_wconf 87' lang='lat' dir='ltr'><strong>vix</strong></span> <span class='ocrx_word' id='word_1_14' title='bbox 1511 964 1774 1050; x_wconf 85' lang='lat' dir='ltr'><strong>qualitercumque</strong></span> <span class='ocrx_word' id='word_1_15' title='bbox 1793 962 1835 1027; x_wconf 85' lang='lat' dir='ltr'><strong>ia·</strong></span> 
     </span>
     <span class='ocr_line' id='line_1_3' title="bbox 569 1046 1916 1193; baseline -0.004 -45"><span class='ocrx_word' id='word_1_16' title='bbox 569 1046 661 1094; x_wconf 46' lang='lat'><strong>¹⁸⁰³*</strong></span> <span class='ocrx_word' id='word_1_17' title='bbox 677 1082 772 1166; x_wconf 81' lang='lat' dir='ltr'><strong>stigia</strong></span> <span class='ocrx_word' id='word_1_18' title='bbox 794 1083 929 1167; x_wconf 90' lang='lat' dir='ltr'><strong>quedam</strong></span> <span class='ocrx_word' id='word_1_19' title='bbox 950 1082 1091 1169; x_wconf 88' lang='lat' dir='ltr'><strong>irrepere</strong></span> <span class='ocrx_word' id='word_1_20' title='bbox 1113 1086 1250 1167; x_wconf 87' lang='lat' dir='ltr'><strong>ceperat,</strong></span> <span class='ocrx_word' id='word_1_21' title='bbox 1274 1080 1417 1167; x_wconf 86' lang='lat' dir='ltr'><strong>quando·</strong></span> <span class='ocrx_word' id='word_1_22' title='bbox 1432 1080 1586 1164; x_wconf 81' lang='lat' dir='ltr'><strong>sacrilega</strong></span> <span class='ocrx_word' id='word_1_23' title='bbox 1607 1098 1720 1145; x_wconf 85' lang='lat' dir='ltr'><strong>manns</strong></span> <span class='ocrx_word' id='word_1_24' title='bbox 1733 1077 1836 1165; x_wconf 93' lang='lat' dir='ltr'><strong>predo-</strong></span> <span class='ocrx_word' id='word_1_25' title='bbox 1914 1082 1916 1193; x_wconf 59' lang='grc'><strong>4</strong></span> 
     </span>
     <span class='ocr_line' id='line_1_4' title="bbox 675 1194 1916 1281; baseline -0.003 -18"><span class='ocrx_word' id='word_1_26' title='bbox 675 1218 753 1264; x_wconf 92' lang='lat' dir='ltr'><strong>num</strong></span> <span class='ocrx_word' id='word_1_27' title='bbox 767 1198 1105 1265; x_wconf 78' lang='lat' dir='ltr'><strong>truculentissimorum</strong></span> <span class='ocrx_word' id='word_1_28' title='bbox 1120 1196 1289 1281; x_wconf 62' lang='lat' dir='ltr'><strong>incursae,</strong></span> <span class='ocrx_word' id='word_1_29' title='bbox 1305 1197 1426 1263; x_wconf 88' lang='lat' dir='ltr'><strong>cunctis</strong></span> <span class='ocrx_word' id='word_1_30' title='bbox 1443 1197 1618 1264; x_wconf 81' lang='lat' dir='ltr'><strong>exercitus⁸</strong></span> <span class='ocrx_word' id='word_1_31' title='bbox 1629 1196 1712 1262; x_wconf 76' lang='lat' dir='ltr'><strong>dade</strong></span> <span class='ocrx_word' id='word_1_32' title='bbox 1726 1194 1759 1259; x_wconf 93' lang='lat' dir='ltr'><strong>in</strong></span> <span class='ocrx_word' id='word_1_33' title='bbox 1773 1213 1836 1280; x_wconf 89' lang='lat' dir='ltr'><strong>pre-</strong></span> <span class='ocrx_word' id='word_1_34' title='bbox 1915 1214 1916 1223; x_wconf 60' lang='lat'><em>²</em></span> 
     </span>
     <span class='ocr_line' id='line_1_5' title="bbox 676 1311 1837 1399; baseline -0.003 -21"><span class='ocrx_word' id='word_1_35' title='bbox 676 1312 749 1380; x_wconf 89' lang='lat' dir='ltr'><strong>dam</strong></span> <span class='ocrx_word' id='word_1_36' title='bbox 772 1314 883 1399; x_wconf 88' lang='lat' dir='ltr'><strong>ipsius.</strong></span> <span class='ocrx_word' id='word_1_37' title='bbox 917 1312 1163 1399; x_wconf 90' lang='lat' dir='ltr'><strong>Prorumpeutes</strong></span> <span class='ocrx_word' id='word_1_38' title='bbox 1186 1312 1219 1379; x_wconf 89' lang='lat' dir='ltr'><strong>in</strong></span> <span class='ocrx_word' id='word_1_39' title='bbox 1243 1313 1367 1397; x_wconf 87' lang='lat' dir='ltr'><strong>intima,</strong></span> <span class='ocrx_word' id='word_1_40' title='bbox 1392 1314 1453 1379; x_wconf 75' lang='lat' dir='ltr'><strong>Ubi</strong></span> <span class='ocrx_word' id='word_1_41' title='bbox 1474 1314 1538 1379; x_wconf 75' lang='lat' dir='ltr'><strong>eet?</strong></span> <span class='ocrx_word' id='word_1_42' title='bbox 1563 1314 1621 1379; x_wconf 78' lang='lat' dir='ltr'><strong>abi</strong></span> <span class='ocrx_word' id='word_1_43' title='bbox 1641 1312 1706 1378; x_wconf 76' lang='lat' dir='ltr'><strong>eat?</strong></span> <span class='ocrx_word' id='word_1_44' title='bbox 1727 1311 1781 1376; x_wconf 77' lang='lat' dir='ltr'><strong>abi</strong></span> <span class='ocrx_word' id='word_1_45' title='bbox 1800 1323 1837 1375; x_wconf 79' lang='lat' dir='ltr'><strong>eu</strong></span> 
     </span>
     <span class='ocr_line' id='line_1_6' title="bbox 674 1426 1916 1513; baseline -0.004 -18"><span class='ocrx_word' id='word_1_46' title='bbox 674 1430 750 1495; x_wconf 75' lang='lat' dir='ltr'><strong>ille?</strong></span> <span class='ocrx_word' id='word_1_47' title='bbox 770 1431 828 1496; x_wconf 78' lang='lat' dir='ltr'><strong>obi</strong></span> <span class='ocrx_word' id='word_1_48' title='bbox 848 1445 894 1496; x_wconf 80' lang='lat' dir='ltr'><strong>eat</strong></span> <span class='ocrx_word' id='word_1_49' title='bbox 915 1431 1010 1496; x_wconf 77' lang='lat' dir='ltr'><strong>talio?</strong></span> <span class='ocrx_word' id='word_1_50' title='bbox 1031 1428 1173 1495; x_wconf 76' lang='lat' dir='ltr'><strong>nefastod</strong></span> <span class='ocrx_word' id='word_1_51' title='bbox 1196 1449 1307 1495; x_wconf 91' lang='lat' dir='ltr'><strong>vocum</strong></span> <span class='ocrx_word' id='word_1_52' title='bbox 1330 1428 1481 1495; x_wconf 82' lang='lat' dir='ltr'><strong>latrantes</strong></span> <span class='ocrx_word' id='word_1_53' title='bbox 1504 1429 1655 1511; x_wconf 87' lang='lat' dir='ltr'><strong>tonitruo,</strong></span> <span class='ocrx_word' id='word_1_54' title='bbox 1679 1426 1720 1493; x_wconf 92' lang='lat' dir='ltr'><strong>ad</strong></span> <span class='ocrx_word' id='word_1_55' title='bbox 1741 1428 1837 1513; x_wconf 86' lang='lat' dir='ltr'><strong>ipsun</strong></span> <span class='ocrx_word' id='word_1_56' title='bbox 1914 1434 1916 1491; x_wconf 75' lang='lat' dir='ltr'><strong>l</strong></span> 
     </span>
     <span class='ocr_line' id='line_1_7' title="bbox 676 1542 1837 1631; baseline -0.002 -22"><span class='ocrx_word' id='word_1_57' title='bbox 676 1543 784 1610; x_wconf 93' lang='lat' dir='ltr'><strong>eodem</strong></span> <span class='ocrx_word' id='word_1_58' title='bbox 808 1545 1009 1610; x_wconf 78' lang='lat' dir='ltr'><strong>devenissent</strong></span> <span class='ocrx_word' id='word_1_59' title='bbox 1029 1544 1063 1609; x_wconf 92' lang='lat' dir='ltr'><strong>in</strong></span> <span class='ocrx_word' id='word_1_60' title='bbox 1086 1545 1217 1631; x_wconf 89' lang='lat' dir='ltr'><strong>impetu,</strong></span> <span class='ocrx_word' id='word_1_61' title='bbox 1240 1545 1303 1611; x_wconf 89' lang='lat' dir='ltr'><strong>nisi</strong></span> <span class='ocrx_word' id='word_1_62' title='bbox 1326 1546 1441 1611; x_wconf 86' lang='lat' dir='ltr'><strong>iniecta</strong></span> <span class='ocrx_word' id='word_1_63' title='bbox 1462 1566 1570 1611; x_wconf 89' lang='lat' dir='ltr'><strong>rerum</strong></span> <span class='ocrx_word' id='word_1_64' title='bbox 1590 1542 1763 1625; x_wconf 80' lang='lat' dir='ltr'><strong>obstacula,</strong></span> <span class='ocrx_word' id='word_1_65' title='bbox 1786 1560 1837 1625; x_wconf 87' lang='lat' dir='ltr'><strong>que</strong></span> 
     </span>
     <span class='ocr_line' id='line_1_8' title="bbox 675 1656 1838 1747; baseline -0.003 -23"><span class='ocrx_word' id='word_1_66' title='bbox 675 1660 780 1746; x_wconf 86' lang='lat' dir='ltr'><strong>ipsum</strong></span> <span class='ocrx_word' id='word_1_67' title='bbox 803 1659 914 1746; x_wconf 86' lang='lat' dir='ltr'><strong>templi</strong></span> <span class='ocrx_word' id='word_1_68' title='bbox 936 1661 1153 1746; x_wconf 88' lang='lat' dir='ltr'><strong>pavimentum</strong></span> <span class='ocrx_word' id='word_1_69' title='bbox 1176 1660 1394 1747; x_wconf 88' lang='lat' dir='ltr'><strong>multipliciter</strong></span> <span class='ocrx_word' id='word_1_70' title='bbox 1416 1660 1656 1746; x_wconf 76' lang='lat' dir='ltr'><strong>interpolarent</strong></span> <span class='ocrx_word' id='word_1_71' title='bbox 1679 1663 1712 1723; x_wconf 91' lang='lat' dir='ltr'><strong>et</strong></span> <span class='ocrx_word' id='word_1_72' title='bbox 1733 1656 1838 1723; x_wconf 86' lang='lat' dir='ltr'><strong>nebula</strong></span> 
     </span>
     <span class='ocr_line' id='line_1_9' title="bbox 675 1774 1916 1861; baseline -0.004 -21"><span class='ocrx_word' id='word_1_73' title='bbox 675 1775 756 1841; x_wconf 83' lang='lat' dir='ltr'><strong>lumi</strong></span> <span class='ocrx_word' id='word_1_74' title='bbox 778 1797 839 1861; x_wconf 90' lang='lat' dir='ltr'><strong>que</strong></span> <span class='ocrx_word' id='word_1_75' title='bbox 862 1776 968 1841; x_wconf 87' lang='lat' dir='ltr'><strong>omnia</strong></span> <span class='ocrx_word' id='word_1_76' title='bbox 990 1775 1180 1843; x_wconf 78' lang='lat' dir='ltr'><strong>obscuritate</strong></span> <span class='ocrx_word' id='word_1_77' title='bbox 1195 1776 1369 1860; x_wconf 81' lang='lat' dir='ltr'><strong>caliginosa</strong></span> <span class='ocrx_word' id='word_1_78' title='bbox 1384 1776 1568 1859; x_wconf 82' lang='lat' dir='ltr'><strong>obduxerat,</strong></span> <span class='ocrx_word' id='word_1_79' title='bbox 1592 1780 1624 1843; x_wconf 90' lang='lat' dir='ltr'><strong>et</strong></span> <span class='ocrx_word' id='word_1_80' title='bbox 1638 1776 1709 1861; x_wconf 88' lang='lat' dir='ltr'><strong>ipsa</strong></span> <span class='ocrx_word' id='word_1_81' title='bbox 1723 1774 1837 1857; x_wconf 78' lang='lat' dir='ltr'><strong>ignota·</strong></span> <span class='ocrx_word' id='word_1_82' title='bbox 1915 1832 1916 1835; x_wconf 74' lang='grc'>,</span> 
     </span>
     <span class='ocr_line' id='line_1_10' title="bbox 676 1886 1836 1980; baseline -0.003 -23"><span class='ocrx_word' id='word_1_83' title='bbox 676 1892 864 1976; x_wconf 89' lang='lat' dir='ltr'><strong>quibusdam</strong></span> <span class='ocrx_word' id='word_1_84' title='bbox 886 1891 1062 1977; x_wconf 88' lang='lat' dir='ltr'><strong>penetralia</strong></span> <span class='ocrx_word' id='word_1_85' title='bbox 1083 1892 1195 1959; x_wconf 89' lang='lat' dir='ltr'><strong>domus</strong></span> <span class='ocrx_word' id='word_1_86' title='bbox 1218 1892 1345 1959; x_wconf 89' lang='lat' dir='ltr'><strong>labilem</strong></span> <span class='ocrx_word' id='word_1_87' title='bbox 1367 1894 1509 1980; x_wconf 90' lang='lat' dir='ltr'><strong>ipsorum</strong></span> <span class='ocrx_word' id='word_1_88' title='bbox 1531 1886 1778 1979; x_wconf 79' lang='lat' dir='ltr'><strong>inpingeutium‘</strong></span> <span class='ocrx_word' id='word_1_89' title='bbox 1797 1908 1836 1953; x_wconf 83' lang='lat' dir='ltr'><strong>re</strong></span> 
     </span>
     <span class='ocr_line' id='line_1_11' title="bbox 674 2007 1060 2075; baseline 0.003 -2"><span class='ocrx_word' id='word_1_90' title='bbox 674 2007 845 2075; x_wconf 75' lang='lat' dir='ltr'><strong>dnuissent</strong></span> <span class='ocrx_word' id='word_1_91' title='bbox 867 2018 1060 2074; x_wconf 55' lang='lat' dir='ltr'><strong>accursum&amp;</strong></span> 
     </span>
    </p>

    <p class='ocr_par' dir='ltr' id='par_1_3' title="bbox 669 2120 1916 4181">
     <span class='ocr_line' id='line_1_12' title="bbox 767 2120 1835 2209; baseline -0.005 -20"><span class='ocrx_word' id='word_1_92' title='bbox 767 2122 830 2190; x_wconf 88' lang='lat' dir='ltr'><strong>Sed</strong></span> <span class='ocrx_word' id='word_1_93' title='bbox 855 2122 910 2189; x_wconf 91' lang='lat' dir='ltr'><strong>ubi</strong></span> <span class='ocrx_word' id='word_1_94' title='bbox 933 2124 1040 2189; x_wconf 89' lang='lat' dir='ltr'><strong>omnia</strong></span> <span class='ocrx_word' id='word_1_95' title='bbox 1061 2124 1211 2191; x_wconf 88' lang='lat' dir='ltr'><strong>demolita</strong></span> <span class='ocrx_word' id='word_1_96' title='bbox 1232 2128 1265 2191; x_wconf 91' lang='lat' dir='ltr'><strong>et</strong></span> <span class='ocrx_word' id='word_1_97' title='bbox 1286 2125 1460 2191; x_wconf 86' lang='lat' dir='ltr'><strong>innumeris</strong></span> <span class='ocrx_word' id='word_1_98' title='bbox 1483 2128 1558 2191; x_wconf 89' lang='lat' dir='ltr'><strong>sunt</strong></span> <span class='ocrx_word' id='word_1_99' title='bbox 1578 2122 1700 2209; x_wconf 88' lang='lat' dir='ltr'><strong>rupinis</strong></span> <span class='ocrx_word' id='word_1_100' title='bbox 1723 2120 1835 2206; x_wconf 82' lang='lat' dir='ltr'><strong>direpta</strong></span> 
     </span>
     <span class='ocr_line' id='line_1_13' title="bbox 675 2236 1834 2326; baseline -0.003 -22"><span class='ocrx_word' id='word_1_101' title='bbox 675 2243 708 2304; x_wconf 91' lang='lat' dir='ltr'><strong>et</strong></span> <span class='ocrx_word' id='word_1_102' title='bbox 729 2238 890 2322; x_wconf 83' lang='lat' dir='ltr'><strong>distracto,</strong></span> <span class='ocrx_word' id='word_1_103' title='bbox 914 2241 1093 2305; x_wconf 90' lang='lat' dir='ltr'><strong>sanctuario</strong></span> <span class='ocrx_word' id='word_1_104' title='bbox 1116 2260 1215 2325; x_wconf 90' lang='lat' dir='ltr'><strong>usque</strong></span> <span class='ocrx_word' id='word_1_105' title='bbox 1238 2260 1360 2325; x_wconf 88' lang='lat' dir='ltr'><strong>quaque</strong></span> <span class='ocrx_word' id='word_1_106' title='bbox 1377 2241 1475 2326; x_wconf 93' lang='lat' dir='ltr'><strong>impie</strong></span> <span class='ocrx_word' id='word_1_107' title='bbox 1490 2240 1671 2326; x_wconf 81' lang='lat' dir='ltr'><strong>prolanat03</strong></span> <span class='ocrx_word' id='word_1_108' title='bbox 1695 2256 1766 2302; x_wconf 90' lang='lat' dir='ltr'><strong>cum</strong></span> <span class='ocrx_word' id='word_1_109' title='bbox 1781 2236 1834 2301; x_wconf 88' lang='lat' dir='ltr'><strong>iun</strong></span> 
     </span>
     <span class='ocr_line' id='line_1_14' title="bbox 674 2354 1834 2440; baseline -0.003 -21"><span class='ocrx_word' id='word_1_110' title='bbox 674 2372 783 2421; x_wconf 88' lang='lat' dir='ltr'><strong>omnes</strong></span> <span class='ocrx_word' id='word_1_111' title='bbox 812 2355 917 2440; x_wconf 90' lang='lat' dir='ltr'><strong>apices</strong></span> <span class='ocrx_word' id='word_1_112' title='bbox 946 2374 1117 2440; x_wconf 87' lang='lat' dir='ltr'><strong>omnesque</strong></span> <span class='ocrx_word' id='word_1_113' title='bbox 1144 2354 1344 2422; x_wconf 76' lang='lat' dir='ltr'><strong>celsitudines</strong></span> <span class='ocrx_word' id='word_1_114' title='bbox 1366 2356 1552 2422; x_wconf 85' lang='lat' dir='ltr'><strong>monasterii</strong></span> <span class='ocrx_word' id='word_1_115' title='bbox 1573 2354 1772 2438; x_wconf 90' lang='lat' dir='ltr'><strong>turriumque</strong></span> <span class='ocrx_word' id='word_1_116' title='bbox 1793 2370 1834 2417; x_wconf 88' lang='lat' dir='ltr'><strong>cu·</strong></span> 
     </span>
     <span class='ocr_line' id='line_1_15' title="bbox 673 2466 1834 2555; baseline -0.003 -20"><span class='ocrx_word' id='word_1_117' title='bbox 673 2469 801 2535; x_wconf 91' lang='lat' dir='ltr'><strong>cumina</strong></span> <span class='ocrx_word' id='word_1_118' title='bbox 822 2488 921 2555; x_wconf 89' lang='lat' dir='ltr'><strong>vapor</strong></span> <span class='ocrx_word' id='word_1_119' title='bbox 949 2470 1049 2553; x_wconf 73' lang='lat' dir='ltr'><strong>ignish</strong></span> <span class='ocrx_word' id='word_1_120' title='bbox 1071 2471 1325 2539; x_wconf 87' lang='lat' dir='ltr'><strong>intollerabiliter</strong></span> <span class='ocrx_word' id='word_1_121' title='bbox 1347 2470 1525 2552; x_wconf 80' lang='lat' dir='ltr'><strong>invaderet3</strong></span> <span class='ocrx_word' id='word_1_122' title='bbox 1556 2469 1724 2553; x_wconf 68' lang='lat' dir='ltr'><strong>altiusquei</strong></span> <span class='ocrx_word' id='word_1_123' title='bbox 1747 2466 1834 2535; x_wconf 89' lang='lat' dir='ltr'><strong>ecele-</strong></span> 
     </span>
     <span class='ocr_line' id='line_1_16' title="bbox 672 2584 1834 2671; baseline 0 -22"><span class='ocrx_word' id='word_1_124' title='bbox 672 2584 739 2650; x_wconf 65' lang='lat' dir='ltr'><strong>sia*</strong></span> <span class='ocrx_word' id='word_1_125' title='bbox 766 2586 999 2671; x_wconf 89' lang='lat' dir='ltr'><strong>proruptiones¹</strong></span> <span class='ocrx_word' id='word_1_126' title='bbox 1025 2585 1177 2653; x_wconf 70' lang='lat' dir='ltr'><strong>damme·¹²</strong></span> <span class='ocrx_word' id='word_1_127' title='bbox 1200 2636 1340 2653; x_wconf 92' lang='grc'><strong>.......</strong></span> <span class='ocrx_word' id='word_1_128' title='bbox 1370 2588 1646 2671; x_wconf 87' lang='lat' dir='ltr'><strong>corrosionesque¹¹</strong></span> <span class='ocrx_word' id='word_1_129' title='bbox 1671 2584 1834 2651; x_wconf 88' lang='lat' dir='ltr'><strong>substantie</strong></span> 
     </span>
     <span class='ocr_line' id='line_1_17' title="bbox 673 2700 1916 2789; baseline 0.007 -25"><span class='ocrx_word' id='word_1_130' title='bbox 673 2720 730 2766; x_wconf 91' lang='lat' dir='ltr'><strong>sue</strong></span> <span class='ocrx_word' id='word_1_131' title='bbox 759 2700 799 2765; x_wconf 87' lang='lat' dir='ltr'><strong>ad</strong></span> <span class='ocrx_word' id='word_1_132' title='bbox 827 2700 930 2766; x_wconf 92' lang='lat' dir='ltr'><strong>celum</strong></span> <span class='ocrx_word' id='word_1_133' title='bbox 955 2722 1055 2787; x_wconf 87' lang='lat' dir='ltr'><strong>usque</strong></span> <span class='ocrx_word' id='word_1_134' title='bbox 1077 2702 1219 2789; x_wconf 86' lang='lat' dir='ltr'><strong>pavendo</strong></span> <span class='ocrx_word' id='word_1_135' title='bbox 1242 2708 1423 2785; x_wconf 81' lang='lat' dir='ltr'><strong>sonarent⁰;</strong></span> <span class='ocrx_word' id='word_1_136' title='bbox 1456 2710 1582 2771; x_wconf 89' lang='lat' dir='ltr'><strong>etcum</strong></span> <span class='ocrx_word' id='word_1_137' title='bbox 1605 2700 1835 2767; x_wconf 83' lang='lat' dir='ltr'><strong>omuiaturbo&#39;</strong></span> <span class='ocrx_word' id='word_1_138' title='bbox 1915 2762 1916 2773; x_wconf 70' lang='grc'>,</span> 
     </span>
     <span class='ocr_line' id='line_1_18' title="bbox 672 2816 1833 2906; baseline 0 -25"><span class='ocrx_word' id='word_1_139' title='bbox 672 2816 828 2881; x_wconf 87' lang='lat' dir='ltr'><strong>teterrimi</strong></span> <span class='ocrx_word' id='word_1_140' title='bbox 850 2816 930 2882; x_wconf 81' lang='lat' dir='ltr'><strong>fumi</strong></span> <span class='ocrx_word' id='word_1_141' title='bbox 953 2818 1043 2901; x_wconf 84' lang='lat' dir='ltr'><strong>quasi</strong></span> <span class='ocrx_word' id='word_1_142' title='bbox 1065 2824 1238 2906; x_wconf 88' lang='lat' dir='ltr'><strong>tempestas</strong></span> <span class='ocrx_word' id='word_1_143' title='bbox 1261 2820 1443 2905; x_wconf 83' lang='lat' dir='ltr'><strong>impeteret3</strong></span> <span class='ocrx_word' id='word_1_144' title='bbox 1467 2822 1634 2903; x_wconf 85' lang='lat' dir='ltr'><strong>essentque</strong></span> <span class='ocrx_word' id='word_1_145' title='bbox 1657 2816 1762 2883; x_wconf 88' lang='lat' dir='ltr'><strong>hostes</strong></span> <span class='ocrx_word' id='word_1_146' title='bbox 1783 2834 1833 2901; x_wconf 89' lang='lat' dir='ltr'><strong>pro</strong></span> 
     </span>
     <span class='ocr_line' id='line_1_19' title="bbox 673 2930 1831 3020; baseline -0.003 -22"><span class='ocrx_word' id='word_1_147' title='bbox 673 2933 773 3019; x_wconf 87' lang='lat' dir='ltr'><strong>ipsius</strong></span> <span class='ocrx_word' id='word_1_148' title='bbox 802 2931 932 2999; x_wconf 89' lang='lat' dir='ltr'><strong>ecclesie</strong></span> <span class='ocrx_word' id='word_1_149' title='bbox 961 2932 1078 2999; x_wconf 77' lang='lat' dir='ltr'><strong>valvis*</strong></span> <span class='ocrx_word' id='word_1_150' title='bbox 1101 2940 1133 3001; x_wconf 86' lang='lat' dir='ltr'><strong>et</strong></span> <span class='ocrx_word' id='word_1_151' title='bbox 1155 2934 1373 3017; x_wconf 84' lang='lat' dir='ltr'><strong>observarent3</strong></span> <span class='ocrx_word' id='word_1_152' title='bbox 1403 2932 1592 3001; x_wconf 86' lang='lat' dir='ltr'><strong>reverendus</strong></span> <span class='ocrx_word' id='word_1_153' title='bbox 1616 2934 1779 3020; x_wconf 85' lang='lat' dir='ltr'><strong>episcopus</strong></span> <span class='ocrx_word' id='word_1_154' title='bbox 1799 2930 1831 2995; x_wconf 89' lang='lat' dir='ltr'><strong>de</strong></span> 
     </span>
     <span class='ocr_line' id='line_1_20' title="bbox 672 3048 1831 3137; baseline -0.001 -24"><span class='ocrx_word' id='word_1_155' title='bbox 672 3048 753 3113; x_wconf 88' lang='lat' dir='ltr'><strong>turri</strong></span> <span class='ocrx_word' id='word_1_156' title='bbox 776 3048 811 3113; x_wconf 95' lang='lat' dir='ltr'><strong>in</strong></span> <span class='ocrx_word' id='word_1_157' title='bbox 832 3048 964 3132; x_wconf 90' lang='lat' dir='ltr'><strong>turrim,</strong></span> <span class='ocrx_word' id='word_1_158' title='bbox 993 3048 1032 3115; x_wconf 91' lang='lat' dir='ltr'><strong>ab</strong></span> <span class='ocrx_word' id='word_1_159' title='bbox 1054 3050 1218 3135; x_wconf 89' lang='lat' dir='ltr'><strong>impietate</strong></span> <span class='ocrx_word' id='word_1_160' title='bbox 1241 3050 1402 3135; x_wconf 87' lang='lat' dir='ltr'><strong>obsessus,</strong></span> <span class='ocrx_word' id='word_1_161' title='bbox 1426 3048 1647 3137; x_wconf 80' lang='lat' dir='ltr'><strong>progrediens,</strong></span> <span class='ocrx_word' id='word_1_162' title='bbox 1672 3048 1747 3134; x_wconf 91' lang='lat' dir='ltr'><strong>qnid</strong></span> <span class='ocrx_word' id='word_1_163' title='bbox 1768 3066 1831 3113; x_wconf 92' lang='lat' dir='ltr'><strong>con·</strong></span> 
     </span>
     <span class='ocr_line' id='line_1_21' title="bbox 672 3163 1829 3253; baseline -0.003 -23"><span class='ocrx_word' id='word_1_164' title='bbox 672 3163 737 3230; x_wconf 86' lang='lat' dir='ltr'><strong>silli</strong></span> <span class='ocrx_word' id='word_1_165' title='bbox 768 3170 909 3250; x_wconf 90' lang='lat' dir='ltr'><strong>caperet,</strong></span> <span class='ocrx_word' id='word_1_166' title='bbox 940 3164 1016 3248; x_wconf 90' lang='lat' dir='ltr'><strong>quid</strong></span> <span class='ocrx_word' id='word_1_167' title='bbox 1044 3164 1171 3231; x_wconf 89' lang='lat' dir='ltr'><strong>demum</strong></span> <span class='ocrx_word' id='word_1_168' title='bbox 1200 3166 1345 3251; x_wconf 80' lang='lat' dir='ltr'><strong>eligeret,</strong></span> <span class='ocrx_word' id='word_1_169' title='bbox 1379 3186 1440 3253; x_wconf 91' lang='lat' dir='ltr'><strong>quo</strong></span> <span class='ocrx_word' id='word_1_170' title='bbox 1469 3186 1503 3232; x_wconf 93' lang='lat' dir='ltr'><strong>se</strong></span> <span class='ocrx_word' id='word_1_171' title='bbox 1531 3164 1750 3247; x_wconf 78' lang='lat' dir='ltr'><strong>absconderet,</strong></span> <span class='ocrx_word' id='word_1_172' title='bbox 1778 3180 1829 3247; x_wconf 90' lang='lat' dir='ltr'><strong>quo</strong></span> 
     </span>
     <span class='ocr_line' id='line_1_22' title="bbox 672 3278 1828 3367; baseline 0 -23"><span class='ocrx_word' id='word_1_173' title='bbox 672 3279 825 3366; x_wconf 83' lang='lat' dir='ltr'><strong>prodiret,</strong></span> <span class='ocrx_word' id='word_1_174' title='bbox 849 3300 910 3364; x_wconf 90' lang='lat' dir='ltr'><strong>quo</strong></span> <span class='ocrx_word' id='word_1_175' title='bbox 934 3300 969 3346; x_wconf 91' lang='lat' dir='ltr'><strong>se</strong></span> <span class='ocrx_word' id='word_1_176' title='bbox 991 3284 1136 3365; x_wconf 83' lang='lat' dir='ltr'><strong>verteret,</strong></span> <span class='ocrx_word' id='word_1_177' title='bbox 1160 3282 1321 3367; x_wconf 76' lang='lat' dir='ltr'><strong>ignorans,</strong></span> <span class='ocrx_word' id='word_1_178' title='bbox 1344 3282 1378 3349; x_wconf 96' lang='lat' dir='ltr'><strong>in</strong></span> <span class='ocrx_word' id='word_1_179' title='bbox 1401 3284 1590 3349; x_wconf 91' lang='lat' dir='ltr'><strong>immensum</strong></span> <span class='ocrx_word' id='word_1_180' title='bbox 1614 3300 1634 3346; x_wconf 89' lang='lat' dir='ltr'><strong>a</strong></span> <span class='ocrx_word' id='word_1_181' title='bbox 1656 3278 1828 3346; x_wconf 87' lang='lat' dir='ltr'><strong>duobusar·</strong></span> 
     </span>
     <span class='ocr_line' id='line_1_23' title="bbox 672 3394 1827 3483; baseline -0.002 -21"><span class='ocrx_word' id='word_1_182' title='bbox 672 3394 800 3462; x_wconf 90' lang='lat' dir='ltr'><strong>tabatur</strong></span> <span class='ocrx_word' id='word_1_183' title='bbox 828 3396 1023 3481; x_wconf 82' lang='lat' dir='ltr'><strong>propositis&#39;.</strong></span> <span class='ocrx_word' id='word_1_184' title='bbox 1058 3396 1190 3465; x_wconf 85' lang='lat' dir='ltr'><strong>Utrum·</strong></span> <span class='ocrx_word' id='word_1_185' title='bbox 1212 3398 1297 3465; x_wconf 93' lang='lat' dir='ltr'><strong>enim</strong></span> <span class='ocrx_word' id='word_1_186' title='bbox 1324 3420 1359 3466; x_wconf 87' lang='lat' dir='ltr'><strong>se</strong></span> <span class='ocrx_word' id='word_1_187' title='bbox 1386 3398 1531 3465; x_wconf 87' lang='lat' dir='ltr'><strong>incendio</strong></span> <span class='ocrx_word' id='word_1_188' title='bbox 1553 3402 1619 3463; x_wconf 84' lang='lat' dir='ltr'><strong>tam</strong></span> <span class='ocrx_word' id='word_1_189' title='bbox 1643 3414 1754 3483; x_wconf 89' lang='lat' dir='ltr'><strong>aspero</strong></span> <span class='ocrx_word' id='word_1_190' title='bbox 1773 3400 1827 3460; x_wconf 85' lang='lat' dir='ltr'><strong>tra·</strong></span> 
     </span>
     <span class='ocr_line' id='line_1_24' title="bbox 672 3510 1826 3598; baseline -0.003 -21"><span class='ocrx_word' id='word_1_191' title='bbox 672 3512 776 3595; x_wconf 88' lang='lat' dir='ltr'><strong>deret,</strong></span> <span class='ocrx_word' id='word_1_192' title='bbox 807 3511 863 3577; x_wconf 83' lang='lat' dir='ltr'><strong>an‘</strong></span> <span class='ocrx_word' id='word_1_193' title='bbox 883 3512 1021 3578; x_wconf 87' lang='lat' dir='ltr'><strong>inimicis</strong></span> <span class='ocrx_word' id='word_1_194' title='bbox 1043 3513 1142 3578; x_wconf 85' lang='lat' dir='ltr'><strong>vitam</strong></span> <span class='ocrx_word' id='word_1_195' title='bbox 1169 3534 1259 3580; x_wconf 90' lang='lat' dir='ltr'><strong>suam</strong></span> <span class='ocrx_word' id='word_1_196' title='bbox 1283 3515 1438 3598; x_wconf 88' lang='lat' dir='ltr'><strong>crederet,</strong></span> <span class='ocrx_word' id='word_1_197' title='bbox 1466 3512 1643 3581; x_wconf 86' lang='lat' dir='ltr'><strong>adinveniri</strong></span> <span class='ocrx_word' id='word_1_198' title='bbox 1664 3510 1754 3578; x_wconf 88' lang='lat' dir='ltr'><strong>facile</strong></span> <span class='ocrx_word' id='word_1_199' title='bbox 1773 3526 1826 3575; x_wconf 90' lang='lat' dir='ltr'><strong>uon</strong></span> 
     </span>
     <span class='ocr_line' id='line_1_25' title="bbox 670 3626 1914 3713; baseline 0.005 -20"><span class='ocrx_word' id='word_1_200' title='bbox 670 3633 765 3694; x_wconf 84' lang='lat' dir='ltr'><strong>erut&#39;.</strong></span> <span class='ocrx_word' id='word_1_201' title='bbox 856 3626 1012 3712; x_wconf 85' lang='lat' dir='ltr'><strong>Tandem,</strong></span> <span class='ocrx_word' id='word_1_202' title='bbox 1040 3629 1185 3695; x_wconf 91' lang='lat' dir='ltr'><strong>omnibus</strong></span> <span class='ocrx_word' id='word_1_203' title='bbox 1208 3629 1333 3713; x_wconf 75' lang='lat' dir='ltr'><strong>angulis</strong></span> <span class='ocrx_word' id='word_1_204' title='bbox 1356 3630 1594 3697; x_wconf 90' lang='lat' dir='ltr'><strong>consultationis</strong></span> <span class='ocrx_word' id='word_1_205' title='bbox 1617 3634 1667 3695; x_wconf 86' lang='lat' dir='ltr'><strong>et&#39;</strong></span> <span class='ocrx_word' id='word_1_206' title='bbox 1689 3626 1826 3695; x_wconf 70' lang='lat' dir='ltr'><strong>delibera·</strong></span> <span class='ocrx_word' id='word_1_207' title='bbox 1913 3626 1914 3699; x_wconf 85' lang='lat' dir='ltr'><strong>l</strong></span> 
     </span>
     <span class='ocr_line' id='line_1_26' title="bbox 669 3742 1825 3832; baseline -0.003 -24"><span class='ocrx_word' id='word_1_208' title='bbox 669 3743 765 3809; x_wconf 85' lang='lat' dir='ltr'><strong>tionis</strong></span> <span class='ocrx_word' id='word_1_209' title='bbox 788 3742 971 3829; x_wconf 84' lang='lat' dir='ltr'><strong>exploratis,</strong></span> <span class='ocrx_word' id='word_1_210' title='bbox 995 3744 1036 3810; x_wconf 92' lang='lat' dir='ltr'><strong>ad</strong></span> <span class='ocrx_word' id='word_1_211' title='bbox 1059 3744 1141 3811; x_wconf 84' lang='lat' dir='ltr'><strong>hanc</strong></span> <span class='ocrx_word' id='word_1_212' title='bbox 1163 3746 1360 3832; x_wconf 88' lang='lat' dir='ltr'><strong>potissimam</strong></span> <span class='ocrx_word' id='word_1_213' title='bbox 1384 3745 1510 3812; x_wconf 89' lang='lat' dir='ltr'><strong>devenit</strong></span> <span class='ocrx_word' id='word_1_214' title='bbox 1529 3746 1733 3812; x_wconf 84' lang='lat' dir='ltr'><strong>sententiam:</strong></span> <span class='ocrx_word' id='word_1_215' title='bbox 1754 3747 1825 3807; x_wconf 88' lang='lat' dir='ltr'><strong>utse</strong></span> 
     </span>
     <span class='ocr_line' id='line_1_27' title="bbox 670 3851 1823 3935; baseline -0.001 -11"><span class='ocrx_word' id='word_1_216' title='bbox 670 3856 859 3925; x_wconf 88' lang='lat' dir='ltr'><strong>sacrificium</strong></span> <span class='ocrx_word' id='word_1_217' title='bbox 886 3858 990 3925; x_wconf 92' lang='lat' dir='ltr'><strong>laudis</strong></span> <span class='ocrx_word' id='word_1_218' title='bbox 1018 3860 1051 3925; x_wconf 92' lang='lat' dir='ltr'><strong>iu</strong></span> <span class='ocrx_word' id='word_1_219' title='bbox 1080 3860 1210 3928; x_wconf 90' lang='lat' dir='ltr'><strong>odorem</strong></span> <span class='ocrx_word' id='word_1_220' title='bbox 1239 3862 1404 3928; x_wconf 87' lang='lat' dir='ltr'><strong>suavitatis</strong></span> <span class='ocrx_word' id='word_1_221' title='bbox 1431 3860 1502 3928; x_wconf 87' lang='lat' dir='ltr'><strong>lesu</strong></span> <span class='ocrx_word' id='word_1_222' title='bbox 1524 3860 1650 3928; x_wconf 86' lang='lat' dir='ltr'><strong>Christo</strong></span> <span class='ocrx_word' id='word_1_223' title='bbox 1680 3851 1823 3935; x_wconf 77' lang='lat' dir='ltr'><strong>offerret¹3</strong></span> 
     </span>
     <span class='ocr_line' id='line_1_28' title="bbox 670 3974 1913 4065; baseline 0.006 -26"><span class='ocrx_word' id='word_1_224' title='bbox 670 3975 893 4060; x_wconf 83' lang='lat' dir='ltr'><strong>optatissime&#39;</strong></span> <span class='ocrx_word' id='word_1_225' title='bbox 908 3974 1008 4057; x_wconf 79' lang='lat' dir='ltr'><strong>glorie</strong></span> <span class='ocrx_word' id='word_1_226' title='bbox 1030 3976 1175 4043; x_wconf 88' lang='lat' dir='ltr'><strong>bravium</strong></span> <span class='ocrx_word' id='word_1_227' title='bbox 1198 3983 1359 4065; x_wconf 85' lang='lat' dir='ltr'><strong>reputans,</strong></span> <span class='ocrx_word' id='word_1_228' title='bbox 1383 3978 1411 4043; x_wconf 91' lang='lat' dir='ltr'><strong>si</strong></span> <span class='ocrx_word' id='word_1_229' title='bbox 1433 3983 1576 4061; x_wconf 89' lang='lat' dir='ltr'><strong>mortem,</strong></span> <span class='ocrx_word' id='word_1_230' title='bbox 1601 3984 1714 4062; x_wconf 72' lang='lat' dir='ltr'><strong>quam*</strong></span> <span class='ocrx_word' id='word_1_231' title='bbox 1732 3974 1824 4043; x_wconf 85' lang='lat' dir='ltr'><strong>Sulva·</strong></span> <span class='ocrx_word' id='word_1_232' title='bbox 1912 4018 1913 4047; x_wconf 68' lang='lat'>1</span> 
     </span>
     <span class='ocr_line' id='line_1_29' title="bbox 669 4090 1824 4181; baseline 0.001 -25"><span class='ocrx_word' id='word_1_233' title='bbox 669 4096 720 4156; x_wconf 91' lang='lat' dir='ltr'><strong>tor</strong></span> <span class='ocrx_word' id='word_1_234' title='bbox 746 4110 804 4176; x_wconf 86' lang='lat' dir='ltr'><strong>pro</strong></span> <span class='ocrx_word' id='word_1_235' title='bbox 827 4090 973 4156; x_wconf 89' lang='lat' dir='ltr'><strong>omnibus</strong></span> <span class='ocrx_word' id='word_1_236' title='bbox 995 4091 1154 4178; x_wconf 78' lang='lat' dir='ltr'><strong>pertulit’,</strong></span> <span class='ocrx_word' id='word_1_237' title='bbox 1183 4093 1263 4161; x_wconf 89' lang='lat' dir='ltr'><strong>hanc</strong></span> <span class='ocrx_word' id='word_1_238' title='bbox 1285 4095 1364 4181; x_wconf 90' lang='lat' dir='ltr'><strong>ipse,</strong></span> <span class='ocrx_word' id='word_1_239' title='bbox 1387 4092 1463 4161; x_wconf 90' lang='lat' dir='ltr'><strong>licet</strong></span> <span class='ocrx_word' id='word_1_240' title='bbox 1483 4099 1682 4180; x_wconf 78' lang='lat' dir='ltr'><strong>promoturo·</strong></span> <span class='ocrx_word' id='word_1_241' title='bbox 1704 4098 1781 4161; x_wconf 86' lang='lat' dir='ltr'><strong>etate</strong></span> <span class='ocrx_word' id='word_1_242' title='bbox 1799 4094 1824 4157; x_wconf 85' lang='lat' dir='ltr'><strong>et</strong></span> 
     </span>
    </p>

    <p class='ocr_par' dir='ltr' id='par_1_4' title="bbox 666 4258 1912 4720">
     <span class='ocr_line' id='line_1_30' title="bbox 741 4258 1822 4323; baseline 0.007 -18"><span class='ocrx_word' id='word_1_243' title='bbox 741 4272 762 4305; x_wconf 80' lang='lat' dir='ltr'><strong>a.</strong></span> <span class='ocrx_word' id='word_1_244' title='bbox 781 4258 844 4319; x_wconf 87' lang='lat' dir='ltr'><strong>qnod</strong></span> <span class='ocrx_word' id='word_1_245' title='bbox 860 4260 881 4305; x_wconf 86' lang='lat'><strong>1.</strong></span> <span class='ocrx_word' id='word_1_246' title='bbox 943 4258 966 4306; x_wconf 92' lang='lat' dir='ltr'><strong>b.</strong></span> <span class='ocrx_word' id='word_1_247' title='bbox 987 4260 1089 4307; x_wconf 81' lang='lat' dir='ltr'><strong>incursat</strong></span> <span class='ocrx_word' id='word_1_248' title='bbox 1103 4264 1187 4321; x_wconf 72' lang='lat' dir='ltr'><strong>scripu·</strong></span> <span class='ocrx_word' id='word_1_249' title='bbox 1198 4282 1241 4323; x_wconf 78' lang='lat' dir='ltr'><strong>pro</strong></span> <span class='ocrx_word' id='word_1_250' title='bbox 1257 4264 1350 4311; x_wconf 82' lang='lat' dir='ltr'><strong>incurm</strong></span> <span class='ocrx_word' id='word_1_251' title='bbox 1366 4264 1387 4319; x_wconf 89' lang='lat'><strong>1,</strong></span> <span class='ocrx_word' id='word_1_252' title='bbox 1399 4264 1421 4309; x_wconf 82' lang='lat'><strong>2.</strong></span> <span class='ocrx_word' id='word_1_253' title='bbox 1483 4276 1503 4309; x_wconf 89' lang='lat' dir='ltr'><strong>e.</strong></span> <span class='ocrx_word' id='word_1_254' title='bbox 1519 4262 1632 4309; x_wconf 78' lang='lat' dir='ltr'><strong>exereitus</strong></span> <span class='ocrx_word' id='word_1_255' title='bbox 1649 4264 1671 4320; x_wconf 89' lang='grc'><strong>1,</strong></span> <span class='ocrx_word' id='word_1_256' title='bbox 1688 4262 1788 4310; x_wconf 83' lang='lat' dir='ltr'><strong>exercitui</strong></span> <span class='ocrx_word' id='word_1_257' title='bbox 1801 4262 1822 4313; x_wconf 79' lang='lat' dir='ltr'><strong>lt</strong></span> 
     </span>
     <span class='ocr_line' id='line_1_31' title="bbox 669 4338 1912 4405; baseline 0.002 -20"><span class='ocrx_word' id='word_1_258' title='bbox 669 4356 700 4386; x_wconf 72' lang='lat' dir='ltr'><strong>aa</strong></span> <span class='ocrx_word' id='word_1_259' title='bbox 715 4338 829 4385; x_wconf 71' lang='lat' dir='ltr'><strong>salubus?</strong></span> <span class='ocrx_word' id='word_1_260' title='bbox 906 4339 929 4385; x_wconf 80' lang='lat' dir='ltr'><strong>d</strong></span> <span class='ocrx_word' id='word_1_261' title='bbox 950 4339 1055 4387; x_wconf 67' lang='lat' dir='ltr'><strong>arbusto</strong></span> <span class='ocrx_word' id='word_1_262' title='bbox 1072 4342 1094 4387; x_wconf 91' lang='lat'><strong>1.</strong></span> <span class='ocrx_word' id='word_1_263' title='bbox 1172 4357 1193 4389; x_wconf 88' lang='lat' dir='ltr'><strong>e.</strong></span> <span class='ocrx_word' id='word_1_264' title='bbox 1213 4341 1293 4401; x_wconf 75' lang='lat' dir='ltr'><strong>ignoti</strong></span> <span class='ocrx_word' id='word_1_265' title='bbox 1308 4344 1329 4390; x_wconf 89' lang='lat' dir='ltr'><strong>l.</strong></span> <span class='ocrx_word' id='word_1_266' title='bbox 1404 4342 1420 4388; x_wconf 84' lang='lat' dir='ltr'><strong>l.</strong></span> <span class='ocrx_word' id='word_1_267' title='bbox 1442 4342 1608 4402; x_wconf 70' lang='lat' dir='ltr'><strong>inpingeneiam</strong></span> <span class='ocrx_word' id='word_1_268' title='bbox 1625 4344 1647 4389; x_wconf 94' lang='lat'><strong>1.</strong></span> <span class='ocrx_word' id='word_1_269' title='bbox 1719 4356 1741 4401; x_wconf 71' lang='lat' dir='ltr'><strong>g.</strong></span> <span class='ocrx_word' id='word_1_270' title='bbox 1758 4352 1822 4388; x_wconf 76' lang='lat' dir='ltr'><strong>oecu-</strong></span> <span class='ocrx_word' id='word_1_271' title='bbox 1911 4394 1912 4405; x_wconf 12' lang='grc' dir='ltr'>γ</span> 
     </span>
     <span class='ocr_line' id='line_1_32' title="bbox 668 4416 1912 4483; baseline 0.006 -19"><span class='ocrx_word' id='word_1_272' title='bbox 668 4420 800 4475; x_wconf 67' lang='lat' dir='ltr'><strong>summ.</strong></span> <span class='ocrx_word' id='word_1_273' title='bbox 865 4417 1015 4479; x_wconf 63' lang='lat' dir='ltr'><strong>bisinial.</strong></span> <span class='ocrx_word' id='word_1_274' title='bbox 1081 4422 1098 4467; x_wconf 92' lang='lat' dir='ltr'><strong>i.</strong></span> <span class='ocrx_word' id='word_1_275' title='bbox 1119 4422 1222 4483; x_wconf 81' lang='lat' dir='ltr'><strong>aliusque</strong></span> <span class='ocrx_word' id='word_1_276' title='bbox 1240 4426 1261 4469; x_wconf 91' lang='lat'><strong>1.</strong></span> <span class='ocrx_word' id='word_1_277' title='bbox 1323 4422 1543 4479; x_wconf 66' lang='lat' dir='ltr'><strong>hecclesiam.</strong></span> <span class='ocrx_word' id='word_1_278' title='bbox 1603 4420 1821 4483; x_wconf 73' lang='lat' dir='ltr'><strong>l.prarupn&#39;oueel.</strong></span> <span class='ocrx_word' id='word_1_279' title='bbox 1911 4416 1912 4457; x_wconf 42' lang='grc' dir='ltr'>ἶ</span> 
     </span>
     <span class='ocr_line' id='line_1_33' title="bbox 668 4498 1821 4558; baseline 0.003 -15"><span class='ocrx_word' id='word_1_280' title='bbox 668 4499 820 4558; x_wconf 82' lang='lat' dir='ltr'><strong>promptioris</strong></span> <span class='ocrx_word' id='word_1_281' title='bbox 836 4500 858 4544; x_wconf 77' lang='lat'><strong>2.</strong></span> <span class='ocrx_word' id='word_1_282' title='bbox 934 4513 965 4545; x_wconf 90' lang='lat' dir='ltr'><strong>m.</strong></span> <span class='ocrx_word' id='word_1_283' title='bbox 985 4500 1158 4547; x_wconf 79' lang='lat' dir='ltr'><strong>exardescerent</strong></span> <span class='ocrx_word' id='word_1_284' title='bbox 1178 4504 1291 4549; x_wconf 68' lang='lat' dir='ltr'><strong>meldim</strong></span> <span class='ocrx_word' id='word_1_285' title='bbox 1311 4504 1405 4549; x_wconf 76' lang='lat' dir='ltr'><strong>uidetur.</strong></span> <span class='ocrx_word' id='word_1_286' title='bbox 1434 4503 1482 4547; x_wconf 76' lang='lat' dir='ltr'><strong>Nec</strong></span> <span class='ocrx_word' id='word_1_287' title='bbox 1501 4518 1554 4547; x_wconf 73' lang='lat' dir='ltr'><strong>uero</strong></span> <span class='ocrx_word' id='word_1_288' title='bbox 1574 4511 1608 4548; x_wconf 79' lang='lat' dir='ltr'><strong>eat</strong></span> <span class='ocrx_word' id='word_1_289' title='bbox 1627 4504 1713 4549; x_wconf 72' lang='lat' dir='ltr'><strong>lam</strong></span> <span class='ocrx_word' id='word_1_290' title='bbox 1730 4506 1751 4549; x_wconf 78' lang='lat' dir='ltr'><strong>u&#39;·</strong></span> <span class='ocrx_word' id='word_1_291' title='bbox 1765 4498 1821 4547; x_wconf 68' lang='lat' dir='ltr'><strong>redd</strong></span> 
     </span>
     <span class='ocr_line' id='line_1_34' title="bbox 667 4577 1819 4641; baseline 0.004 -17"><span class='ocrx_word' id='word_1_292' title='bbox 667 4591 691 4624; x_wconf 89' lang='lat' dir='ltr'><strong>u.</strong></span> <span class='ocrx_word' id='word_1_293' title='bbox 712 4596 744 4623; x_wconf 73' lang='lat' dir='ltr'><strong>an</strong></span> <span class='ocrx_word' id='word_1_294' title='bbox 758 4577 951 4637; x_wconf 80' lang='lat' dir='ltr'><strong>eubisionesquet</strong></span> <span class='ocrx_word' id='word_1_295' title='bbox 1012 4582 1181 4628; x_wconf 79' lang='lat' dir='ltr'><strong>o.sonaret1.</strong></span> <span class='ocrx_word' id='word_1_296' title='bbox 1243 4595 1266 4641; x_wconf 91' lang='lat' dir='ltr'><strong>p.</strong></span> <span class='ocrx_word' id='word_1_297' title='bbox 1285 4582 1376 4640; x_wconf 73' lang='lat' dir='ltr'><strong>turbigu</strong></span> <span class='ocrx_word' id='word_1_298' title='bbox 1392 4582 1448 4637; x_wconf 68' lang='lat' dir='ltr'><strong>m.</strong></span> <span class='ocrx_word' id='word_1_299' title='bbox 1510 4594 1531 4640; x_wconf 88' lang='lat' dir='ltr'><strong>q.</strong></span> <span class='ocrx_word' id='word_1_300' title='bbox 1552 4580 1656 4628; x_wconf 79' lang='lat' dir='ltr'><strong>ralvlbua</strong></span> <span class='ocrx_word' id='word_1_301' title='bbox 1667 4584 1690 4629; x_wconf 94' lang='lat'><strong>1.</strong></span> <span class='ocrx_word' id='word_1_302' title='bbox 1748 4594 1765 4628; x_wconf 84' lang='lat' dir='ltr'><strong>r.</strong></span> <span class='ocrx_word' id='word_1_303' title='bbox 1780 4591 1819 4639; x_wconf 65' lang='lat' dir='ltr'><strong>prr</strong></span> 
     </span>
     <span class='ocr_line' id='line_1_35' title="bbox 666 4656 1819 4720; baseline 0.004 -18"><span class='ocrx_word' id='word_1_304' title='bbox 666 4658 789 4717; x_wconf 76' lang='lat' dir='ltr'><strong>positisl.</strong></span> <span class='ocrx_word' id='word_1_305' title='bbox 856 4656 1030 4705; x_wconf 75' lang='lat' dir='ltr'><strong>aliteruml.</strong></span> <span class='ocrx_word' id='word_1_306' title='bbox 1094 4662 1225 4707; x_wconf 73' lang='lat' dir='ltr'><strong>tnumt.</strong></span> <span class='ocrx_word' id='word_1_307' title='bbox 1287 4663 1405 4708; x_wconf 81' lang='lat' dir='ltr'><strong>nesti.</strong></span> <span class='ocrx_word' id='word_1_308' title='bbox 1468 4662 1632 4709; x_wconf 66' lang='lat' dir='ltr'><strong>ustum.</strong></span> <span class='ocrx_word' id='word_1_309' title='bbox 1695 4656 1819 4720; x_wconf 56' lang='lat' dir='ltr'><strong>nepeta</strong></span> 
     </span>
    </p>
   </div>
   <div class='ocr_carea' id='block_1_3' title="bbox 666 4736 1819 4871">
    <p class='ocr_par' dir='ltr' id='par_1_5' title="bbox 666 4736 1819 4871">
     <span class='ocr_line' id='line_1_36' title="bbox 667 4736 1819 4801; baseline 0.001 -18"><span class='ocrx_word' id='word_1_310' title='bbox 667 4736 824 4795; x_wconf 52' lang='lat' dir='ltr'><strong>duraremus·</strong></span> <span class='ocrx_word' id='word_1_311' title='bbox 834 4754 878 4795; x_wconf 79' lang='lat' dir='ltr'><strong>pro</strong></span> <span class='ocrx_word' id='word_1_312' title='bbox 894 4738 1056 4796; x_wconf 73' lang='lat' dir='ltr'><strong>operosissime</strong></span> <span class='ocrx_word' id='word_1_313' title='bbox 1072 4740 1094 4795; x_wconf 85' lang='lat'><strong>1,</strong></span> <span class='ocrx_word' id='word_1_314' title='bbox 1104 4740 1133 4786; x_wconf 59' lang='lat' dir='ltr'><strong>d.</strong></span> <span class='ocrx_word' id='word_1_315' title='bbox 1213 4754 1235 4787; x_wconf 80' lang='lat' dir='ltr'><strong>x.</strong></span> <span class='ocrx_word' id='word_1_316' title='bbox 1256 4752 1322 4800; x_wconf 76' lang='lat' dir='ltr'><strong>quen</strong></span> <span class='ocrx_word' id='word_1_317' title='bbox 1339 4743 1361 4788; x_wconf 90' lang='lat'><strong>1.</strong></span> <span class='ocrx_word' id='word_1_318' title='bbox 1439 4754 1462 4800; x_wconf 84' lang='lat' dir='ltr'><strong>y.</strong></span> <span class='ocrx_word' id='word_1_319' title='bbox 1481 4740 1578 4801; x_wconf 84' lang='lat' dir='ltr'><strong>protulit</strong></span> <span class='ocrx_word' id='word_1_320' title='bbox 1592 4742 1615 4789; x_wconf 84' lang='lat'><strong>1.</strong></span> <span class='ocrx_word' id='word_1_321' title='bbox 1694 4756 1714 4789; x_wconf 75' lang='grc' dir='ltr'>ι</span> <span class='ocrx_word' id='word_1_322' title='bbox 1733 4748 1819 4800; x_wconf 72' lang='lat' dir='ltr'><strong>pron·</strong></span> 
     </span>
     <span class='ocr_line' id='line_1_37' title="bbox 666 4818 795 4871; baseline 0.016 -10"><span class='ocrx_word' id='word_1_323' title='bbox 666 4818 756 4871; x_wconf 81' lang='lat' dir='ltr'><strong>tuni,</strong></span> <span class='ocrx_word' id='word_1_324' title='bbox 773 4818 795 4863; x_wconf 68' lang='lat'><strong>2.</strong></span> 
     </span>
    </p>
   </div>
   <div class='ocr_carea' id='block_1_4' title="bbox 740 4918 1027 4991">
    <p class='ocr_par' dir='ltr' id='par_1_6' title="bbox 740 4918 1027 4991">
     <span class='ocr_line' id='line_1_38' title="bbox 740 4918 1027 4991; baseline 0.01 -17"><span class='ocrx_word' id='word_1_325' title='bbox 740 4920 764 4974; x_wconf 92' lang='lat'><strong>1.</strong></span> <span class='ocrx_word' id='word_1_326' title='bbox 789 4918 831 4975; x_wconf 83' lang='lat' dir='ltr'><strong>cr.</strong></span> <span class='ocrx_word' id='word_1_327' title='bbox 849 4918 951 4990; x_wconf 70' lang='lat' dir='ltr'><strong>spuo.</strong></span> <span class='ocrx_word' id='word_1_328' title='bbox 963 4921 989 4991; x_wconf 87' lang='lat' dir='ltr'><strong>e,</strong></span> <span class='ocrx_word' id='word_1_329' title='bbox 1002 4923 1027 4977; x_wconf 82' lang='lat'><strong>2.</strong></span> 
     </span>
    </p>
   </div>
   <div class='ocr_carea' id='block_1_5' title="bbox 0 0 2176 6034">
    <p class='ocr_par' dir='ltr' id='par_1_7' title="bbox 0 0 2176 6034">
     <span class='ocr_line' id='line_1_39' title="bbox 0 0 2176 6034; baseline 0 8"><span class='ocrx_word' id='word_1_330' title='bbox 0 0 2176 6034; x_wconf 95' lang='lat' dir='ltr'><strong> </strong></span> 
     </span>
    </p>
   </div>
  </div>
 </body>
</html>
