4342 6034
729 803 808 852 VITA
831 803 1025 852 noscerem
1047 803 1073 852 11

427 944 593 1031 Causaque
614 946 755 1015 deiectos
777 945 838 1012 fnit
859 945 927 1013 his:
950 945 1085 1030 longeva
1107 949 1267 1028 seneotns3

359 1080 404 1127 rao
426 1067 539 1130 ventus
562 1067 594 1130 et
615 1063 805 1149 impingens,
829 1082 890 1147 quo
914 1062 1059 1129 machina
1082 1062 1201 1128 corruit
1222 1062 1349 1146 ingens3

425 1177 477 1245 rel
498 1177 587 1245 labor
608 1178 782 1262 hnmanae,
805 1179 868 1245 cito
891 1197 1020 1244 casurus
1044 1179 1119 1264 quia
1140 1197 1251 1262 ranna,

426 1289 574 1362 delubra¹
594 1293 768 1378 frangendo
791 1293 1030 1379 fragmentaque
1055 1293 1244 1381 diripiendo,

426 1414 463 1476 nt
484 1429 566 1476 nova
586 1410 735 1476 fundaret
757 1409 807 1478 vel
829 1415 913 1477 tecta
935 1415 1060 1478 vetusta
1081 1415 1223 1494 novaret,

425 1526 525 1592 traxit
548 1526 666 1592 vicinas
691 1525 731 1592 ad
755 1545 833 1613 opns
856 1525 977 1592 murale
999 1527 1119 1591 ruinas.

357 1659 403 1706 rsa
471 1639 554 1708 Urbs
577 1661 616 1708 ea
636 1641 826 1728 precellens,
849 1641 956 1708 hostes
979 1642 1099 1708 virtute
1118 1640 1286 1727 repellens,

425 1755 517 1824 lirma
538 1757 604 1824 snis
626 1757 742 1842 muris,
766 1777 823 1825 nec
845 1755 919 1824 belli
942 1757 1043 1824 libera
1065 1757 1159 1842 curis,

425 1893 500 1960 sepe
522 1877 628 1940 movet
650 1871 800 1957 Martem,
825 1873 972 1940 sociando
997 1873 1118 1940 viribus
1141 1877 1253 1957 artem,

423 1987 576 2056 militibus
599 1989 709 2076 plena,
733 1988 832 2056 doctis
856 1988 935 2056 bene
956 1987 1082 2056 flectere
1104 1990 1197 2056 irena

422 2104 457 2170 in
479 2103 565 2188 giros
587 2105 712 2188 faciles,
736 2105 811 2172 dum
834 2109 970 2192 temptat
993 2105 1096 2192 prelia
1116 2103 1219 2188 miles,

353 2239 402 2285 rso
424 2219 515 2288 miles
539 2240 618 2305 equo
641 2227 764 2306 vectus,
788 2225 883 2308 caput
906 2221 972 2288 alta
993 2221 1116 2288 casside
1137 2224 1250 2302 tectos,

426 2337 547 2402 cinctus
570 2341 603 2402 et
625 2355 699 2402 ense
720 2335 819 2420 latus,
842 2337 959 2423 clipeo,
982 2337 1111 2403 thorace
1132 2342 1293 2420 graratns.

423 2451 489 2518 Hos
513 2451 609 2518 habet
629 2452 764 2518 invictae
787 2451 877 2519 miles
900 2451 1064 2520 Remensis
1088 2453 1240 2534 amiotus3

423 2567 558 2654 pervigil
580 2567 613 2633 in
637 2568 765 2651 castris,
789 2574 914 2634 noctem
937 2567 1124 2636 ducentibus
1146 2569 1251 2651 nstris,

421 2683 485 2750 fert
506 2683 620 2768 quibus
644 2683 798 2766 algorem3
821 2684 960 2751 tolerans
982 2685 1016 2750 in
1039 2684 1110 2750 luce
1132 2684 1279 2768 calorem,

348 2818 399 2866 aas
422 2799 488 2866 eolo
510 2819 621 2882 gerens
644 2805 749 2864 udum
773 2799 872 2866 lorica
894 2819 1008 2886 corpus
1032 2807 1190 2866 onustum.

466 2913 596 2982 Excitat
617 2915 668 2980 hic
692 2915 785 2982 etiam
811 2915 974 2984 doctorum
998 2935 1074 2982 cura
1096 2913 1242 3002 sophiam

421 3049 481 3097 nec
501 3030 651 3115 languere
674 3031 766 3112 sinit;
791 3051 884 3116 quam
908 3031 995 3099 nullo
1018 3039 1161 3118 tempore
1183 3031 1263 3097 iinit

421 3143 504 3212 Nam
526 3165 628 3230 neque
651 3145 807 3213 deiectum
830 3149 917 3235 capit
938 3168 977 3215 ex
1001 3153 1085 3215 etate
1107 3148 1294 3234 proiectum,

421 3263 455 3328 vi
477 3282 579 3348 noque
600 3263 779 3328 morborum
805 3266 889 3350 perit
911 3264 1006 3331 altrix
1029 3263 1299 3351 philosophorum.

346 3397 397 3444 coo
421 3377 528 3444 Vincit
550 3383 582 3444 et
604 3397 758 3444 annornm
782 3385 906 3466 tempus
931 3381 1029 3446 virtus
1054 3379 1247 3462 animornm3

421 3514 502 3580 qnae
524 3495 606 3560 siret
627 3500 659 3560 et
681 3493 788 3578 floret,
811 3513 884 3562 cnm
906 3495 1108 3582 philosophia
1128 3494 1251 3562 laboret

420 3611 583 3698 perpetuis
605 3610 705 3678 curie:
729 3617 765 3678 nt
786 3615 863 3678 note
885 3611 928 3678 sit
949 3613 1021 3698 ipsa
1042 3612 1159 3678 futuris

419 3731 487 3794 tam
509 3745 568 3813 per
590 3728 758 3813 preteritos
781 3747 887 3794 rernm
910 3728 1034 3794 ratione
1057 3729 1187 3814 peritos,

419 3862 516 3928 qnam
538 3863 595 3930 per
618 3849 780 3928 presentes
804 3843 867 3908 rim
890 3843 1077 3927 cognitionis
1102 3842 1262 3911 habentes.

345 3977 397 4024 sos
468 3955 596 4025 Talibus
619 3957 742 4026 illectus
766 3959 937 4026 studiis-
955 3965 1005 4024 set
1026 3959 1109 4026 lacte
1130 3959 1269 4027 reiectus

419 4073 534 4140 nobilis
558 4073 678 4142 altricis
701 4081 734 4142 et
755 4075 907 4142 fecundae
930 4075 1104 4159 genitricis,

420 4189 503 4274 quod
526 4189 613 4258 dedit
635 4193 676 4257 ad
699 4189 805 4258 stndia
827 4191 929 4276 posito
953 4191 1014 4258 sibi
1037 4191 1143 4278 prima
1165 4188 1294 4278 sophia'
1309 4229 1353 4240 -

420 4307 507 4372 venit
528 4306 759 4389 A(dclbertus);
785 4308 973 4393 sapiensque
995 4305 1047 4392 lit,
1069 4307 1146 4374 inde
1167 4307 1313 4376 disertus.

417 4420 526 4488 Primo
548 4424 630 4509 petit
651 4423 798 4490 minimos
821 4422 981 4507 doctores,
1004 4429 1117 4510 postca
1136 4423 1273 4510 primos3

341 4557 393 4606 aro
420 4538 524 4625 primo
547 4539 671 4606 minora
691 4545 820 4622 notans,
843 4538 917 4604 hinc
940 4541 1080 4608 maxima
1101 4537 1233 4606 flumina
1255 4544 1369 4626 potans

418 4653 576 4738 dogmatis
597 4654 752 4739 ingentis,
775 4655 923 4742 perlectis
945 4656 1170 4723 convenientis.

371 4815 401 4868 1.
428 4813 540 4867 metitur
564 4809 675 4866 dtlnbra
693 4827 743 4882 pro
761 4811 879 4868 delibra.
969 4815 994 4868 2.
1018 4813 1102 4884 iunge
1120 4814 1173 4868 sic:
1196 4811 1270 4884 qnod
1288 4811 1385 4883 sophia
1402 4812 1478 4869 dedit

292 4903 348 4960 sibi
369 4900 549 4971 (Adelberto)
565 4901 656 4971 posito
674 4901 710 4956 ad
727 4901 819 4957 studia
836 4903 931 4972 prima
1191 4922 1194 4932 ·

338 4995 644 5048 taruannense-111.
1227 4998 1262 5056 gr
