4342 6034
655 769 842 818 srmuooss
863 770 1091 819 moonsumsr
1114 768 1151 817 as.
1164 770 1194 815 se
1440 752 1506 820 363

354 930 419 979 rora
437 916 470 977 et
490 911 573 979 inlsa
672 917 778 979 autem
800 912 930 997 tribuat,
952 918 990 979 ιιι
1009 912 1070 979 iste
1094 912 1219 979 auditus
1242 958 1361 978 ......
1385 910 1507 979 salsitu-

352 1028 387 1093 ιιι
399 1034 538 1112 exurgat
569 1028 651 1111 Nam
665 1028 694 1097 ei
708 1028 969 1115 metropolitanus
984 1033 1102 1113 noster,
1125 1028 1270 1097 domiuus
1285 1027 1395 1113 Aribo,
1411 1048 1507 1115 prop-

1560 920 1631 977 lone

1515 996 1569 1056 post
1585 992 1675 1043 umus

350 1150 393 1210 ter
412 1144 710 1212 anathematizatum
732 1144 896 1229 dignitatis
917 1164 995 1211 suae
1009 1144 1239 1229 aliquantulum
1252 1143 1411 1231 perderet,
1433 1162 1507 1210 oon·
1558 1146 1560 1151 ’

350 1278 473 1344 sequeus
506 1278 544 1326 ae
574 1267 699 1329 ratum·
729 1261 827 1344 foret,
859 1266 897 1327 ut
928 1260 1069 1327 omnium
1103 1259 1265 1327 nostrumb
1298 1259 1507 1327 suoerdotium

349 1375 546 1461 depositionis
577 1375 717 1462 perieulo
753 1376 970 1444 subiaeuisset
1022 1376 1080 1443 Ille
1113 1376 1196 1443 euim
1226 1380 1316 1442 extra
1343 1392 1507 1443 eommune

348 1496 481 1557 metrum
509 1491 677 1557 eonsilium
705 1496 738 1557 et
762 1492 915 1559 iudioium
945 1491 992 1559 nil
1019 1492 1116 1558 habet
1140 1492 1175 1557 in
1204 1491 1348 1577 praefate
1375 1490 1508 1557 muliere

348 1608 559 1689 oemmissum3
588 1604 739 1692 ideoque,
767 1609 796 1673 ιι
823 1626 895 1675 eum
923 1607 979 1673 illa
1006 1606 1126 1692 roomo
1148 1611 1259 1675 eontra
1281 1606 1431 1693 synodale
1453 1607 1507 1673 de-

347 1729 459 1789 eretum
483 1727 533 1789 est
552 1727 787 1809 perpetratum,
815 1742 875 1788 nos
902 1722 1069 1806 naufragia
1097 1723 1274 1808 paciemur,
1303 1722 1356 1789 ille
1379 1741 1507 1788 seourus

347 1844 453 1904 enatet
501 1837 666 1905 Credimus
689 1843 793 1906 eutem
817 1838 891 1923 tibi,
920 1838 1062 1922 domiue,
1092 1844 1125 1905 et
1153 1838 1298 1905 omnibus
1320 1836 1508 1923 ubicumque

345 1954 376 2020 in
394 1953 513 2020 mundo
536 1954 743 2021 existentibus
765 1954 805 2021 de
826 1972 924 2020 eausa
936 1955 1099 2041 praefatae
1115 1954 1256 2021 mulieris
1272 1972 1363 2020 aures
1377 1954 1424 2021 itu
1438 1972 1507 2021 esse

344 2069 486 2157 repletos,
508 2076 547 2136 ut
566 2069 652 2136 ultra
674 2088 753 2156 opus
774 2090 839 2137 uon
861 2071 914 2155 sit,
936 2070 1022 2137 illius
1042 2070 1179 2137 seribere
1194 2069 1319 2157 eulpas3
1343 2086 1415 2135 oum
1428 2068 1508 2135 illud

344 2187 442 2272 potius
463 2186 699 2273 proouraudum
727 2186 785 2253 sit:
815 2185 966 2271 qualiter,
998 2190 1163 2273 amputata
1186 2204 1205 2251 a
1226 2184 1345 2253 Christi
1366 2204 1507 2271 eorporo,

344 2307 394 2367 ιιιι
412 2302 558 2370 funditus
580 2306 691 2388 pereat
711 2307 769 2369 aut
784 2340 826 2353 -
845 2302 889 2386 si,
913 2301 997 2387 quod
1018 2302 1149 2369 minime
1171 2300 1344 2385 oredimus,
1367 2301 1508 2368 converti

343 2416 473 2485 voluerit
487 2453 529 2465 -
548 2463 646 2483 .....
668 2418 703 2483 in
724 2418 888 2485 heremum
910 2418 1123 2504 poenitentiae
1144 2438 1245 2503 usque
1260 2416 1409 2487 adfinem
1423 2418 1509 2485 vitoe

343 2533 536 2616 gemebunda
562 2532 704 2601 disoedat
837 2532 966 2618 Nonne,
994 2534 1119 2619 quando
1147 2554 1243 2621 super
1268 2534 1356 2601 illam
1379 2534 1508 2601 anathe-

343 2650 431 2717 matis
453 2648 584 2716 riueula
604 2650 757 2717 dabamus
781 2670 863 2717 ...s
885 2655 957 2717 tuos
980 2650 1150 2734 adiutores,
1174 2670 1245 2717 oum
1268 2651 1384 2718 reatina
1406 2651 1509 2737 possi·

342 2784 407 2832 mus
435 2766 544 2833 dieere
570 2784 798 2853 praecessores.
844 2764 909 2852 lpsi
931 2766 1017 2831 euim
1038 2771 1294 2852 praecesserunt,
1323 2766 1385 2854 ipsi
1406 2768 1511 2853 prima

342 2880 464 2949 vineola
492 2882 685 2963 iuiooeruut3
714 2880 828 2947 deinde
856 2885 965 2947 noster
986 2881 1082 2965 ordo,
1111 2881 1193 2948 sient
1214 2882 1334 2967 denuit,
1364 2882 1447 2967 quod
1469 2882 1510 2951 ab

342 2996 400 3063 illis
421 2998 544 3065 iaetum
566 2998 637 3083 luit,
658 2996 806 3063 firmarit
842 2996 924 3083 Ipsis
946 2997 1119 3083 pernitiose
1140 2996 1269 3083 luditur,
1293 2999 1321 3063 si
1343 3016 1439 3064 eausa
1453 3018 1510 3065 uo·

341 3118 405 3179 stre
424 3112 538 3180 durius
560 3118 724 3180 tuentur.
815 3110 906 3179 Unde
927 3132 1003 3179 aero
1024 3112 1060 3179 in
1081 3132 1248 3179 oommuue
1269 3114 1441 3200 prostrati⁸
1458 3132 1509 3180 ro·

341 3248 465 3313 gamus:
488 3234 525 3295 ut
547 3226 695 3312 dignitati
717 3233 792 3295 tuae
814 3228 959 3295 musuleo
982 3234 1024 3312 et,
1047 3228 1076 3295 ιι
1098 3228 1174 3313 quid
1195 3229 1321 3296 iuuante
1336 3234 1441 3296 aetum
1457 3230 1509 3315 sit,

342 3345 372 3410 id
392 3349 487 3412 naute
508 3345 678 3426 resarciam
702 3344 902 3411 anathemate
924 3344 1095 3428 obligatam
1110 3350 1231 3412 terrore
1245 3351 1319 3413 tuae
1335 3346 1510 3413 sententiae

342 3462 492 3546 stringam
514 3460 632 3528 domno
652 3460 798 3544 Ariboni,
820 3456 879 3527 tibi
901 3460 1105 3529 devotissimo
1127 3460 1201 3546 filio,
1225 3480 1280 3528 eur
1293 3512 1301 3527 .
1314 3510 1345 3528 ..
1368 3460 1510 3529 dileetio·

342 3576 388 3642 uis
410 3596 528 3644 munus
549 3576 727 3663 impendes,
851 3578 906 3661 qui
928 3583 1059 3663 propter
1080 3576 1237 3645 avariciae
1251 3576 1372 3645 luorum
1388 3578 1510 3645 nullum

341 3692 451 3780 palpat
471 3698 653 3781 peooatum,
675 3690 733 3759 sed
754 3710 813 3779 pro
836 3710 943 3759 amore
964 3692 1105 3759 iustitiae
1127 3712 1253 3780 semper
1276 3700 1383 3762 exorto
1405 3694 1510 3779 gredi·

340 3812 390 3875 tur
410 3828 573 3877 mumoue.
619 3808 733 3875 Valeat
753 3808 788 3875 iu
810 3807 937 3875 Christo
957 3808 1133 3895 paternitas
1156 3815 1220 3876 tua.

342 4020 402 4092 26.
423 4024 528 4091 An'ho
558 4024 813 4112 orciiope'aeopae
839 4024 1048 4109 Mopentinos
1078 4020 1303 4091 Godeoardum
1331 4028 1510 4112 episcopum

428 4138 712 4207 Himalonoaem
734 4142 779 4207 od
800 4141 956 4225 synodum
978 4138 1281 4225 Soliponetudensem
1302 4138 1441 4207 iovitot‘.

425 4271 552 4339 Domno
576 4272 773 4355 Godehardo,
797 4278 924 4339 amotae
938 4271 1178 4339 Hildesimensis
1199 4272 1348 4341 eeclesiae
1368 4272 1511 4361 pontifiei

341 4388 535 4473 uenerando,
557 4389 674 4472 Asiba,
702 4389 807 4473 gratia
826 4387 889 4455 Dei
911 4388 1061 4474 quioquid
1083 4394 1146 4473 est,
1175 4388 1316 4460 debitum
1338 4388 1417 4457 illud
1439 4410 1509 4455 ora·

341 4502 452 4589 tionis,
475 4504 559 4591 quod
580 4504 761 4571 humanitas
783 4504 884 4588 exigit
904 4504 1155 4571 ohristiauitatis.

412 4652 434 4685 ι
455 4640 528 4685 tutum
549 4638 584 4685 ed.
661 4637 684 4684 b.
704 4639 808 4685 nomm
828 4640 918 4699 scripsit
933 4638 1073 4686 diaconem
1090 4656 1133 4698 pro
1154 4640 1283 4685 nostrorum
1303 4639 1339 4685 sd.
1417 4650 1436 4684 t·
1457 4651 1509 4698 pro·

344 4718 395 4763 stau
409 4718 447 4764 ed.
508 4718 531 4764 d.
550 4736 580 4764 es
595 4718 674 4765 coita
690 4736 731 4764 ιιι.
747 4718 892 4765 solonem
907 4720 932 4766 S.
945 4720 1007 4763 Pars
1020 4720 1144 4773 Brlords'oe
1160 4718 1279 4779 διισίριίι
1294 4720 1445 4773 sedemus,
1461 4716 1509 4763 «δι’-

345 4795 378 4841 dis
391 4798 520 4844 nudet·
537 4800 643 4846 Concilio
658 4801 793 4846 oanan«
808 4800 847 4845 111
861 4798 899 4854 64,
914 4800 1001 4855 repetiit
1016 4799 1155 4846 nudum
1169 4800 1249 4847 Gurdo.
1263 4800 1302 4845 der
1318 4796 1437 4845 &mucias
1452 4800 1510 4844 Kai-

345 4880 422 4921 aerae&
436 4873 483 4935 (ed.
496 4876 570 4935 mtto)
586 4881 612 4925 11
626 4878 680 4925 6¹1⁶.

1564 4278 1633 4332 1026

1519 4352 1571 4397 unte
1579 4349 1676 4410 Septtl
