<?xml version="1.0" encoding="UTF-8"?>
<!DOCTYPE html PUBLIC "-//W3C//DTD XHTML 1.0 Transitional//EN"
    "http://www.w3.org/TR/xhtml1/DTD/xhtml1-transitional.dtd">
<html xmlns="http://www.w3.org/1999/xhtml" xml:lang="en" lang="en">
 <head>
  <title>
</title>
<meta http-equiv="Content-Type" content="text/html;charset=utf-8" />
  <meta name='ocr-system' content='tesseract 3.04.00' />
  <meta name='ocr-capabilities' content='ocr_page ocr_carea ocr_par ocr_line ocrx_word'/>
</head>
<body>
  <div class='ocr_page' id='page_1' title='image "./monumentamogunt00lulgoog/monumentamogunt00lulgoog_0232.png"; bbox 0 0 4342 6034; ppageno 0'>
   <div class='ocr_carea' id='block_1_1' title="bbox 635 772 1593 840">
    <p class='ocr_par' dir='ltr' id='par_1_1' title="bbox 635 772 1593 840">
     <span class='ocr_line' id='line_1_1' title="bbox 635 772 1593 840; baseline -0.003 0"><span class='ocrx_word' id='word_1_1' title='bbox 635 772 702 840; x_wconf 81' lang='lat'>214</span> <span class='ocrx_word' id='word_1_2' title='bbox 862 789 889 837; x_wconf 88' lang='lat' dir='ltr'>s.</span> <span class='ocrx_word' id='word_1_3' title='bbox 909 789 1085 837; x_wconf 72' lang='lat' dir='ltr'>nossalim</span> <span class='ocrx_word' id='word_1_4' title='bbox 1107 790 1151 837; x_wconf 78' lang='lat' dir='ltr'>aa</span> <span class='ocrx_word' id='word_1_5' title='bbox 1172 790 1276 837; x_wconf 77' lang='lat' dir='ltr'>annm</span> <span class='ocrx_word' id='word_1_6' title='bbox 1290 789 1478 839; x_wconf 80' lang='lat' dir='ltr'>nrrsronsn</span> <span class='ocrx_word' id='word_1_7' title='bbox 1500 790 1593 838; x_wconf 77' lang='lat' dir='ltr'>ss-se</span> 
     </span>
    </p>
   </div>
   <div class='ocr_carea' id='block_1_2' title="bbox 465 891 1924 1248">
    <p class='ocr_par' dir='ltr' id='par_1_2' title="bbox 465 891 1924 1248">
     <span class='ocr_line' id='line_1_2' title="bbox 465 891 1924 1020; baseline 0.007 -25"><span class='ocrx_word' id='word_1_8' title='bbox 465 955 490 995; x_wconf 77' lang='lat' dir='ltr'>c</span> <span class='ocrx_word' id='word_1_9' title='bbox 504 939 624 997; x_wconf 76' lang='lat' dir='ltr'>ssa-⁷51</span> <span class='ocrx_word' id='word_1_10' title='bbox 635 932 770 1001; x_wconf 80' lang='lat' dir='ltr'>observa</span> <span class='ocrx_word' id='word_1_11' title='bbox 778 927 796 999; x_wconf 91' lang='lat'>¹.</span> <span class='ocrx_word' id='word_1_12' title='bbox 871 930 1013 999; x_wconf 87' lang='lat' dir='ltr'>Petimus</span> <span class='ocrx_word' id='word_1_13' title='bbox 1037 950 1178 1016; x_wconf 73' lang='lat' dir='ltr'>quoquot</span> <span class='ocrx_word' id='word_1_14' title='bbox 1200 936 1247 1017; x_wconf 74' lang='lat' dir='ltr'>ut</span> <span class='ocrx_word' id='word_1_15' title='bbox 1270 932 1300 1000; x_wconf 91' lang='lat' dir='ltr'>si</span> <span class='ocrx_word' id='word_1_16' title='bbox 1313 942 1389 1020; x_wconf 88' lang='lat' dir='ltr'>per·</span> <span class='ocrx_word' id='word_1_17' title='bbox 1404 932 1540 1001; x_wconf 84' lang='lat' dir='ltr'>alterum</span> <span class='ocrx_word' id='word_1_18' title='bbox 1553 932 1702 1002; x_wconf 87' lang='lat' dir='ltr'>nuntium</span> <span class='ocrx_word' id='word_1_19' title='bbox 1716 934 1813 1004; x_wconf 86' lang='lat' dir='ltr'>verbs</span> <span class='ocrx_word' id='word_1_20' title='bbox 1923 891 1924 972; x_wconf 56' lang='lat' dir='ltr'>l</span> 
     </span>
     <span class='ocr_line' id='line_1_3' title="bbox 634 1048 1813 1136; baseline 0.003 -20"><span class='ocrx_word' id='word_1_21' title='bbox 634 1054 746 1116; x_wconf 77' lang='lat' dir='ltr'>nosue</span> <span class='ocrx_word' id='word_1_22' title='bbox 767 1048 809 1115; x_wconf 91' lang='lat' dir='ltr'>ad</span> <span class='ocrx_word' id='word_1_23' title='bbox 830 1048 1044 1136; x_wconf 85' lang='lat' dir='ltr'>praesentiam</span> <span class='ocrx_word' id='word_1_24' title='bbox 1066 1052 1157 1114; x_wconf 89' lang='lat' dir='ltr'>tuam</span> <span class='ocrx_word' id='word_1_25' title='bbox 1177 1048 1299 1135; x_wconf 89' lang='lat' dir='ltr'>scripta</span> <span class='ocrx_word' id='word_1_26' title='bbox 1319 1050 1534 1135; x_wconf 73' lang='lat' dir='ltr'>pervenerint,</span> <span class='ocrx_word' id='word_1_27' title='bbox 1557 1050 1703 1118; x_wconf 85' lang='lat' dir='ltr'>auditum</span> <span class='ocrx_word' id='word_1_28' title='bbox 1722 1056 1813 1119; x_wconf 86' lang='lat' dir='ltr'>tumn</span> 
     </span>
     <span class='ocr_line' id='line_1_4' title="bbox 636 1163 1811 1248; baseline 0.002 -16"><span class='ocrx_word' id='word_1_29' title='bbox 636 1164 878 1232; x_wconf 88' lang='lat' dir='ltr'>adcommodare</span> <span class='ocrx_word' id='word_1_30' title='bbox 901 1163 1042 1248; x_wconf 76' lang='lat' dir='ltr'>digneris</span> <span class='ocrx_word' id='word_1_31' title='bbox 1065 1167 1099 1231; x_wconf 87' lang='lat' dir='ltr'>et</span> <span class='ocrx_word' id='word_1_32' title='bbox 1120 1163 1255 1231; x_wconf 87' lang='lat' dir='ltr'>sollicite</span> <span class='ocrx_word' id='word_1_33' title='bbox 1269 1164 1380 1233; x_wconf 87' lang='lat' dir='ltr'>audire</span> <span class='ocrx_word' id='word_1_34' title='bbox 1394 1185 1496 1233; x_wconf 86' lang='lat' dir='ltr'>cares.</span> <span class='ocrx_word' id='word_1_35' title='bbox 1530 1165 1611 1234; x_wconf 85' lang='lat' dir='ltr'>Vale</span> <span class='ocrx_word' id='word_1_36' title='bbox 1624 1165 1660 1233; x_wconf 95' lang='lat' dir='ltr'>in</span> <span class='ocrx_word' id='word_1_37' title='bbox 1674 1166 1811 1236; x_wconf 85' lang='lat' dir='ltr'>Gbristo.</span> 
     </span>
    </p>
   </div>
   <div class='ocr_carea' id='block_1_3' title="bbox 638 1324 1813 1647">
    <p class='ocr_par' dir='ltr' id='par_1_3' title="bbox 638 1324 1813 1647">
     <span class='ocr_line' id='line_1_5' title="bbox 638 1324 1812 1412; baseline 0.003 -19"><span class='ocrx_word' id='word_1_38' title='bbox 638 1324 699 1395; x_wconf 84' lang='lat'>75.</span> <span class='ocrx_word' id='word_1_39' title='bbox 723 1326 837 1392; x_wconf 78' lang='lat' dir='ltr'>Lallae</span> <span class='ocrx_word' id='word_1_40' title='bbox 864 1327 1017 1392; x_wconf 79' lang='lat' dir='ltr'>diaeonus</span> <span class='ocrx_word' id='word_1_41' title='bbox 1038 1326 1247 1412; x_wconf 74' lang='lat' dir='ltr'>Eodbarqom</span> <span class='ocrx_word' id='word_1_42' title='bbox 1273 1327 1464 1394; x_wconf 70' lang='lat' dir='ltr'>abbutbeom</span> <span class='ocrx_word' id='word_1_43' title='bbox 1494 1326 1719 1396; x_wconf 72' lang='lat' dir='ltr'>Tbaoctauao</span> <span class='ocrx_word' id='word_1_44' title='bbox 1745 1353 1812 1397; x_wconf 87' lang='lat' dir='ltr'>mo·</span> 
     </span>
     <span class='ocr_line' id='line_1_6' title="bbox 722 1441 1813 1529; baseline 0.005 -21"><span class='ocrx_word' id='word_1_45' title='bbox 722 1456 792 1524; x_wconf 81' lang='lat' dir='ltr'>oet,</span> <span class='ocrx_word' id='word_1_46' title='bbox 821 1455 857 1509; x_wconf 85' lang='lat' dir='ltr'>at</span> <span class='ocrx_word' id='word_1_47' title='bbox 884 1446 990 1529; x_wconf 72' lang='lat' dir='ltr'>speum</span> <span class='ocrx_word' id='word_1_48' title='bbox 1012 1441 1083 1507; x_wconf 86' lang='lat' dir='ltr'>Deo</span> <span class='ocrx_word' id='word_1_49' title='bbox 1113 1444 1311 1509; x_wconf 70' lang='lat' dir='ltr'>commosset.</span> <span class='ocrx_word' id='word_1_50' title='bbox 1357 1445 1496 1510; x_wconf 80' lang='lat' dir='ltr'>Munera</span> <span class='ocrx_word' id='word_1_51' title='bbox 1523 1448 1627 1511; x_wconf 80' lang='lat' dir='ltr'>mittit</span> <span class='ocrx_word' id='word_1_52' title='bbox 1674 1446 1728 1512; x_wconf 81' lang='lat' dir='ltr'>Dc</span> <span class='ocrx_word' id='word_1_53' title='bbox 1756 1470 1813 1513; x_wconf 78' lang='lat' dir='ltr'>esso</span> 
     </span>
     <span class='ocr_line' id='line_1_7' title="bbox 724 1557 1813 1647; baseline 0.002 -22"><span class='ocrx_word' id='word_1_54' title='bbox 724 1581 801 1645; x_wconf 74' lang='lat' dir='ltr'>erpo</span> <span class='ocrx_word' id='word_1_55' title='bbox 822 1580 891 1625; x_wconf 82' lang='lat' dir='ltr'>soon</span> <span class='ocrx_word' id='word_1_56' title='bbox 913 1559 1028 1625; x_wconf 80' lang='lat' dir='ltr'>stadio.</span> <span class='ocrx_word' id='word_1_57' title='bbox 1074 1557 1213 1624; x_wconf 76' lang='lat' dir='ltr'>Litterae</span> <span class='ocrx_word' id='word_1_58' title='bbox 1234 1557 1366 1647; x_wconf 62' lang='lat' dir='ltr'>possiet</span> <span class='ocrx_word' id='word_1_59' title='bbox 1563 1558 1599 1642; x_wconf 83' lang='lat' dir='ltr'>(S</span> <span class='ocrx_word' id='word_1_60' title='bbox 1616 1562 1647 1645; x_wconf 76' lang='lat'>7,</span> <span class='ocrx_word' id='word_1_61' title='bbox 1670 1558 1741 1629; x_wconf 86' lang='lat' dir='ltr'>WG</span> <span class='ocrx_word' id='word_1_62' title='bbox 1759 1562 1813 1644; x_wconf 82' lang='lat'>16)</span> 
     </span>
    </p>
   </div>
   <div class='ocr_carea' id='block_1_4' title="bbox 465 1689 1814 1913">
    <p class='ocr_par' dir='ltr' id='par_1_4' title="bbox 465 1689 1814 1913">
     <span class='ocr_line' id='line_1_8' title="bbox 465 1689 1814 1779; baseline 0.001 -18"><span class='ocrx_word' id='word_1_63' title='bbox 465 1721 489 1761; x_wconf 85' lang='lat' dir='ltr'>o.</span> <span class='ocrx_word' id='word_1_64' title='bbox 501 1705 624 1763; x_wconf 70' lang='lat' dir='ltr'>sat-‘151</span> <span class='ocrx_word' id='word_1_65' title='bbox 724 1691 1008 1760; x_wconf 85' lang='lat' dir='ltr'>Reverentissimae</span> <span class='ocrx_word' id='word_1_66' title='bbox 1039 1696 1071 1757; x_wconf 90' lang='lat' dir='ltr'>et</span> <span class='ocrx_word' id='word_1_67' title='bbox 1093 1691 1127 1757; x_wconf 90' lang='lat' dir='ltr'>in</span> <span class='ocrx_word' id='word_1_68' title='bbox 1150 1689 1275 1759; x_wconf 84' lang='lat' dir='ltr'>Christo</span> <span class='ocrx_word' id='word_1_69' title='bbox 1298 1692 1481 1761; x_wconf 77' lang='lat' dir='ltr'>carissimae</span> <span class='ocrx_word' id='word_1_70' title='bbox 1501 1691 1693 1779; x_wconf 83' lang='lat' dir='ltr'>Eadbnrgae</span> <span class='ocrx_word' id='word_1_71' title='bbox 1716 1694 1814 1763; x_wconf 89' lang='lat' dir='ltr'>abba-</span> 
     </span>
     <span class='ocr_line' id='line_1_9' title="bbox 634 1804 1814 1913; baseline 0.003 -38"><span class='ocrx_word' id='word_1_72' title='bbox 634 1804 749 1876; x_wconf 85' lang='lat' dir='ltr'>tissae¹</span> <span class='ocrx_word' id='word_1_73' title='bbox 772 1804 835 1877; x_wconf 83' lang='lat' dir='ltr'><strong>.N.⁸</strong></span> <span class='ocrx_word' id='word_1_74' title='bbox 858 1807 1007 1893; x_wconf 76' lang='lat' dir='ltr'>indignus</span> <span class='ocrx_word' id='word_1_75' title='bbox 1037 1812 1070 1873; x_wconf 91' lang='lat' dir='ltr'>et</span> <span class='ocrx_word' id='word_1_76' title='bbox 1092 1806 1225 1891; x_wconf 74' lang='lat' dir='ltr'>exiguus</span> <span class='ocrx_word' id='word_1_77' title='bbox 1247 1808 1398 1877; x_wconf 89' lang='lat' dir='ltr'>diaconus</span> <span class='ocrx_word' id='word_1_78' title='bbox 1419 1829 1593 1897; x_wconf 88' lang='lat' dir='ltr'>perennem</span> <span class='ocrx_word' id='word_1_79' title='bbox 1614 1810 1650 1877; x_wconf 93' lang='lat' dir='ltr'>in</span> <span class='ocrx_word' id='word_1_80' title='bbox 1671 1808 1814 1913; x_wconf 76' lang='lat' dir='ltr'>Domino</span> 
     </span>
    </p>
   </div>
   <div class='ocr_carea' id='block_1_5' title="bbox 635 1923 1816 2102">
    <p class='ocr_par' dir='ltr' id='par_1_5' title="bbox 635 1923 1816 2102">
     <span class='ocr_line' id='line_1_10' title="bbox 635 1923 1816 2102; baseline 0.021 -40"><span class='ocrx_word' id='word_1_81' title='bbox 635 1923 886 2081; x_wconf 60' lang='lat' dir='ltr'>saluteAlmfnitatis</span> <span class='ocrx_word' id='word_1_82' title='bbox 908 2019 982 2080; x_wconf 87' lang='lat' dir='ltr'>tuae</span> <span class='ocrx_word' id='word_1_83' title='bbox 1004 2011 1206 2079; x_wconf 88' lang='lat' dir='ltr'>clementiam</span> <span class='ocrx_word' id='word_1_84' title='bbox 1227 2013 1349 2080; x_wconf 92' lang='lat' dir='ltr'>intimis</span> <span class='ocrx_word' id='word_1_85' title='bbox 1370 2013 1499 2083; x_wconf 91' lang='lat' dir='ltr'>obsecro</span> <span class='ocrx_word' id='word_1_86' title='bbox 1514 2014 1673 2102; x_wconf 89' lang='lat' dir='ltr'>precibus,</span> <span class='ocrx_word' id='word_1_87' title='bbox 1696 2022 1735 2085; x_wconf 89' lang='lat' dir='ltr'>ut</span> <span class='ocrx_word' id='word_1_88' title='bbox 1748 2020 1816 2087; x_wconf 92' lang='lat' dir='ltr'>mei</span> 
     </span>
    </p>
   </div>
   <div class='ocr_carea' id='block_1_6' title="bbox 630 2128 1928 3965">
    <p class='ocr_par' dir='ltr' id='par_1_6' title="bbox 630 2128 1928 3965">
     <span class='ocr_line' id='line_1_11' title="bbox 633 2128 1815 2218; baseline 0.004 -21"><span class='ocrx_word' id='word_1_89' title='bbox 633 2148 756 2199; x_wconf 91' lang='lat' dir='ltr'>memor</span> <span class='ocrx_word' id='word_1_90' title='bbox 779 2150 848 2199; x_wconf 88' lang='lat' dir='ltr'>esso</span> <span class='ocrx_word' id='word_1_91' title='bbox 871 2128 1010 2213; x_wconf 82' lang='lat' dir='ltr'>digneris</span> <span class='ocrx_word' id='word_1_92' title='bbox 1031 2128 1066 2195; x_wconf 92' lang='lat' dir='ltr'>in</span> <span class='ocrx_word' id='word_1_93' title='bbox 1081 2134 1208 2195; x_wconf 84' lang='lat' dir='ltr'>tuarum</span> <span class='ocrx_word' id='word_1_94' title='bbox 1223 2131 1432 2197; x_wconf 88' lang='lat' dir='ltr'>sacrosanctis</span> <span class='ocrx_word' id='word_1_95' title='bbox 1448 2132 1628 2199; x_wconf 87' lang='lat' dir='ltr'>orationum</span> <span class='ocrx_word' id='word_1_96' title='bbox 1642 2132 1815 2218; x_wconf 90' lang='lat' dir='ltr'>subsidiis;</span> 
     </span>
     <span class='ocr_line' id='line_1_12' title="bbox 633 2244 1816 2341; baseline 0.003 -27"><span class='ocrx_word' id='word_1_97' title='bbox 633 2248 716 2314; x_wconf 89' lang='lat' dir='ltr'>sicut</span> <span class='ocrx_word' id='word_1_98' title='bbox 737 2246 817 2341; x_wconf 90' lang='lat' dir='ltr'>mihi</span> <span class='ocrx_word' id='word_1_99' title='bbox 839 2266 897 2335; x_wconf 89' lang='lat' dir='ltr'>per</span> <span class='ocrx_word' id='word_1_100' title='bbox 918 2244 1102 2313; x_wconf 77' lang='lat' dir='ltr'>redeuntem</span> <span class='ocrx_word' id='word_1_101' title='bbox 1125 2246 1258 2312; x_wconf 83' lang='lat' dir='ltr'>fratrem</span> <span class='ocrx_word' id='word_1_102' title='bbox 1280 2251 1425 2313; x_wconf 90' lang='lat' dir='ltr'>nostrum</span> <span class='ocrx_word' id='word_1_103' title='bbox 1448 2246 1497 2313; x_wconf 90' lang='lat' dir='ltr'>.N.</span> <span class='ocrx_word' id='word_1_104' title='bbox 1521 2253 1578 2316; x_wconf 89' lang='lat' dir='ltr'>tua</span> <span class='ocrx_word' id='word_1_105' title='bbox 1599 2249 1739 2334; x_wconf 80' lang='lat' dir='ltr'>benigna</span> <span class='ocrx_word' id='word_1_106' title='bbox 1760 2270 1816 2318; x_wconf 87' lang='lat' dir='ltr'>ca·</span> 
     </span>
     <span class='ocr_line' id='line_1_13' title="bbox 633 2360 1817 2452; baseline 0.003 -21"><span class='ocrx_word' id='word_1_107' title='bbox 633 2363 712 2431; x_wconf 86' lang='lat' dir='ltr'>ritas</span> <span class='ocrx_word' id='word_1_108' title='bbox 735 2361 908 2430; x_wconf 77' lang='lat' dir='ltr'>concedens</span> <span class='ocrx_word' id='word_1_109' title='bbox 931 2361 1087 2449; x_wconf 86' lang='lat' dir='ltr'>promisit.</span> <span class='ocrx_word' id='word_1_110' title='bbox 1134 2360 1203 2428; x_wconf 91' lang='lat' dir='ltr'>Hoc</span> <span class='ocrx_word' id='word_1_111' title='bbox 1231 2361 1326 2429; x_wconf 84' lang='lat' dir='ltr'>etiam</span> <span class='ocrx_word' id='word_1_112' title='bbox 1355 2362 1474 2431; x_wconf 85' lang='lat' dir='ltr'>obnixe</span> <span class='ocrx_word' id='word_1_113' title='bbox 1501 2384 1594 2451; x_wconf 89' lang='lat' dir='ltr'>prece</span> <span class='ocrx_word' id='word_1_114' title='bbox 1621 2364 1749 2452; x_wconf 68' lang='lat' dir='ltr'>legib,</span> <span class='ocrx_word' id='word_1_115' title='bbox 1777 2375 1817 2435; x_wconf 91' lang='lat' dir='ltr'>ut</span> 
     </span>
     <span class='ocr_line' id='line_1_14' title="bbox 633 2477 1816 2571; baseline 0.006 -26"><span class='ocrx_word' id='word_1_116' title='bbox 633 2498 723 2547; x_wconf 87' lang='lat' dir='ltr'>meae</span> <span class='ocrx_word' id='word_1_117' title='bbox 744 2477 925 2563; x_wconf 80' lang='lat' dir='ltr'>fragilitatis</span> <span class='ocrx_word' id='word_1_118' title='bbox 948 2497 1077 2562; x_wconf 85' lang='lat' dir='ltr'>navem,</span> <span class='ocrx_word' id='word_1_119' title='bbox 1102 2497 1183 2563; x_wconf 90' lang='lat' dir='ltr'>qnae</span> <span class='ocrx_word' id='word_1_120' title='bbox 1205 2478 1321 2547; x_wconf 87' lang='lat' dir='ltr'>cotidie</span> <span class='ocrx_word' id='word_1_121' title='bbox 1343 2479 1500 2565; x_wconf 88' lang='lat' dir='ltr'>presentis</span> <span class='ocrx_word' id='word_1_122' title='bbox 1522 2481 1634 2548; x_wconf 91' lang='lat' dir='ltr'>mundi</span> <span class='ocrx_word' id='word_1_123' title='bbox 1654 2484 1816 2571; x_wconf 85' lang='lat' dir='ltr'>procella·</span> 
     </span>
     <span class='ocr_line' id='line_1_15' title="bbox 633 2594 1817 2683; baseline 0.005 -21"><span class='ocrx_word' id='word_1_124' title='bbox 633 2616 705 2662; x_wconf 92' lang='lat' dir='ltr'>rum</span> <span class='ocrx_word' id='word_1_125' title='bbox 727 2594 906 2663; x_wconf 88' lang='lat' dir='ltr'>turbinibus</span> <span class='ocrx_word' id='word_1_126' title='bbox 930 2594 1101 2679; x_wconf 81' lang='lat' dir='ltr'>quatitur⁰‚</span> <span class='ocrx_word' id='word_1_127' title='bbox 1124 2600 1198 2661; x_wconf 90' lang='lat' dir='ltr'>tuae</span> <span class='ocrx_word' id='word_1_128' title='bbox 1221 2594 1405 2663; x_wconf 79' lang='lat' dir='ltr'>stabilitatis</span> <span class='ocrx_word' id='word_1_129' title='bbox 1421 2594 1571 2681; x_wconf 76' lang='lat' dir='ltr'>suffragio</span> <span class='ocrx_word' id='word_1_130' title='bbox 1586 2596 1755 2683; x_wconf 78' lang='lat' dir='ltr'>fulciatur3</span> <span class='ocrx_word' id='word_1_131' title='bbox 1779 2606 1817 2669; x_wconf 88' lang='lat' dir='ltr'>nt</span> 
     </span>
     <span class='ocr_line' id='line_1_16' title="bbox 632 2709 1816 2797; baseline 0.005 -19"><span class='ocrx_word' id='word_1_132' title='bbox 632 2715 743 2779; x_wconf 90' lang='lat' dir='ltr'>eontra</span> <span class='ocrx_word' id='word_1_133' title='bbox 765 2710 887 2797; x_wconf 82' lang='lat' dir='ltr'>antiqui</span> <span class='ocrx_word' id='word_1_134' title='bbox 917 2709 1018 2777; x_wconf 91' lang='lat' dir='ltr'>bostis</span> <span class='ocrx_word' id='word_1_135' title='bbox 1047 2716 1205 2777; x_wconf 85' lang='lat' dir='ltr'>venenata</span> <span class='ocrx_word' id='word_1_136' title='bbox 1232 2710 1357 2797; x_wconf 88' lang='lat' dir='ltr'>spicula</span> <span class='ocrx_word' id='word_1_137' title='bbox 1384 2714 1562 2779; x_wconf 90' lang='lat' dir='ltr'>oraminum</span> <span class='ocrx_word' id='word_1_138' title='bbox 1591 2718 1717 2781; x_wconf 89' lang='lat' dir='ltr'>tuorum</span> <span class='ocrx_word' id='word_1_139' title='bbox 1749 2716 1816 2785; x_wconf 81' lang='lat' dir='ltr'>fre-</span> 
     </span>
     <span class='ocr_line' id='line_1_17' title="bbox 632 2824 1817 2915; baseline 0.008 -21"><span class='ocrx_word' id='word_1_140' title='bbox 632 2826 767 2915; x_wconf 67' lang='lat' dir='ltr'>quanted</span> <span class='ocrx_word' id='word_1_141' title='bbox 789 2826 948 2895; x_wconf 81' lang='lat' dir='ltr'>iuvamina</span> <span class='ocrx_word' id='word_1_142' title='bbox 971 2826 1107 2892; x_wconf 86' lang='lat' dir='ltr'>muniar.</span> <span class='ocrx_word' id='word_1_143' title='bbox 1198 2824 1302 2893; x_wconf 89' lang='lat' dir='ltr'>Parva</span> <span class='ocrx_word' id='word_1_144' title='bbox 1320 2828 1508 2895; x_wconf 90' lang='lat' dir='ltr'>munuscula</span> <span class='ocrx_word' id='word_1_145' title='bbox 1521 2834 1596 2897; x_wconf 89' lang='lat' dir='ltr'>tuae</span> <span class='ocrx_word' id='word_1_146' title='bbox 1612 2834 1817 2903; x_wconf 87' lang='lat' dir='ltr'>venerandae</span> 
     </span>
     <span class='ocr_line' id='line_1_18' title="bbox 631 2942 1815 3031; baseline 0.004 -20"><span class='ocrx_word' id='word_1_147' title='bbox 631 2942 793 3013; x_wconf 82' lang='lat' dir='ltr'>dilectioni</span> <span class='ocrx_word' id='word_1_148' title='bbox 815 2942 993 3029; x_wconf 84' lang='lat' dir='ltr'>transmisi,</span> <span class='ocrx_word' id='word_1_149' title='bbox 1024 2943 1058 3009; x_wconf 95' lang='lat' dir='ltr'>id</span> <span class='ocrx_word' id='word_1_150' title='bbox 1081 2948 1131 3010; x_wconf 90' lang='lat' dir='ltr'>est</span> <span class='ocrx_word' id='word_1_151' title='bbox 1152 2963 1250 3009; x_wconf 91' lang='lat' dir='ltr'>unum</span> <span class='ocrx_word' id='word_1_152' title='bbox 1273 2942 1459 3031; x_wconf 76' lang='lat' dir='ltr'>graphium·</span> <span class='ocrx_word' id='word_1_153' title='bbox 1483 2952 1667 3031; x_wconf 84' lang='lat' dir='ltr'>argenteum</span> <span class='ocrx_word' id='word_1_154' title='bbox 1690 2953 1724 3015; x_wconf 88' lang='lat' dir='ltr'>et</span> <span class='ocrx_word' id='word_1_155' title='bbox 1746 2955 1815 3017; x_wconf 88' lang='lat' dir='ltr'>sto-</span> 
     </span>
     <span class='ocr_line' id='line_1_19' title="bbox 630 3059 1815 3146; baseline 0.003 -17"><span class='ocrx_word' id='word_1_156' title='bbox 630 3062 714 3129; x_wconf 89' lang='lat' dir='ltr'>racis</span> <span class='ocrx_word' id='word_1_157' title='bbox 738 3067 770 3129; x_wconf 91' lang='lat' dir='ltr'>et</span> <span class='ocrx_word' id='word_1_158' title='bbox 793 3060 985 3129; x_wconf 85' lang='lat' dir='ltr'>cinnamomi</span> <span class='ocrx_word' id='word_1_159' title='bbox 1007 3064 1134 3146; x_wconf 84' lang='lat' dir='ltr'>partem</span> <span class='ocrx_word' id='word_1_160' title='bbox 1156 3059 1312 3145; x_wconf 90' lang='lat' dir='ltr'>aliquam;</span> <span class='ocrx_word' id='word_1_161' title='bbox 1342 3065 1497 3145; x_wconf 88' lang='lat' dir='ltr'>quatenns</span> <span class='ocrx_word' id='word_1_162' title='bbox 1526 3082 1566 3128; x_wconf 86' lang='lat' dir='ltr'>ex</span> <span class='ocrx_word' id='word_1_163' title='bbox 1594 3062 1644 3129; x_wconf 91' lang='lat' dir='ltr'>his</span> <span class='ocrx_word' id='word_1_164' title='bbox 1666 3064 1815 3133; x_wconf 90' lang='lat' dir='ltr'>minimis</span> 
     </span>
     <span class='ocr_line' id='line_1_20' title="bbox 631 3176 1928 3263; baseline 0.005 -17"><span class='ocrx_word' id='word_1_165' title='bbox 631 3197 817 3263; x_wconf 78' lang='lat' dir='ltr'>cognoscas,</span> <span class='ocrx_word' id='word_1_166' title='bbox 854 3176 951 3244; x_wconf 87' lang='lat' dir='ltr'>allata</span> <span class='ocrx_word' id='word_1_167' title='bbox 986 3196 1120 3243; x_wconf 88' lang='lat' dir='ltr'>munera</span> <span class='ocrx_word' id='word_1_168' title='bbox 1150 3184 1225 3243; x_wconf 87' lang='lat' dir='ltr'>tuoe</span> <span class='ocrx_word' id='word_1_169' title='bbox 1257 3176 1458 3244; x_wconf 88' lang='lat' dir='ltr'>salutationis</span> <span class='ocrx_word' id='word_1_170' title='bbox 1486 3198 1580 3263; x_wconf 90' lang='lat' dir='ltr'>quam</span> <span class='ocrx_word' id='word_1_171' title='bbox 1609 3184 1702 3263; x_wconf 82' lang='lat' dir='ltr'>grata</span> <span class='ocrx_word' id='word_1_172' title='bbox 1730 3182 1815 3249; x_wconf 91' lang='lat' dir='ltr'>mihi</span> <span class='ocrx_word' id='word_1_173' title='bbox 1922 3239 1928 3252; x_wconf 91' lang='lat'><strong>.</strong></span> 
     </span>
     <span class='ocr_line' id='line_1_21' title="bbox 631 3292 1816 3381; baseline 0.003 -19"><span class='ocrx_word' id='word_1_174' title='bbox 631 3299 715 3362; x_wconf 91' lang='lat' dir='ltr'>sunt.</span> <span class='ocrx_word' id='word_1_175' title='bbox 796 3292 841 3361; x_wconf 87' lang='lat' dir='ltr'>Et</span> <span class='ocrx_word' id='word_1_176' title='bbox 863 3294 891 3360; x_wconf 94' lang='lat' dir='ltr'>si</span> <span class='ocrx_word' id='word_1_177' title='bbox 915 3292 989 3379; x_wconf 92' lang='lat' dir='ltr'>quid</span> <span class='ocrx_word' id='word_1_178' title='bbox 1006 3292 1085 3357; x_wconf 93' lang='lat' dir='ltr'>mihi</span> <span class='ocrx_word' id='word_1_179' title='bbox 1100 3312 1159 3379; x_wconf 86' lang='lat' dir='ltr'>per</span> <span class='ocrx_word' id='word_1_180' title='bbox 1174 3292 1318 3376; x_wconf 81' lang='lat' dir='ltr'>gerulum</span> <span class='ocrx_word' id='word_1_181' title='bbox 1333 3292 1447 3360; x_wconf 92' lang='lat' dir='ltr'>horum</span> <span class='ocrx_word' id='word_1_182' title='bbox 1462 3294 1599 3381; x_wconf 85' lang='lat' dir='ltr'>apicum,</span> <span class='ocrx_word' id='word_1_183' title='bbox 1622 3296 1677 3381; x_wconf 91' lang='lat' dir='ltr'>qui</span> <span class='ocrx_word' id='word_1_184' title='bbox 1692 3294 1816 3365; x_wconf 87' lang='lat' dir='ltr'>dicitur</span> 
     </span>
     <span class='ocr_line' id='line_1_22' title="bbox 631 3406 1816 3497; baseline 0.004 -19"><span class='ocrx_word' id='word_1_185' title='bbox 631 3409 752 3495; x_wconf 81' lang='lat' dir='ltr'>Geola&#39;,</span> <span class='ocrx_word' id='word_1_186' title='bbox 779 3410 830 3476; x_wconf 86' lang='lat' dir='ltr'>vel</span> <span class='ocrx_word' id='word_1_187' title='bbox 852 3430 910 3497; x_wconf 86' lang='lat' dir='ltr'>per</span> <span class='ocrx_word' id='word_1_188' title='bbox 934 3408 1030 3475; x_wconf 88' lang='lat' dir='ltr'>alium</span> <span class='ocrx_word' id='word_1_189' title='bbox 1055 3406 1229 3493; x_wconf 88' lang='lat' dir='ltr'>quemlibet</span> <span class='ocrx_word' id='word_1_190' title='bbox 1251 3409 1410 3497; x_wconf 89' lang='lat' dir='ltr'>imperare</span> <span class='ocrx_word' id='word_1_191' title='bbox 1432 3408 1584 3497; x_wconf 82' lang='lat' dir='ltr'>volueris,</span> <span class='ocrx_word' id='word_1_192' title='bbox 1607 3412 1670 3479; x_wconf 92' lang='lat' dir='ltr'>scit</span> <span class='ocrx_word' id='word_1_193' title='bbox 1690 3414 1816 3483; x_wconf 86' lang='lat' dir='ltr'>caritas</span> 
     </span>
     <span class='ocr_line' id='line_1_23' title="bbox 630 3522 1815 3614; baseline 0.002 -19"><span class='ocrx_word' id='word_1_194' title='bbox 630 3525 696 3611; x_wconf 88' lang='lat' dir='ltr'>illa,</span> <span class='ocrx_word' id='word_1_195' title='bbox 721 3546 802 3611; x_wconf 88' lang='lat' dir='ltr'>quae</span> <span class='ocrx_word' id='word_1_196' title='bbox 824 3525 907 3593; x_wconf 86' lang='lat' dir='ltr'>inter</span> <span class='ocrx_word' id='word_1_197' title='bbox 929 3544 987 3591; x_wconf 92' lang='lat' dir='ltr'>nos</span> <span class='ocrx_word' id='word_1_198' title='bbox 1010 3528 1059 3591; x_wconf 86' lang='lat' dir='ltr'>est</span> <span class='ocrx_word' id='word_1_199' title='bbox 1081 3522 1230 3610; x_wconf 88' lang='lat' dir='ltr'>copulata</span> <span class='ocrx_word' id='word_1_200' title='bbox 1251 3524 1390 3611; x_wconf 90' lang='lat' dir='ltr'>spiritali</span> <span class='ocrx_word' id='word_1_201' title='bbox 1411 3528 1631 3614; x_wconf 82' lang='lat' dir='ltr'>germanitate,</span> <span class='ocrx_word' id='word_1_202' title='bbox 1653 3528 1687 3595; x_wconf 91' lang='lat' dir='ltr'>id</span> <span class='ocrx_word' id='word_1_203' title='bbox 1702 3550 1815 3599; x_wconf 89' lang='lat' dir='ltr'>meam</span> 
     </span>
     <span class='ocr_line' id='line_1_24' title="bbox 630 3638 1815 3731; baseline 0.003 -21"><span class='ocrx_word' id='word_1_204' title='bbox 630 3642 822 3731; x_wconf 87' lang='lat' dir='ltr'>parvitatem</span> <span class='ocrx_word' id='word_1_205' title='bbox 844 3640 920 3709; x_wconf 90' lang='lat' dir='ltr'>totis</span> <span class='ocrx_word' id='word_1_206' title='bbox 943 3639 1065 3707; x_wconf 90' lang='lat' dir='ltr'>nisibus</span> <span class='ocrx_word' id='word_1_207' title='bbox 1092 3638 1226 3726; x_wconf 93' lang='lat' dir='ltr'>implere</span> <span class='ocrx_word' id='word_1_208' title='bbox 1253 3640 1344 3709; x_wconf 88' lang='lat' dir='ltr'>velle.</span> <span class='ocrx_word' id='word_1_209' title='bbox 1390 3640 1515 3710; x_wconf 84' lang='lat' dir='ltr'>Interea</span> <span class='ocrx_word' id='word_1_210' title='bbox 1542 3664 1635 3729; x_wconf 80' lang='lat' dir='ltr'>rogo,</span> <span class='ocrx_word' id='word_1_211' title='bbox 1663 3651 1701 3713; x_wconf 91' lang='lat' dir='ltr'>ut</span> <span class='ocrx_word' id='word_1_212' title='bbox 1730 3648 1815 3714; x_wconf 91' lang='lat' dir='ltr'>mihi</span> 
     </span>
     <span class='ocr_line' id='line_1_25' title="bbox 630 3754 1815 3845; baseline 0.003 -18"><span class='ocrx_word' id='word_1_213' title='bbox 630 3758 754 3827; x_wconf 92' lang='lat' dir='ltr'>litteras</span> <span class='ocrx_word' id='word_1_214' title='bbox 782 3764 856 3826; x_wconf 87' lang='lat' dir='ltr'>tuae</span> <span class='ocrx_word' id='word_1_215' title='bbox 884 3754 1077 3823; x_wconf 79' lang='lat' dir='ltr'>dulcedinis⁸</span> <span class='ocrx_word' id='word_1_216' title='bbox 1106 3755 1283 3825; x_wconf 54' lang='lat' dir='ltr'>destruet</span> <span class='ocrx_word' id='word_1_217' title='bbox 1305 3777 1369 3825; x_wconf 91' lang='lat' dir='ltr'>non</span> <span class='ocrx_word' id='word_1_218' title='bbox 1396 3758 1542 3845; x_wconf 79' lang='lat' dir='ltr'>deneges.</span> <span class='ocrx_word' id='word_1_219' title='bbox 1587 3758 1674 3827; x_wconf 91' lang='lat' dir='ltr'>Bene</span> <span class='ocrx_word' id='word_1_220' title='bbox 1701 3762 1815 3831; x_wconf 84' lang='lat' dir='ltr'>valere</span> 
     </span>
     <span class='ocr_line' id='line_1_26' title="bbox 633 3872 1812 3965; baseline 0.002 -22"><span class='ocrx_word' id='word_1_221' title='bbox 633 3880 666 3943; x_wconf 86' lang='lat' dir='ltr'>te</span> <span class='ocrx_word' id='word_1_222' title='bbox 688 3874 843 3959; x_wconf 88' lang='lat' dir='ltr'>desidero,</span> <span class='ocrx_word' id='word_1_223' title='bbox 866 3876 899 3941; x_wconf 90' lang='lat' dir='ltr'>et</span> <span class='ocrx_word' id='word_1_224' title='bbox 922 3872 1040 3939; x_wconf 88' lang='lat' dir='ltr'>sanctis</span> <span class='ocrx_word' id='word_1_225' title='bbox 1063 3872 1260 3941; x_wconf 88' lang='lat' dir='ltr'>successibus</span> <span class='ocrx_word' id='word_1_226' title='bbox 1283 3873 1436 3963; x_wconf 87' lang='lat' dir='ltr'>proficere</span> <span class='ocrx_word' id='word_1_227' title='bbox 1456 3876 1490 3943; x_wconf 93' lang='lat' dir='ltr'>in</span> <span class='ocrx_word' id='word_1_228' title='bbox 1506 3874 1632 3943; x_wconf 80' lang='lat' dir='ltr'>Christo</span> <span class='ocrx_word' id='word_1_229' title='bbox 1646 3880 1812 3965; x_wconf 89' lang='lat' dir='ltr'>optamus.</span> 
     </span>
    </p>
   </div>
   <div class='ocr_carea' id='block_1_7' title="bbox 636 4051 1813 4258">
    <p class='ocr_par' dir='ltr' id='par_1_7' title="bbox 636 4051 1813 4258">
     <span class='ocr_line' id='line_1_27' title="bbox 636 4051 1813 4142; baseline 0.001 -21"><span class='ocrx_word' id='word_1_230' title='bbox 636 4051 697 4123; x_wconf 89' lang='grc'>76.</span> <span class='ocrx_word' id='word_1_231' title='bbox 721 4054 787 4121; x_wconf 80' lang='lat' dir='ltr'>Lul</span> <span class='ocrx_word' id='word_1_232' title='bbox 807 4053 1011 4121; x_wconf 80' lang='lat' dir='ltr'>Dealeoimon</span> <span class='ocrx_word' id='word_1_233' title='bbox 1032 4056 1220 4141; x_wconf 71' lang='lat' dir='ltr'>mapobtnsm</span> <span class='ocrx_word' id='word_1_234' title='bbox 1241 4066 1348 4140; x_wconf 74' lang='lat' dir='ltr'>repat,</span> <span class='ocrx_word' id='word_1_235' title='bbox 1372 4066 1408 4120; x_wconf 80' lang='lat' dir='ltr'>at</span> <span class='ocrx_word' id='word_1_236' title='bbox 1427 4076 1489 4142; x_wconf 83' lang='lat' dir='ltr'>pro</span> <span class='ocrx_word' id='word_1_237' title='bbox 1511 4076 1544 4120; x_wconf 83' lang='lat' dir='ltr'>sa</span> <span class='ocrx_word' id='word_1_238' title='bbox 1564 4074 1671 4142; x_wconf 78' lang='lat' dir='ltr'>preces</span> <span class='ocrx_word' id='word_1_239' title='bbox 1684 4055 1813 4142; x_wconf 80' lang='lat' dir='ltr'>faeiat,</span> 
     </span>
     <span class='ocr_line' id='line_1_28' title="bbox 724 4168 1813 4258; baseline 0.004 -22"><span class='ocrx_word' id='word_1_240' title='bbox 724 4169 948 4258; x_wconf 80' lang='lat' dir='ltr'>Aldbelmiqco</span> <span class='ocrx_word' id='word_1_241' title='bbox 970 4171 1124 4257; x_wconf 73' lang='lat' dir='ltr'>opaeasla</span> <span class='ocrx_word' id='word_1_242' title='bbox 1144 4170 1209 4236; x_wconf 60' lang='lat' dir='ltr'>aba·</span> <span class='ocrx_word' id='word_1_243' title='bbox 1227 4169 1354 4237; x_wconf 60' lang='lat' dir='ltr'>namt</span> <span class='ocrx_word' id='word_1_244' title='bbox 1443 4168 1480 4251; x_wconf 88' lang='lat' dir='ltr'>(S</span> <span class='ocrx_word' id='word_1_245' title='bbox 1493 4170 1527 4254; x_wconf 83' lang='lat'>4,</span> <span class='ocrx_word' id='word_1_246' title='bbox 1549 4168 1590 4237; x_wconf 86' lang='lat' dir='ltr'>W</span> <span class='ocrx_word' id='word_1_247' title='bbox 1607 4172 1681 4257; x_wconf 92' lang='lat'>101,</span> <span class='ocrx_word' id='word_1_248' title='bbox 1704 4170 1813 4255; x_wconf 83' lang='lat' dir='ltr'><strong>G90)</strong></span> 
     </span>
    </p>
   </div>
   <div class='ocr_carea' id='block_1_8' title="bbox 463 4301 1813 4390">
    <p class='ocr_par' dir='ltr' id='par_1_8' title="bbox 463 4301 1813 4390">
     <span class='ocr_line' id='line_1_29' title="bbox 463 4301 1813 4390; baseline 0.004 -20"><span class='ocrx_word' id='word_1_249' title='bbox 463 4330 489 4370; x_wconf 79' lang='lat' dir='ltr'>a</span> <span class='ocrx_word' id='word_1_250' title='bbox 500 4314 621 4371; x_wconf 74' lang='lat' dir='ltr'>saa-751</span> <span class='ocrx_word' id='word_1_251' title='bbox 720 4301 985 4371; x_wconf 80' lang='lat' dir='ltr'>Reverentissimo</span> <span class='ocrx_word' id='word_1_252' title='bbox 1006 4303 1100 4370; x_wconf 79' lang='lat' dir='ltr'>fratri</span> <span class='ocrx_word' id='word_1_253' title='bbox 1113 4302 1306 4388; x_wconf 73' lang='lat' dir='ltr'>Dealwino¹‚</span> <span class='ocrx_word' id='word_1_254' title='bbox 1328 4304 1393 4371; x_wconf 87' lang='lat' dir='ltr'>iam</span> <span class='ocrx_word' id='word_1_255' title='bbox 1410 4303 1530 4371; x_wconf 89' lang='lat' dir='ltr'>dudum</span> <span class='ocrx_word' id='word_1_256' title='bbox 1544 4304 1709 4390; x_wconf 79' lang='lat' dir='ltr'>magistro,</span> <span class='ocrx_word' id='word_1_257' title='bbox 1732 4305 1813 4375; x_wconf 85' lang='lat' dir='ltr'>Lul¹</span> 
     </span>
    </p>
   </div>
   <div class='ocr_carea' id='block_1_9' title="bbox 630 4435 1813 4819">
    <p class='ocr_par' dir='ltr' id='par_1_9' title="bbox 630 4435 1813 4819">
     <span class='ocr_line' id='line_1_30' title="bbox 704 4435 1813 4499; baseline 0.003 -14"><span class='ocrx_word' id='word_1_258' title='bbox 704 4450 726 4485; x_wconf 74' lang='lat' dir='ltr'>a.</span> <span class='ocrx_word' id='word_1_259' title='bbox 746 4450 789 4499; x_wconf 79' lang='lat' dir='ltr'>per</span> <span class='ocrx_word' id='word_1_260' title='bbox 804 4454 847 4485; x_wconf 79' lang='lat' dir='ltr'>ors.</span> <span class='ocrx_word' id='word_1_261' title='bbox 863 4440 921 4493; x_wconf 73' lang='lat' dir='ltr'>MV,</span> <span class='ocrx_word' id='word_1_262' title='bbox 942 4440 1115 4497; x_wconf 72' lang='lat' dir='ltr'>superscriptam</span> <span class='ocrx_word' id='word_1_263' title='bbox 1135 4445 1169 4483; x_wconf 78' lang='lat' dir='ltr'>est</span> <span class='ocrx_word' id='word_1_264' title='bbox 1189 4440 1213 4483; x_wconf 76' lang='lat' dir='ltr'>ia</span> <span class='ocrx_word' id='word_1_265' title='bbox 1229 4438 1256 4485; x_wconf 83' lang='lat' dir='ltr'>C.</span> <span class='ocrx_word' id='word_1_266' title='bbox 1364 4435 1387 4483; x_wconf 85' lang='lat' dir='ltr'>b.</span> <span class='ocrx_word' id='word_1_267' title='bbox 1409 4453 1438 4483; x_wconf 68' lang='lat' dir='ltr'>aa</span> <span class='ocrx_word' id='word_1_268' title='bbox 1454 4438 1647 4496; x_wconf 73' lang='lat' dir='ltr'>close-106,</span> <span class='ocrx_word' id='word_1_269' title='bbox 1671 4440 1695 4486; x_wconf 78' lang='lat' dir='ltr'><em>V</em></span> <span class='ocrx_word' id='word_1_270' title='bbox 1707 4440 1813 4490; x_wconf 71' lang='lat' dir='ltr'>o-bs.</span> 
     </span>
     <span class='ocr_line' id='line_1_31' title="bbox 632 4514 1813 4579; baseline -0.006 -14"><span class='ocrx_word' id='word_1_271' title='bbox 632 4518 764 4565; x_wconf 65' lang='lat' dir='ltr'>mosa.-</span> <span class='ocrx_word' id='word_1_272' title='bbox 778 4516 883 4579; x_wconf 78' lang='lat' dir='ltr'>Epistola</span> <span class='ocrx_word' id='word_1_273' title='bbox 896 4516 939 4565; x_wconf 81' lang='lat' dir='ltr'>lud</span> <span class='ocrx_word' id='word_1_274' title='bbox 955 4516 984 4563; x_wconf 81' lang='lat' dir='ltr'>sd</span> <span class='ocrx_word' id='word_1_275' title='bbox 999 4516 1142 4575; x_wconf 69' lang='lat' dir='ltr'>liudbirgam</span> <span class='ocrx_word' id='word_1_276' title='bbox 1152 4518 1184 4572; x_wconf 72' lang='grc'>0,·</span> <span class='ocrx_word' id='word_1_277' title='bbox 1200 4515 1257 4563; x_wconf 81' lang='lat' dir='ltr'>lton</span> <span class='ocrx_word' id='word_1_278' title='bbox 1272 4514 1409 4577; x_wconf 66' lang='lat' dir='ltr'>epistolar.</span> <span class='ocrx_word' id='word_1_279' title='bbox 1470 4530 1490 4564; x_wconf 87' lang='lat' dir='ltr'>c.</span> <span class='ocrx_word' id='word_1_280' title='bbox 1506 4519 1659 4578; x_wconf 64' lang='lat' dir='ltr'>queam</span> <span class='ocrx_word' id='word_1_281' title='bbox 1722 4521 1748 4568; x_wconf 62' lang='lat' dir='ltr'>a„</span> <span class='ocrx_word' id='word_1_282' title='bbox 1764 4522 1813 4569; x_wconf 67' lang='lat' dir='ltr'>fr..</span> 
     </span>
     <span class='ocr_line' id='line_1_32' title="bbox 631 4594 1812 4657; baseline 0.005 -13"><span class='ocrx_word' id='word_1_283' title='bbox 631 4596 710 4657; x_wconf 83' lang='lat' dir='ltr'>qnenti</span> <span class='ocrx_word' id='word_1_284' title='bbox 727 4599 753 4645; x_wconf 85' lang='lat' dir='ltr'>c.</span> <span class='ocrx_word' id='word_1_285' title='bbox 823 4612 843 4645; x_wconf 85' lang='lat' dir='ltr'>e.</span> <span class='ocrx_word' id='word_1_286' title='bbox 864 4597 959 4657; x_wconf 63' lang='lat' dir='ltr'>madum</span> <span class='ocrx_word' id='word_1_287' title='bbox 976 4598 1002 4645; x_wconf 84' lang='grc' dir='ltr'>ι’.</span> <span class='ocrx_word' id='word_1_288' title='bbox 1071 4595 1087 4642; x_wconf 89' lang='lat' dir='ltr'>l.</span> <span class='ocrx_word' id='word_1_289' title='bbox 1110 4594 1178 4642; x_wconf 71' lang='lat' dir='ltr'>Geel·</span> <span class='ocrx_word' id='word_1_290' title='bbox 1196 4597 1224 4652; x_wconf 78' lang='lat'>7,</span> <span class='ocrx_word' id='word_1_291' title='bbox 1240 4595 1310 4643; x_wconf 74' lang='lat' dir='ltr'>doale</span> <span class='ocrx_word' id='word_1_292' title='bbox 1325 4599 1352 4643; x_wconf 81' lang='lat' dir='ltr'>c.</span> <span class='ocrx_word' id='word_1_293' title='bbox 1420 4609 1442 4655; x_wconf 67' lang='lat' dir='ltr'>a.</span> <span class='ocrx_word' id='word_1_294' title='bbox 1462 4596 1587 4645; x_wconf 79' lang='lat' dir='ltr'>dulcmldis</span> <span class='ocrx_word' id='word_1_295' title='bbox 1603 4600 1632 4647; x_wconf 78' lang='lat' dir='ltr'>V.</span> <span class='ocrx_word' id='word_1_296' title='bbox 1693 4599 1719 4648; x_wconf 86' lang='lat' dir='ltr'>b.</span> <span class='ocrx_word' id='word_1_297' title='bbox 1741 4602 1812 4651; x_wconf 81' lang='lat' dir='ltr'>disti-</span> 
     </span>
     <span class='ocr_line' id='line_1_33' title="bbox 630 4668 1812 4739; baseline 0.006 -16"><span class='ocrx_word' id='word_1_298' title='bbox 630 4688 685 4723; x_wconf 76' lang='lat' dir='ltr'>ms</span> <span class='ocrx_word' id='word_1_299' title='bbox 703 4676 731 4725; x_wconf 76' lang='grc' dir='ltr'>ν.</span> <span class='ocrx_word' id='word_1_300' title='bbox 793 4678 809 4724; x_wconf 80' lang='lat' dir='ltr'>r.</span> <span class='ocrx_word' id='word_1_301' title='bbox 829 4694 859 4724; x_wconf 65' lang='lat' dir='ltr'>a</span> <span class='ocrx_word' id='word_1_302' title='bbox 876 4676 1061 4730; x_wconf 71' lang='lat' dir='ltr'>asos-ioco,</span> <span class='ocrx_word' id='word_1_303' title='bbox 1080 4674 1137 4723; x_wconf 76' lang='lat' dir='ltr'>rs</span> <span class='ocrx_word' id='word_1_304' title='bbox 1161 4678 1293 4723; x_wconf 66' lang='lat' dir='ltr'>msa.-</span> <span class='ocrx_word' id='word_1_305' title='bbox 1308 4676 1411 4737; x_wconf 73' lang='lat' dir='ltr'>apaan</span> <span class='ocrx_word' id='word_1_306' title='bbox 1425 4676 1469 4725; x_wconf 81' lang='lat' dir='ltr'>su</span> <span class='ocrx_word' id='word_1_307' title='bbox 1484 4668 1686 4727; x_wconf 60' lang='lat' dir='ltr'>massonum</span> <span class='ocrx_word' id='word_1_308' title='bbox 1700 4683 1736 4739; x_wconf 86' lang='lat' dir='ltr'>c,-</span> <span class='ocrx_word' id='word_1_309' title='bbox 1751 4683 1812 4731; x_wconf 73' lang='lat' dir='ltr'>sun</span> 
     </span>
     <span class='ocr_line' id='line_1_34' title="bbox 631 4754 1585 4819; baseline 0.003 -16"><span class='ocrx_word' id='word_1_310' title='bbox 631 4756 729 4816; x_wconf 59' lang='lat' dir='ltr'>motolo</span> <span class='ocrx_word' id='word_1_311' title='bbox 743 4754 786 4804; x_wconf 80' lang='lat' dir='ltr'>Lol</span> <span class='ocrx_word' id='word_1_312' title='bbox 804 4756 831 4805; x_wconf 76' lang='lat' dir='ltr'>V.</span> <span class='ocrx_word' id='word_1_313' title='bbox 908 4754 931 4803; x_wconf 81' lang='lat' dir='ltr'>k.</span> <span class='ocrx_word' id='word_1_314' title='bbox 952 4754 1084 4803; x_wconf 74' lang='lat' dir='ltr'>Dulbwlno</span> <span class='ocrx_word' id='word_1_315' title='bbox 1102 4758 1128 4804; x_wconf 83' lang='lat' dir='ltr'>C.</span> <span class='ocrx_word' id='word_1_316' title='bbox 1205 4755 1223 4803; x_wconf 87' lang='lat' dir='ltr'>l.</span> <span class='ocrx_word' id='word_1_317' title='bbox 1243 4774 1264 4803; x_wconf 81' lang='lat' dir='ltr'>o.</span> <span class='ocrx_word' id='word_1_318' title='bbox 1279 4772 1350 4819; x_wconf 73' lang='lat' dir='ltr'>snpra</span> <span class='ocrx_word' id='word_1_319' title='bbox 1363 4774 1389 4818; x_wconf 85' lang='lat' dir='ltr'>p.</span> <span class='ocrx_word' id='word_1_320' title='bbox 1400 4760 1431 4805; x_wconf 76' lang='lat'>12</span> <span class='ocrx_word' id='word_1_321' title='bbox 1445 4767 1468 4805; x_wconf 79' lang='lat' dir='ltr'>et</span> <span class='ocrx_word' id='word_1_322' title='bbox 1484 4760 1513 4806; x_wconf 80' lang='lat' dir='ltr'>ts</span> <span class='ocrx_word' id='word_1_323' title='bbox 1528 4776 1552 4806; x_wconf 78' lang='grc' dir='ltr'>ι.</span> <span class='ocrx_word' id='word_1_324' title='bbox 1562 4760 1585 4806; x_wconf 69' lang='lat'>2.</span> 
     </span>
    </p>
   </div>
   <div class='ocr_carea' id='block_1_10' title="bbox 631 4849 1812 4995">
    <p class='ocr_par' dir='ltr' id='par_1_10' title="bbox 631 4849 1812 4995">
     <span class='ocr_line' id='line_1_35' title="bbox 699 4849 1812 4993; baseline 0.008 -88"><span class='ocrx_word' id='word_1_325' title='bbox 699 4852 729 4993; x_wconf 49' lang='grc' dir='ltr'>ι1).</span> <span class='ocrx_word' id='word_1_326' title='bbox 753 4850 844 4907; x_wconf 76' lang='lat' dir='ltr'>Ecole.</span> <span class='ocrx_word' id='word_1_327' title='bbox 858 4850 900 4921; x_wconf 72' lang='lat'>12,</span> <span class='ocrx_word' id='word_1_328' title='bbox 914 4850 957 4906; x_wconf 81' lang='lat'>13.</span> <span class='ocrx_word' id='word_1_329' title='bbox 1051 4851 1076 4905; x_wconf 68' lang='grc' dir='ltr'>Ε).</span> <span class='ocrx_word' id='word_1_330' title='bbox 1100 4849 1277 4909; x_wconf 77' lang='lat' dir='ltr'>Theneteust</span> <span class='ocrx_word' id='word_1_331' title='bbox 1365 4854 1392 4909; x_wconf 83' lang='grc'>3.</span> <span class='ocrx_word' id='word_1_332' title='bbox 1416 4854 1521 4927; x_wconf 81' lang='lat' dir='ltr'>Ludus,</span> <span class='ocrx_word' id='word_1_333' title='bbox 1538 4870 1566 4911; x_wconf 83' lang='lat' dir='ltr'>v.</span> <span class='ocrx_word' id='word_1_334' title='bbox 1584 4853 1666 4911; x_wconf 88' lang='lat' dir='ltr'>buius</span> <span class='ocrx_word' id='word_1_335' title='bbox 1685 4856 1812 4927; x_wconf 71' lang='lat' dir='ltr'>paginae</span> 
     </span>
     <span class='ocr_line' id='line_1_36' title="bbox 631 4942 727 4995; baseline -0.01 -1"><span class='ocrx_word' id='word_1_336' title='bbox 631 4942 727 4995; x_wconf 80' lang='lat' dir='ltr'>not.</span> 
     </span>
    </p>
   </div>
   <div class='ocr_carea' id='block_1_11' title="bbox 0 0 2176 6034">
    <p class='ocr_par' dir='ltr' id='par_1_11' title="bbox 0 0 2176 6034">
     <span class='ocr_line' id='line_1_37' title="bbox 0 0 2176 6034; baseline 0 1"><span class='ocrx_word' id='word_1_337' title='bbox 0 0 2176 6034; x_wconf 95' lang='lat' dir='ltr'> </span> 
     </span>
    </p>
   </div>
  </div>
 </body>
</html>
