4342 6034
668 750 695 799 6.
712 728 889 801 sostenen
910 754 954 801 en
976 754 1079 803 annm
1100 754 1287 805 sessnonaa
1518 742 1559 805 13

389 891 537 979 Nemeac
558 894 636 959 lotoe
656 907 749 961 aotcc
770 898 816 961 ea'c
839 896 985 983 leocadae
1007 909 1096 963 caat.-

456 1032 486 1073 α.
510 1008 779 1076 aeiseoac
796 1058 804 1077 .
824 1010 1019 1078 emam.
1038 997 1496 1083 BONJFATJEPISOE

605 1125 848 1193 anniano
866 1174 874 1192 .
893 1126 1156 1195 EPISGOPO
1175 1177 1183 1195 .
1203 1113 1348 1197 eona

387 1234 557 1307 b.LUL¹
603 1264 628 1306 c.
650 1236 1001 1310 CUNEBURGEQ
1048 1245 1078 1309 cl.
1101 1245 1303 1313 BEILOC
1319 1245 1391 1313 ΕΤ
1408 1240 1557 1313 MAN&

388 1355 435 1421 At
461 1358 598 1423 doceam
616 1358 816 1443 seminarant
837 1361 983 1440 nomino,
1014 1381 1095 1447 qaae
1121 1364 1269 1447 coqaocoi
1292 1384 1357 1428 aea
1377 1376 1558 1449 potnerunt,

386 1474 422 1537 c'a
445 1473 579 1560 cpc'etola
601 1474 646 1540 95
668 1473 821 1541 habentur
841 1474 940 1560 lesco.

477 1590 611 1657 Praeter
631 1594 708 1656 a'stoe
731 1602 792 1657 trec
816 1592 947 1671 coclea,
972 1612 1108 1677 quolam
1129 1592 1208 1657 daca
1231 1593 1275 1657 cd
1291 1596 1473 1660 coniunctae
1489 1617 1557 1659 om-

386 1704 500 1769 earam
527 1706 742 1772 collectionum
770 1706 917 1792 opletoloa
946 1720 975 1773 ct
997 1710 1122 1773 tetiam
1143 1709 1188 1773 od
1208 1708 1310 1774 colom
1330 1712 1557 1777 6661666666-

383 1822 476 1906 piam
496 1822 669 1903 ocultam,
685 1822 823 1907 famant
845 1826 939 1888 ctiam
962 1836 991 1889 ct
1004 1835 1077 1889 caat
1092 1823 1168 1889 libri
1180 1846 1279 1890 meaa
1292 1828 1416 1911 compti,
1444 1826 1557 1912 quoae

384 1938 481 2003 natac
502 1940 636 2004 minotio
660 1938 737 2003 libel
758 1942 865 2025 capito
887 1952 1037 2005 tencatur.

475 2054 646 2119 Eleemoclc'
668 2055 763 2121 codcc
786 2058 869 2121 caim
890 2055 1013 2123 caecato
1029 2054 1087 2121 XI
1098 2058 1133 2120 la
1155 2054 1348 2122 Faldooea'
1368 2060 1557 2124 occaecato

385 2170 542 2252 camalet,
573 2192 634 2257 qao
660 2171 828 2253 Otlloaoc,
861 2194 931 2237 cam
957 2174 1171 2257 occoqacadcc
1198 2175 1376 2259 catiqaimi
1396 2172 1560 2258 Benedici

383 2288 468 2351 oa'tce
490 2288 580 2353 docet
603 2282 759 2375 opercm⁶,
787 2290 834 2353 ito
855 2310 930 2353 eccae
954 2299 1007 2367 cet,
1031 2300 1067 2353 ot
1088 2310 1128 2353 ae
1148 2290 1237 2374 c‘pem
1260 2289 1408 2376 modiolas
1432 2290 1558 2375 qaedam

384 2402 422 2467 dc
449 2424 508 2469 cao
536 2426 653 2469 nccare
681 2406 846 2469 dceo'cterct.
890 2402 1037 2470 Attamen
1068 2404 1143 2470 heac
1170 2408 1299 2486 meroe,
1335 2406 1422 2491 qaod
1447 2428 1555 2486 onom,

383 2538 467 2603 qaae
490 2518 551 2585 loc
572 2532 705 2607 cpcotct,
736 2520 900 2607 cpc'etolcm
922 2520 1051 2586 aliunde
1072 2544 1137 2586 aoa
1159 2534 1268 2587 aotom
1289 2521 1329 2586 cb
1351 2524 1481 2587 iatoito
1501 2522 1556 2587 dc-

383 2628 512 2699 camel

474 2747 540 2831 (R)
580 2750 681 2817 Hoacl
694 2751 791 2817 molto
806 2772 893 2817 eccae
909 2753 1006 2817 coclea
1024 2750 1237 2817 Votlcooaa
1252 2750 1341 2817 1340
1355 2774 1434 2817 coeo.
1448 2750 1544 2817 XIII
1545 2776 1556 2829 ,·

383 2868 440 2950 qai
457 2864 526 2950 fol.
544 2866 733 2933 316-356
760 2870 972 2934 loramentum
992 2868 1156 2952 Boaffotic'
1181 2881 1209 2933 ct
1226 2868 1413 2953 ponteficum
1436 2869 1555 2934 Romo-

383 3002 500 3047 aooam
531 2983 679 3069 epatolcc
708 2977 873 3064 continet⁷,
897 2996 1015 3050 motato
1044 2984 1170 3070 aliquid
1197 2985 1322 3064 ordine,
1355 3005 1417 3070 qao
1446 3006 1499 3049 coe
1520 2988 1557 3050 ia

454 3166 482 3221 1.
504 3179 547 3234 ep.
567 3166 616 3237 553
640 3165 701 3221 cod.
716 3164 835 3223 Vindob.
854 3164 900 3222 fol.
918 3167 935 3221 2
953 3183 980 3221 v.
1070 3168 1096 3222 2.
1120 3182 1163 3236 ep.
1182 3168 1228 3237 76,
1253 3166 1314 3222 666.
1327 3166 1445 3223 Vindob.
1463 3165 1509 3223 fol.
1527 3169 1554 3223 4,

382 3252 407 3307 3.
431 3268 477 3323 ep.
490 3254 534 3324 41,
554 3254 710 3312 6667166.
728 3253 775 3311 iol.
788 3256 813 3310 4.
841 3255 901 3310 Hoc
919 3270 1018 3310 nomen
1036 3255 1064 3310 in
1082 3256 1143 3311 cod.
1163 3254 1350 3311 Carlsruhensi
1367 3256 1407 3311 ita
1424 3257 1556 3325 scriptum

382 3346 436 3397 est:
461 3340 664 3413 ,Onniburge“.
753 3344 780 3398 4.
804 3358 847 3412 ep.
865 3344 914 3413 41,
939 3343 999 3399 cod.
1012 3343 1132 3400 Vindob.
1150 3344 1265 3401 iollv.
1298 3346 1331 3401 ln
1353 3345 1555 3401 6661660616-

381 3431 494 3487 ruhensi
511 3432 641 3501 legimus:
663 3432 796 3504 ,Begiloc
813 3436 841 3487 et
853 3432 942 3488 llan“.
1023 3433 1048 3488 5.
1073 3432 1206 3488 Othlonus
1223 3434 1252 3489 in
1268 3434 1355 3489 vitam
1366 3433 1497 3490 Bonifatii
1513 3450 1555 3490 re·

381 3522 454 3589 cepit
475 3535 567 3591 ,quas
584 3520 723 3577 habebant
740 3521 912 3575 1166611666α
934 3524 971 3587 (v.
984 3520 1093 3576 Othloni
1110 3520 1308 3591 praefationem
1326 3521 1406 3591 inira)
1425 3524 1555 3592 epistolas

381 3608 574 3665 tantummodo
593 3610 636 3665 26.
671 3610 747 3676 Quae
770 3624 865 3665 omnes
886 3610 1024 3665 eminere
1047 3610 1208 3666 collectione
1230 3610 1387 3667 manabant
1418 3613 1457 3666 Et
1477 3627 1554 3681 repe·

380 3698 489 3754 liuntur
506 3697 625 3769 quidem,
644 3699 668 3753 si
686 3714 734 3754 eas
752 3699 871 3754 numeris
889 3698 989 3755 nostris
1007 3698 1109 3768 signas,
1127 3698 1180 3755 hoc
1196 3700 1292 3756 ordine
1307 3699 1383 3770 apud
1394 3699 1554 3756 Othlonum:

382 3790 423 3859 12,
438 3790 482 3858 17,
496 3790 530 3843 21
550 3786 596 3855 (61.
615 3790 703 3843 nolli
721 3786 811 3858 infra),
831 3788 873 3857 18,
893 3788 935 3857 19,
948 3788 991 3857 20,
1004 3788 1047 3857 26,
1060 3789 1104 3857 22,
1117 3790 1160 3858 28,
1173 3790 1217 3858 35,
1229 3790 1273 3859 36,
1285 3790 1329 3859 67,
1342 3790 1385 3859 38,
1397 3789 1441 3859 42,
1453 3790 1497 3859 43,
1509 3790 1553 3860 68,

381 3878 423 3947 50,
435 3878 483 3947 67,
495 3878 539 3947 62,
552 3877 596 3947 61,
610 3878 652 3947 63,
665 3878 708 3947 66,
723 3876 765 3946 79,
778 3878 821 3946 60,
835 3877 878 3945 81,
892 3876 941 3947 82,
965 3874 1000 3929 ci.
1019 3890 1104 3945 supra
1124 3880 1182 3947 p.8
1198 3895 1226 3931 n.
1240 3880 1265 3932 1.
1285 3908 1319 3917 -
1336 3878 1393 3932 Iste
1411 3878 1513 3947 codex,
1537 3892 1554 3933 6

380 3980 434 4035 quo
460 3964 595 4021 Othlonus
622 3965 787 4035 desumpsit,
815 3964 925 4019 videtui
950 3964 1024 4019 idem
1046 3964 1145 4034 liiisse,
1172 3981 1255 4034 quem
1278 3966 1407 4022 Nicolaus
1429 3965 1554 4022 Serarius

381 4054 535 4125 (Epistolae
553 4053 581 4109 S.
594 4052 730 4110 Bonilacii
747 4070 774 4123 p.
788 4055 851 4122 286)
871 4054 996 4123 queritur
1018 4053 1053 4109 de
1071 4055 1238 4110 monasterio
1254 4055 1385 4111 Fnldensi
1404 4054 1461 4126 ,ab
1478 4056 1554 4111 inno

380 4144 454 4199 hale
478 4144 601 4213 Harpyia
624 4143 853 4213 immundissima,
874 4144 1030 4213 illyrico,
1055 4143 1194 4199 sublatmn
1216 4148 1368 4213 posteaque
1390 4144 1466 4199 varie
1483 4146 1554 4199 lace·

380 4238 471 4289 mmm
495 4238 525 4287 ct
547 4232 742 4302 conscissum“,
767 4234 899 4303 cuiusque
922 4234 1050 4302 reliquias
1073 4232 1168 4287 scribit
1190 4233 1219 4287 in
1235 4232 1402 4289 bibliotheca
1418 4234 1554 4289 Helmsta·

381 4320 469 4377 diensi
487 4322 563 4376 visas
582 4336 652 4377 esse.
682 4320 789 4377 Scimus
807 4326 908 4391 autem,
927 4321 1070 4377 Matthiam
1082 4322 1205 4377 Flacium
1222 4323 1360 4395 illyricum
1379 4324 1493 4393 eiusque
1510 4338 1554 4379 so·

381 4411 437 4467 cios
461 4411 491 4466 in
514 4409 682 4480 perficienda
699 4410 805 4467 Octava
828 4414 857 4466 et
877 4412 956 4467 Nona
980 4411 1103 4467 centuria
1126 4412 1329 4467 ecclesiasticae
1351 4412 1481 4469 historiae
1499 4427 1554 4469 non

381 4502 468 4557 solum
497 4502 602 4556 minore
626 4500 803 4569 epistolarum
827 4500 987 4556 collectione
1008 4516 1074 4555 usos
1097 4516 1172 4571 csse,
1199 4501 1250 4556 sed
1272 4501 1315 4557 his
1338 4502 1421 4557 etiam
1443 4502 1554 4557 maioris

381 4592 476 4659 copiae
501 4589 638 4659 epistolis,
662 4603 733 4658 quae
756 4590 784 4644 in
802 4604 857 4645 uno
875 4589 970 4645 codice
984 4588 1192 4647 vindobonensi
1209 4591 1280 4655 (non
1298 4590 1499 4660 Omlsruhensi,
1522 4593 1555 4644 ut

381 4676 540 4735 Dilmmlero
557 4678 704 4735 videbatur
721 4679 749 4734 in
766 4678 962 4749 Forschungen
980 4694 1028 4733 zur
1045 4677 1196 4733 deutschen
1208 4677 1373 4735 Geschichte
1384 4680 1412 4735 V
1423 4681 1474 4734 371
1487 4695 1514 4733 n.
1524 4679 1553 4745 2)

382 4765 461 4823 hodie
479 4768 665 4823 inveniuntur.
695 4769 793 4838 ltaque
809 4771 919 4838 praeter
935 4768 1100 4825 Fuldensem
1118 4768 1241 4824 codicem
1259 4769 1342 4823 etiam
1360 4768 1414 4823 alia
1430 4766 1555 4823 subsidia

381 4854 433 4911 illis
450 4860 562 4927 praesto
580 4854 666 4913 fuisse
683 4858 778 4928 liquet.
868 4859 893 4914 6.
917 4872 961 4929 ep.
973 4858 1017 4913 21.
1109 4858 1134 4913 7.
1155 4857 1283 4914 codicem
1298 4856 1464 4915 Vaticanum
1482 4854 1553 4913 affir-
