4342 6034
559 785 586 833 s.
602 786 779 834 normann
800 786 844 833 ns
866 786 968 834 nuum
990 786 1178 835 narsrocau
1199 788 1238 835 aa.
1254 785 1285 835 aa
1445 769 1510 836 237

356 926 496 1013 optimum
518 924 643 994 videtur
672 946 750 994 csse.
797 926 840 995 Et
868 946 1039 1014 praepares
1070 927 1130 995 tibi
1158 929 1354 997 necessaria·
1376 928 1511 1013 itineris,
1530 938 1673 995 tac-tto

354 1046 382 1107 ot
399 1040 551 1109 sustineas
575 1043 705 1111 verbum
727 1044 809 1125 eius3
834 1046 867 1109 ct
888 1042 1028 1129 posteat,
1052 1043 1137 1129 quod
1150 1046 1253 1132 pietas
1268 1044 1398 1113 Domini
1413 1046 1513 1112 iusse-

352 1158 404 1241 rit,
423 1157 530 1225 facias.

428 1272 476 1341 De
498 1273 731 1361 conscriptione
753 1278 860 1341 autem
882 1274 1123 1360 sententiam,
1146 1277 1185 1343 de
1208 1296 1272 1362 qua
1286 1277 1416 1361 rogasti,
1439 1294 1513 1363 peo-

353 1389 419 1455 catis
441 1389 520 1456 meis
543 1389 724 1473 indulgere⁰
747 1390 854 1457 habes.
901 1390 982 1469 Quia
1004 1398 1135 1479 propter
1156 1393 1312 1459 instantes
1333 1391 1458 1460 labores
1482 1396 1515 1459 et

352 1506 455 1573 itinera
476 1506 628 1573 continua
650 1505 752 1573 adhuc
774 1506 930 1592 perfecte⁴¹
946 1508 1170 1594 eomcriptum,
1194 1509 1279 1593 quod
1295 1509 1426 1592 rogasti,
1448 1527 1513 1574 non

352 1620 482 1689 habeam.
525 1620 605 1705 Sed,
634 1640 708 1689 eum
730 1622 909 1709 inplevere,
938 1623 979 1689 ad
1000 1624 1216 1709 praesentiam
1238 1623 1416 1691 dilectionis
1438 1629 1513 1690 tuae

352 1738 557 1805 transmittere
579 1736 705 1805 curabo.

430 1852 477 1921 De
500 1854 685 1923 munenibus
708 1872 844 1939 namque
867 1858 899 1921 et
915 1854 1123 1940 vesdmentis,
1148 1875 1229 1940 quae
1242 1855 1369 1939 misisti,
1392 1855 1513 1938 grstia

352 1974 477 2055 agentes,
500 1970 607 2037 Deum
631 1969 878 2056 omnipotentem
901 1990 1060 2055 rogamus,
1083 1976 1120 2037 ut
1142 1970 1202 2037 tibi
1215 1972 1394 2058 praemium
1408 1991 1513 2037 remu·

351 2086 511 2153 nomionis
535 2090 682 2153 aeternae
705 2106 777 2153 cum
800 2086 920 2171 angelis
944 2090 976 2153 ot
998 2086 1196 2170 archangelis
1217 2087 1252 2153 in
1274 2087 1339 2155 alto
1353 2086 1513 2154 caelorum

352 2201 473 2269 culmine
499 2207 661 2289 reponet⁰.
708 2202 845 2269 Obsecro
874 2202 971 2286 igitur
998 2222 1056 2289 per
1083 2202 1189 2270 Deum
1216 2222 1358 2269 sororem
1386 2202 1513 2271 carissi·

351 2337 425 2385 nam
445 2320 547 2385 immo
569 2324 705 2385 matrem
728 2338 766 2385 ac
787 2318 949 2385 dominam
971 2318 1202 2403 dulcissimam,
1233 2325 1270 2386 ut
1296 2318 1427 2386 adsidue
1453 2337 1512 2405 pro

351 2452 394 2500 me
413 2452 502 2503 orare
527 2434 683 2519 dignetur.
719 2432 801 2512 Quia
822 2454 880 2521 pro
904 2436 1042 2523 peccatis
1065 2435 1146 2502 mois
1168 2435 1279 2503 multis
1300 2434 1514 2501 tribulationi·

351 2548 400 2617 bue
419 2552 547 2637 iatigor,
571 2556 604 2619 et
624 2550 724 2617 multo
747 2550 868 2617 maiore
890 2553 1005 2619 mentis
1028 2550 1234 2619 tribulatione
1256 2556 1289 2617 et
1303 2550 1514 2617 sollicitudine

352 2686 435 2750 quam
466 2668 611 2755 eorporis
640 2667 749 2735 labore
778 2666 956 2735 conturbor.
1008 2665 1121 2735 Fidem
1148 2667 1312 2753 antiquam
1339 2667 1425 2735 inter
1454 2685 1513 2734 nos

351 2800 511 2869 nunquam
536 2782 668 2851 deficere
691 2784 782 2851 scias.
828 2782 907 2851 Vale
929 2783 964 2849 in
987 2782 1124 2850 Christo.

353 2992 405 3065 89.
426 2998 614 3084 Bonafote‘ao
637 3000 795 3085 quendam
817 2998 974 3078 donatur,
998 3010 1034 3063 ut
1056 2999 1150 3063 dmm
1165 3019 1230 3083 pro
1253 3018 1286 3063 ae
1307 2994 1452 3063 invocet‘.

1150 3109 1512 3196 pmwmcw

426 3244 693 3314 Reverentissimo
715 3246 808 3313 fratri
823 3250 855 3313 et
872 3245 1024 3332 spiritalis
1040 3245 1260 3329 germanitatis
1275 3244 1512 3332 propinquitate
1530 3251 1672 3306 tae-teo

352 3377 456 3429 conexo
483 3362 667 3431 Bouiiacius
696 3364 828 3447 exiguus
858 3382 967 3430 servus
996 3382 1161 3429 servorum
1188 3361 1251 3429 Dei
1277 3380 1450 3448 perennem
1477 3361 1513 3427 in

352 3472 463 3545 Christo
486 3478 631 3545 cmitafis
654 3476 799 3545 salutem.

427 3592 636 3661 Clementiam
658 3594 867 3661 fraternitatis
882 3597 1007 3661 vestrm
1020 3593 1144 3661 intimis
1158 3592 1338 3678 flagitamus
1354 3592 1511 3680 precibus,

352 3710 395 3791 ut,
415 3716 541 3777 nostrae
564 3709 790 3777 mediocritatis
813 3704 986 3793 memores,
1009 3710 1203 3777 intercedere
1226 3709 1415 3793 dignemini,
1439 3708 1514 3793 quia

352 3827 478 3905 peccatis
498 3826 618 3893 nostis
645 3825 844 3910 exigentibus
871 3823 1041 3912 periculosi
1068 3826 1167 3892 maris
1189 3824 1431 3911 tempmtatibus
1453 3844 1512 3891 un·

276 4010 277 4013 ,
353 3935 435 4023 dique
450 3944 625 4027 quatimur3
648 3947 812 4026 rogantes:
836 3946 873 4007 ut
886 3940 969 4026 illess,
986 3940 1041 4027 qui
1054 3941 1090 4007 iu
1105 3940 1178 4008 altis
1193 3940 1317 4009 habitat
1332 3946 1365 4007 ot
1377 3938 1511 4007 humilia

353 4056 470 4141 respicit
477 4054 496 4143 ¹,
524 4057 691 4142 indulgens
713 4056 850 4143 flagitia,
880 4060 1003 4152 prestet
1022 4056 1114 4125 nobis
1136 4057 1270 4125 uerbum
1290 4057 1326 4123 in
1347 4056 1512 4143 apertione

355 4170 407 4237 oris
433 4168 563 4258 nostri’,
592 4178 629 4241 ut
655 4180 763 4241 canat
791 4178 823 4243 et
845 4168 1051 4241 clarificetur⁸
1073 4172 1159 4241 inter
1179 4178 1290 4257 gentes
1312 4172 1512 4257 euangelium

354 4284 459 4365 gloriae
481 4289 611 4357 Christi.

415 4480 435 4512 ι
452 4468 570 4515 racemis
586 4470 613 4516 C.
689 4466 711 4513 b.
733 4469 787 4527 post
804 4468 830 4515 c.
908 4480 928 4514 c.
948 4466 1040 4525 indulge
1057 4470 1092 4513 M.
1170 4466 1193 4513 d.
1212 4466 1327 4526 perlectae
1345 4468 1371 4513 ι’.
1441 4478 1462 4511 a.
1477 4468 1512 4510 sic

357 4543 415 4589 0⁰&-
487 4548 503 4595 ἱ
523 4566 553 4594 ex
570 4546 764 4602 croc-roco,
789 4546 812 4593 V
825 4546 863 4593 1⁷.
887 4549 1018 4593 minuta:
1038 4544 1144 4606 Epistola
1158 4544 1266 4592 Bonifatii
1284 4548 1316 4603 C,-
1337 4545 1394 4591 ltom
1415 4544 1513 4603 epistola

357 4617 453 4673 &diffudi
468 4627 633 4687 uchiapiswpi
651 4627 679 4674 V.
756 4638 778 4683 g.
796 4624 850 4671 illae
868 4626 895 4673 V.

418 4732 440 4783 1.
462 4732 505 4787 ra.
519 4732 581 4801 112,
593 4732 619 4785 a.
634 4732 658 4785 a.
749 4730 774 4785 a.
798 4728 938 4799 Epheso,
953 4730 995 4784 19.
1085 4729 1112 4783 a.
1136 4728 1263 4784 arnas.
1275 4728 1301 4799 a,
1315 4730 1340 4783 1.

821 4882 1034 4893 ...ι-..ιι-
