4342 6034
630 729 658 779 s.
675 729 852 781 noumsrrr
873 732 918 779 nn
939 732 1042 781 nunur
1064 732 1253 781 samsonem
1276 733 1321 779 roe
1495 716 1561 785 263

384 878 533 956 tamque·
553 872 713 957 egregium
738 870 857 939 Christi
880 872 1014 941 militem
1037 892 1110 939 cum
1131 873 1241 941 multis
1264 872 1345 941 bene
1366 874 1507 943 educatis
1529 882 1562 945 et
1623 885 1676 939 755

384 987 507 1073 optime
528 988 691 1055 instructis
715 988 878 1075 discipulis
900 1009 978 1074 gens
999 988 1178 1073 Anglornm
1201 990 1323 1057 adrem
1345 989 1381 1056 eb
1402 989 1562 1059 Brittania
1570 961 1730 1005 usnemu

383 1103 504 1169 meruit
525 1103 633 1190 palam
655 1104 801 1171 omnibus
824 1104 864 1171 ad
887 1104 1046 1191 spiritales
1070 1124 1186 1189 agones
1209 1110 1243 1172 et
1262 1106 1303 1171 ad
1316 1104 1489 1173 multarum
1503 1127 1562 1193 per

383 1217 446 1285 Dei
477 1220 703 1306 omnipotentis
738 1219 875 1303 gratiam
911 1220 1046 1287 euntem
1076 1221 1255 1287 animarum
1285 1220 1324 1287 de
1354 1241 1423 1288 sese
1450 1222 1562 1309 procul

384 1334 589 1401 laudabiliter
622 1335 781 1418 emittere;
816 1340 853 1401 ut
884 1334 977 1419 longe
1011 1334 1138 1420 lateque
1164 1336 1377 1403 ferocissimas
1405 1338 1561 1423 nationes,

385 1471 443 1537 per
467 1450 560 1517 devia
582 1450 700 1519 diutius
723 1455 881 1535 errantes,
911 1449 949 1516 de
971 1450 1037 1517 lata
1060 1470 1098 1517 ac
1120 1452 1262 1539 spatiosa
1282 1452 1433 1537 voragine
1455 1454 1561 1540 perdi·

386 1566 483 1631 tionis
512 1571 685 1653 perpetuae
713 1566 753 1632 ad
782 1565 985 1653 splendifluas
1014 1566 1143 1633 semitas
1170 1588 1327 1653 supernae
1357 1570 1482 1654 patriae
1503 1590 1562 1657 per

386 1700 497 1747 sacrae
520 1681 749 1749 exhortationis
771 1682 977 1749 incitamenta
1000 1686 1032 1749 et
1052 1703 1111 1769 per
1134 1682 1280 1770 exempla
1301 1684 1430 1770 pietatis
1454 1684 1562 1751 acho·

385 1797 497 1863 nitatis
520 1798 589 1883 ipse
611 1798 723 1865 ductor
746 1802 777 1863 et
798 1798 943 1883 signifer,
974 1798 1187 1865 antecedendo
1210 1803 1242 1865 et
1265 1798 1399 1866 adversa
1420 1820 1562 1886 quaeque

386 1912 565 2000 opitulante
588 1911 656 1981 Deo
678 1913 801 1979 fortiter
824 1914 1049 1999 expugnando,
1072 1913 1207 1981 feliciter
1228 1914 1424 2000 perduceret
1471 1915 1562 1993 Quod

384 2030 431 2097 ita
461 2028 646 2095 actitatum⁸
676 2028 831 2096 veraciter
860 2028 945 2096 fored
975 2030 1072 2097 etiam
1101 2051 1209 2097 rerum
1236 2028 1366 2099 effectus
1393 2030 1561 2115 gloriosius

385 2164 483 2231 quam
506 2144 592 2213 diota
614 2144 841 2229 demonstrant,
865 2149 898 2211 et
919 2144 953 2211 in
974 2144 1038 2213 illis
1055 2166 1179 2231 quoquo
1193 2146 1282 2230 locis,
1306 2166 1385 2232 quos
1399 2150 1473 2213 anto
1489 2166 1562 2213 enm

385 2260 494 2327 nullus
529 2260 698 2347 aliquando
728 2257 967 2344 euangelizaudi
995 2280 1091 2329 causa
1120 2262 1229 2329 doctor
1258 2262 1347 2329 adire
1373 2262 1560 2348 temptabat

385 2376 478 2445 Unde
500 2377 598 2461 igitur
614 2412 656 2423 —
672 2382 746 2463 post
765 2376 1013 2463 incomparabile
1034 2382 1102 2443 toto
1125 2378 1201 2445 orbe
1224 2378 1415 2465 apostolicae
1436 2376 1562 2445 electio·

385 2493 436 2559 nis
466 2498 501 2559 et
527 2492 652 2558 numeri
679 2492 867 2578 mysterium
896 2492 1093 2578 aliorumque
1120 2499 1195 2560 tnnc
1222 2494 1375 2581 temporis
1403 2492 1562 2578 euangeh·

387 2609 531 2675 santium
560 2607 786 2694 discipulorum
810 2606 927 2673 Christi
956 2608 1169 2675 ministerium
1192 2610 1343 2677 —hunc
1368 2610 1564 2694 interegre

385 2726 475 2809 gios·
500 2729 532 2791 et
561 2724 698 2811 optimos
727 2722 921 2789 orthodoxae
949 2722 1022 2791 fidei
1046 2724 1189 2791 doctores
1213 2730 1245 2792 et
1267 2724 1446 2794 amabiliter
1467 2725 1563 2793 habe-

386 2839 473 2909 mus'
497 2844 530 2907 ot
551 2838 752 2906 laudabiliter
774 2860 971 2907 veneramur.

476 2954 569 3023 Unde
590 2956 626 3021 in
647 2954 786 3039 generali
809 2954 930 3041 synodo
952 2959 1118 3021 nostra-
1137 2955 1192 3023 ubi
1214 2960 1247 3022 et
1268 2956 1308 3021 de
1330 2956 1444 3023 ceteris
1460 2956 1563 3022 omni·

388 3072 462 3157 bus,
494 3090 573 3157 qnae
595 3078 719 3139 vestrae
741 3070 834 3138 modo
858 3070 1018 3137 sanctitati
1042 3071 1152 3157 paucis
1175 3070 1409 3156 depromimus,
1437 3070 1563 3158 plenius

388 3188 473 3254 inter
496 3207 553 3253 nos
577 3188 813 3254 conferebamus
836 3222 878 3233 -
901 3186 968 3253 eins
992 3182 1094 3253 diem¹
1116 3185 1257 3253 natalicii
1279 3186 1428 3272 illiusque
1451 3186 1561 3253 cohor·

388 3304 429 3369 tis
460 3323 533 3369 cnm
556 3322 593 3369 eo
615 3303 852 3390 martyrizantis
875 3303 1071 3369 insinuantes
1095 3302 1264 3369 statuimus
1287 3322 1392 3369 annua
1414 3303 1561 3388 frequen·

389 3420 511 3487 tatione
533 3418 727 3486 sollemniter
748 3416 922 3501 celebrare;
945 3422 1055 3505 utpote
1075 3439 1169 3503 quom
1188 3417 1369 3505 specialiter
1383 3418 1475 3485 nobis
1491 3438 1564 3485 oum

390 3536 483 3603 heato
506 3533 657 3619 Gregorio
687 3539 719 3601 et
740 3534 918 3619 Augustino
941 3538 974 3600 et
995 3538 1164 3620 patronum
1188 3535 1369 3619 quaerimus
1393 3538 1425 3599 et
1446 3532 1563 3617 habere

390 3651 606 3719 indubitanter
628 3650 785 3717 oredimus
807 3669 913 3717 coram
934 3648 1060 3715 Christo
1083 3650 1221 3735 domino,
1245 3670 1338 3736 quem
1361 3650 1395 3715 in
1417 3649 1485 3715 vita
1506 3669 1565 3716 sua

391 3786 517 3854 semper
540 3766 659 3833 amavit
682 3772 714 3833 et
735 3768 769 3833 in
792 3770 910 3849 morte,
934 3770 971 3830 ut
992 3764 1094 3851 ipsius
1117 3765 1234 3832 meruit
1255 3766 1374 3851 gratia,
1397 3762 1564 3849 magnifiee

363 3880 583 3965 ‚olamficarit

480 3996 648 4065 Praeterea
671 3997 798 4084 quippe,
822 4001 859 4062 nt
880 3995 1093 4084 prediximus,
1116 4001 1241 4063 vestrae
1264 3996 1398 4062 sollicite
1420 3995 1564 4083 specula·

391 4114 487 4181 tionis
510 4134 618 4181 curam
648 4118 680 4180 et
707 4114 796 4199 qnasi
824 4112 929 4179 taedio
959 4112 1115 4179 absentati
1143 4112 1244 4199 patris
1271 4111 1427 4196 familias,
1455 4116 1492 4177 ut
1518 4112 1565 4178 ita

392 4232 512 4315 dicam,
542 4229 772 4315 quodammodo
800 4228 974 4296 confectam
1002 4247 1060 4294 neo
1088 4247 1153 4293 non
1176 4232 1207 4294 et
1229 4227 1467 4313 generalitatem
1491 4227 1565 4293 sub

393 4348 545 4415 lectorum
567 4345 656 4413 robis
679 4340 841 4412 servorum
864 4344 925 4411 Dei
947 4343 1089 4429 paternis
1113 4341 1259 4411 affatibus
1281 4343 1492 4428 fraternisque
1514 4362 1565 4409 so-

393 4462 481 4529 laciis
509 4461 670 4529 relevare⁵
693 4466 725 4528 et
753 4460 930 4545 consolare,
959 4458 1149 4545 ubicumque
1181 4463 1214 4526 et
1234 4459 1269 4525 in
1292 4478 1488 4545 quocumque
1509 4479 1565 4525 ne-

464 4655 485 4688 s.
506 4643 599 4701 tumque
618 4640 645 4687 7.
707 4637 730 4685 b.
751 4636 873 4685 reddidi.
935 4650 956 4683 e.
978 4637 1070 4684 wtitum
1089 4637 1123 4684 7.-
1180 4635 1276 4683 ditari
1294 4636 1321 4683 V.
1382 4649 1403 4681 e.
1419 4634 1564 4693 egregiorV.

395 4717 411 4765 l.
430 4722 528 4781 sequitur
544 4720 630 4765 lacuna
646 4728 728 4779 sepem
744 4722 792 4775 sm
807 4720 929 4764 litterarum
947 4720 969 4763 r'n
988 4718 1015 4763 V.
1093 4729 1115 4774 ς.
1135 4716 1235 4763 revelare
1254 4716 1281 4763 V.

466 4825 490 4879 l.
515 4822 572 4879 ds
591 4838 626 4877 m.
645 4822 723 4877 lunii.
