4342 6034
596 772 622 821 s.
638 774 815 823 normann
836 775 881 823 nu
902 776 1005 823 nuum
1027 775 1214 825 nrrsnonnn
1237 777 1283 823 11o
1458 761 1524 827 269

357 912 506 997 berrimo,
539 914 631 980 nobis
666 936 789 1001 quoque
822 936 887 982 non
919 916 1067 983 inmerito
1104 917 1144 984 ob
1171 918 1367 1001 cognationis
1396 924 1693 985 coruscent-rso

356 1048 477 1113 semper
506 1030 709 1097 memorande
737 1032 1002 1099 necessitudinem
1034 1032 1202 1099 karissimo
1235 1031 1346 1099 Lullae
1377 1035 1524 1120 episcopo

355 1142 565 1211 cineheardus
575 1140 593 1229 ¹,
615 1146 764 1229 indignus
787 1152 970 1230 accersor,
1000 1147 1167 1234 episcopus
1190 1147 1364 1215 Wentanac
1386 1150 1525 1215 civitatis

354 1278 388 1323 er
404 1258 520 1327 intima
534 1261 736 1329 visceralium
751 1262 960 1329 medullarum
977 1261 1160 1345 allectione·
1173 1264 1374 1331 aeternaliter
1388 1265 1423 1331 in
1434 1264 1525 1330 Obri-

353 1381 397 1441 ste
419 1376 566 1443 salutem.

436 1491 591 1561 Perlectis
613 1492 791 1559 litterarum
816 1514 835 1559 a
857 1497 912 1559 tua
934 1493 1103 1559 sanctitate
1124 1494 1316 1561 directarum
1331 1495 1522 1561 dulcissimis

353 1626 386 1671 ac
406 1607 545 1675 nimium
566 1607 774 1693 placabilibus
790 1608 927 1694 periodis
934 1608 956 1689 ¹²,
980 1608 1142 1692 inquibus
1158 1610 1366 1677 amicabiliter
1381 1616 1523 1677 nostram

352 1724 540 1807 parvitatem
569 1725 768 1811 conperimus
797 1724 965 1791 salutatam
999 1725 1283 1810 ammonitamque,
1320 1731 1356 1791 ut
1391 1726 1522 1793 eandem

352 1838 478 1905 unitatis
505 1840 739 1907 observantiam
761 1840 942 1923 custodiret,
967 1860 1062 1924 quam
1086 1846 1301 1909 antecessores
1323 1842 1424 1907 nostri
1447 1840 1523 1907 fide-

351 1953 418 2021 liter
445 1954 512 2021 fine
541 1960 631 2023 tenus
655 1954 862 2021 observarunt
885 1992 926 2001 -
952 1956 1085 2023 domnus
1108 1955 1290 2023 Bonifacius
1314 1956 1522 2043 archiepisco·

352 2090 405 2155 pus
427 2070 629 2156 Christique⁶
653 2071 812 2137 confessor
834 2070 1061 2139 beatificandus
1091 2077 1123 2137 et
1144 2069 1299 2139 Danihel'
1322 2073 1522 2139 doctissimus

351 2184 407 2251 Dei
427 2186 536 2274 plebis
558 2186 706 2270 famulus,
730 2186 824 2253 simul
847 2192 878 2253 et
901 2206 1062 2253 successor
1078 2187 1145 2253 aius
1161 2183 1376 2271 Hunlritbus⁸,
1401 2189 1522 2274 episco-

352 2321 458 2386 porum
483 2303 683 2386 mitissimus,
706 2340 749 2349 -
774 2307 806 2369 et
827 2308 947 2387 cetera,
971 2322 1051 2387 quae
1074 2307 1106 2368 te
1128 2303 1242 2368 melius
1263 2304 1433 2370 recoluisse
1455 2324 1522 2370 cre-

352 2416 449 2485 dimus
472 2420 510 2484 in
533 2418 709 2485 carauatisd
733 2419 962 2502 commendata,
985 2418 1102 2485 mentis
1119 2418 1362 2502 diligentissima
1374 2419 1522 2503 indagine

352 2532 485 2601 didicere
510 2534 698 2601 curarimus.
736 2534 781 2600 Et
802 2536 975 2619 gratiarum
999 2536 1139 2601 actiones
1161 2534 1344 2619 condignas,
1367 2535 1400 2601 in
1423 2556 1519 2620 quan·

351 2653 412 2715 tum
441 2648 636 2733 sufficimus,
664 2649 871 2736 persolvendo
901 2650 1056 2734 gerimus,
1085 2650 1170 2735 quod
1197 2651 1299 2717 nostri
1325 2651 1521 2735 memoriam,

351 2766 546 2853 interpositis
581 2771 739 2833 tantarum
769 2766 882 2852 spatiis
910 2770 1069 2833 terrarum
1096 2767 1257 2851 marisque
1284 2767 1392 2849 magni
1422 2766 1521 2833 inter·

351 2879 451 2949 luente
473 2881 659 2965 latitudine,
688 2882 792 2949 facere
819 2881 1001 2965 dignemini.
1048 2880 1092 2947 Et
1120 2882 1180 2947 hoc
1207 2879 1408 2967 profitemur,
1438 2882 1521 2966 quod

352 2999 453 3065 omnia
484 3016 582 3082 quae,
611 3003 668 3063 tua
689 2998 856 3065 sanctitate
880 3002 1080 3081 suggerente,
1111 2996 1263 3063 mandata
1285 3002 1373 3080 sunt,
1402 2996 1521 3063 studio-

352 3114 472 3181 sissime
490 3112 627 3179 Domino
649 3114 775 3181 favente
796 3113 944 3199 conplere
966 3113 1151 3196 satagimus,
1174 3132 1238 3179 non
1260 3116 1385 3178 tautum
1406 3113 1441 3177 in
1456 3112 1521 3198 spi-

352 3228 432 3295 ritali
454 3230 639 3295 orationum
661 3229 774 3295 solatio
797 3229 972 3297 exhibendo
997 3234 1028 3295 et
1049 3229 1220 3295 missarum
1242 3228 1453 3295 sollemnitate
1471 3248 1522 3295 ce-

352 3342 502 3411 lebranda
529 3366 587 3432 pro
616 3345 706 3411 vobis
735 3350 768 3411 et
794 3366 853 3431 pro
881 3344 960 3428 illis,
990 3345 1043 3429 qui
1072 3345 1107 3409 in
1134 3345 1248 3411 vesbis
1277 3345 1458 3427 regionibus
1486 3345 1521 3410 in

353 3458 466 3528 Christi
498 3461 694 3528 confessione
723 3460 855 3539 obeunt3
886 3460 941 3526 sed
970 3460 1083 3543 etiam,
1113 3460 1140 3526 si
1170 3480 1233 3545 qua
1254 3460 1423 3527 saecularis
1446 3460 1520 3527 sub·

353 3578 486 3645 stantiae
516 3576 630 3645 solatia
658 3576 771 3643 vestris
799 3575 909 3641 usibus
931 3575 1098 3661 profutura
1119 3576 1154 3641 in
1176 3575 1226 3642 bis
1248 3576 1429 3659 regionibus
1453 3576 1520 3641 adi·

353 3692 426 3777 pisci
449 3692 636 3780 poterimus,
661 3698 785 3759 vestras
806 3691 1045 3778 participationi
1067 3697 1182 3777 parata
1205 3697 1305 3759 erunt

435 3808 482 3875 Et
502 3809 561 3875 hoc
582 3809 731 3895 petimus,
755 3808 783 3873 si
807 3827 869 3892 qua
892 3807 976 3893 apud
998 3826 1054 3873 vos
1077 3807 1242 3893 solamina,
1265 3807 1356 3875 nobis
1376 3826 1520 3875 necessa-

353 3924 397 3990 ria
419 3924 470 3991 vel
492 3926 610 4009 ignota,
634 3923 787 4011 spiritalis
811 3923 939 4007 quidem
961 3922 1112 3989 scientiae
1132 3923 1249 3990 sivein
1263 3923 1354 3989 libris
1370 3924 1518 4007 antiquis,

354 4040 403 4123 qui
432 4061 453 4106 a
479 4042 569 4108 nobis
599 4060 663 4107 non
691 4039 862 4122 habentur,
893 4040 959 4104 sive
988 4039 1023 4103 in
1047 4038 1118 4104 aliis
1140 4038 1361 4105 ecclesiasticis
1385 4038 1520 4104 admini-

354 4156 569 4241 strationibus,
603 4162 640 4222 ut
668 4154 759 4222 nobis
787 4154 921 4221 libenter
951 4154 1143 4240 participare
1172 4175 1236 4220 non
1258 4154 1406 4238 negetis·.
1453 4135 1520 4219 Nec

353 4290 413 4337 non
435 4278 477 4357 et,
500 4274 528 4338 si
551 4292 629 4357 quos
653 4270 822 4338 saecularis
845 4270 995 4337 scientiae
1014 4269 1112 4337 libros
1127 4268 1218 4335 nobis
1233 4270 1358 4353 ignotos
1373 4269 1519 4355 adepturi

354 4386 418 4453 sitis
434 4424 475 4433 -
492 4394 528 4455 ut
549 4393 625 4455 sunt
646 4388 685 4455 de
709 4386 959 4470 medicinalibus,
983 4406 1116 4470 quorum
1139 4385 1232 4471 copia
1251 4390 1300 4451 est
1314 4384 1421 4468 aliqua
1435 4383 1520 4470 apud

355 4520 418 4587 nos,
441 4504 494 4571 sed
517 4510 624 4571 taram
647 4501 818 4587 sigmenta‘
839 4502 1057 4585 ultramarina,
1082 4521 1162 4587 quae
1183 4501 1218 4567 in
1240 4500 1286 4567 eis
1309 4500 1429 4586 scripta
1446 4518 1519 4566 con-

424 4692 444 4726 a
466 4681 581 4747 mactans
599 4682 626 4729 V.
721 4680 744 4727 b.
767 4676 886 4739 perhiodis
905 4680 932 4727 V.
1026 4692 1046 4726 c.
1067 4678 1169 4739 xpitiqus
1188 4678 1216 4725 V.
1310 4676 1333 4723 d.
1352 4676 1474 4723 marnatis
1493 4676 1520 4721 V.

359 4770 376 4801 a
394 4772 438 4805 non
454 4762 524 4819 egetis
543 4762 570 4809 7.
647 4762 664 4807 l.
685 4778 715 4805 cn
730 4758 862 4819 pigmenta?

424 4864 447 4918 1.
464 4879 506 4935 ep.
518 4864 714 4936 ananensis,
733 4862 888 4920 rso-rso.
960 4864 985 4917 a.
1005 4861 1160 4917 ros-rac.
1232 4862 1258 4915 s.
1277 4860 1401 4916 rsa-0.
1414 4858 1475 4914 ras.
