4342 6034
648 733 715 801 oss
1062 749 1143 797 vrrs
1165 748 1360 797 numanam
1381 748 1407 796 n

691 910 737 956 sus
759 889 821 957 Por
842 910 935 975 quem
958 889 1099 973 digestus
1121 888 1225 955 iuerat
1247 909 1335 956 sacer
1357 888 1468 957 ordine
1490 893 1603 975 textus,

760 1012 793 1072 et
815 1026 909 1091 quam
931 1005 1081 1071 noticiam
1103 1004 1204 1071 traxit
1224 1024 1281 1090 per
1304 1005 1536 1093 philosophiam

760 1122 838 1189 artis
860 1120 1050 1204 mundanae,
1071 1120 1149 1187 laoit
1171 1120 1346 1189 elucescere
1368 1120 1472 1207 plane.

802 1237 889 1303 Haeo
911 1236 966 1304 ubi
987 1236 1147 1324 completa
1169 1256 1226 1325 per
1249 1256 1320 1303 eum
1343 1243 1418 1303 sunt
1441 1256 1518 1323 paee
1541 1237 1647 1321 quieta

758 1353 926 1439 peronius
948 1359 1061 1419 nutum
1083 1352 1182 1419 niolril
1204 1357 1293 1419 extat
1314 1352 1408 1419 inane
1431 1358 1583 1419 statutum
1605 1388 1642 1399 -

689 1488 736 1535 reo
759 1474 808 1536 set
829 1474 938 1538 manet
959 1490 979 1535 a
1000 1467 1073 1552 lino,
1097 1467 1194 1535 nichil
1217 1468 1407 1554 experiendo
1430 1469 1552 1553 ruinae,

757 1583 853 1651 finem
876 1585 1071 1669 contingens,
1095 1584 1252 1670 sapientia
1275 1604 1369 1668 qnam
1391 1584 1480 1651 dedit
1501 1585 1609 1669 ingena
1631 1618 1667 1631 —

757 1697 911 1787 presulis¹
932 1700 1065 1768 illushis
1087 1719 1187 1784 meus,
1211 1700 1306 1767 rebus
1329 1700 1463 1785 provida
1483 1700 1586 1783 iustis,

758 1817 873 1888 addere
895 1818 1048 1883 maiorem
1070 1816 1177 1883 iuveni
1199 1816 1329 1882 molitur
1351 1816 1512 1883 honorem.

756 1932 860 2019 thue
882 1933 980 2001 nichil
1002 1932 1095 2016 desit,
1118 1936 1175 1999 sot·
1189 1936 1225 1999 ut
1247 1932 1325 1999 artis
1348 1932 1484 1999 eulmine
1506 1931 1606 2019 presit

689 2067 735 2114 oso
757 2048 818 2132 his,
842 2049 956 2135 quibus
978 2048 1099 2135 equalis
1120 2048 1183 2115 fuit
1204 2053 1237 2114 et
1258 2048 1406 2115 dispendo
1429 2048 1557 2132 sodalis,

757 2164 906 2231 admonet
926 2165 1011 2231 huno
1031 2165 1159 2247 iterum,
1183 2164 1261 2231 dans
1284 2164 1450 2231 eonsilium
1473 2164 1535 2231 sibi
1558 2184 1675 2231 verum:

756 2281 883 2349 hauriat
904 2287 941 2348 nt
961 2281 1081 2365 vivum,
1104 2299 1197 2365 quem
1220 2280 1276 2347 dat
1297 2281 1462 2367 sapientia,
1485 2281 1604 2361 rivum;

759 2402 856 2483 utque
877 2397 1066 2482 requiratur,
1091 2415 1171 2489 quae
1194 2416 1318 2463 summa
1339 2396 1492 2479 magistra
1513 2402 1650 2479 meatur,

755 2512 901 2596 Franoia,
925 2522 1022 2597 quae·
1043 2511 1134 2578 uouit
1156 2516 1189 2579 et
1210 2531 1281 2579 enm
1306 2512 1392 2579 velut
1414 2512 1509 2581 ubere
1530 2512 1610 2581 fovit

687 2647 734 2694 rso
756 2628 946 2715 discipulum
968 2646 1087 2711 aarum
1110 2628 1198 2714 prius
1221 2648 1313 2695 usum
1335 2627 1417 2695 laete
1439 2628 1610 2709 scolarum

754 2750 806 2813 set
825 2744 1037 2831 perfeetorum
1059 2744 1143 2829 stipe
1165 2764 1249 2811 nuno
1271 2764 1350 2831 opus
1373 2764 1442 2813 esse
1464 2744 1616 2829 oihorurn,

756 2866 789 2929 et
810 2880 976 2947 superasse
998 2880 1138 2943 manum,
1161 2880 1242 2946 qnae
1263 2860 1365 2946 possit
1386 2860 1517 2927 reddere
1539 2860 1665 2947 planum

754 2982 788 3044 et
808 2982 1060 3044 consummatum
1082 2975 1133 3043 rel
1156 2976 1215 3042 adl
1238 2996 1374 3061 unguem
1398 2976 1661 3063 philosophatum.
1695 2994 1699 3002 ·

755 3091 816 3159 Hie
837 3098 954 3177 monet,
976 3091 1029 3159 hio
1050 3098 1152 3179 paret,
1175 3112 1239 3158 non
1262 3091 1345 3178 quod
1367 3092 1456 3179 prius
1479 3094 1548 3178 ipse
1570 3096 1692 3161 vosmet

686 3225 733 3274 seo
754 3207 876 3275 lusibus
898 3214 932 3276 et
952 3208 1009 3275 lite
1030 3244 1074 3255 —
1097 3212 1222 3292 gereret
1243 3228 1315 3275 eum
1338 3215 1451 3275 cuneta
1472 3209 1575 3295 perita
1596 3244 1637 3255 -

755 3330 804 3391 set
826 3324 985 3410 quianon
1009 3324 1131 3412 apicem
1155 3322 1253 3391 studii
1275 3343 1334 3391 neo
1355 3324 1488 3409 contigit
1508 3344 1611 3393 uroem

753 3460 811 3527 pre
832 3460 964 3507 numero
986 3440 1074 3524 oleri,
1098 3442 1175 3525 quin
1198 3460 1256 3527 par
1278 3439 1338 3507 sibi
1361 3446 1470 3527 posset
1490 3440 1609 3524 haberi,

754 3556 809 3643 qui
830 3556 943 3623 studiis
965 3556 1089 3641 mugnis
1113 3556 1266 3639 viguisset
1287 3556 1430 3643 pluribus
1453 3556 1554 3623 aunis.

753 3671 864 3739 Paruit
885 3693 960 3757 ergo
983 3672 1068 3759 patri
1090 3672 1176 3739 mitis
1198 3672 1323 3740 dileetio
1347 3673 1424 3758 uati,
1521 3722 1525 3731 .

684 3806 730 3854 oro
751 3788 863 3855 uolens
885 3787 1027 3875 pontitiei
1048 3789 1154 3873 gravis
1178 3794 1233 3863 aut
1255 3788 1413 3855 eontraria
1435 3788 1513 3871 diei;

752 3905 860 3991 paruit
881 3910 914 3971 et
934 3905 1017 3971 votis
1039 3906 1147 3991 patrui
1167 3905 1222 3991 pia
1244 3925 1320 3971 eura
1342 3906 1474 3991 nepotis.

797 4020 894 4106 Ergo,
916 4022 970 4108 pio
993 4021 1055 4088 sibi
1077 4021 1222 4089 eoneooio
1245 4026 1317 4089 oetu
1338 4021 1495 4106 veniente,

752 4158 811 4224 pro
833 4138 929 4203 trivio
950 4158 1010 4224 pro
1033 4138 1198 4223 quadrivio
1221 4142 1314 4225 parat
1335 4138 1382 4205 ire
1404 4142 1548 4225 reponte;

752 4254 856 4340 earpit
876 4254 947 4337 iter,
969 4254 1114 4338 graditur
1136 4254 1255 4339 pariter
1277 4259 1364 4321 setus
1387 4254 1553 4323 sociorum.

684 4387 730 4435 ors
752 4368 847 4436 Fleut
866 4370 1007 4455 iuvenes,
1029 4389 1177 4455 gemuere
1199 4369 1410 4454 reues‚,dolet
1432 4370 1508 4437 ordo
1531 4370 1693 4451 bonorum,

752 4483 831 4552 flent
850 4485 934 4571 laioi,
957 4486 1035 4553 flent
1056 4486 1209 4570 eanonioi
1231 4487 1377 4553 iuvenem
1399 4484 1570 4573 profioisoi3

753 4603 885 4688 quisquo
908 4602 1003 4686 dolet,
1026 4602 1080 4687 qui
1101 4603 1187 4669 faeta
1208 4602 1289 4669 solet
1310 4600 1432 4669 iuvenis
1454 4600 1624 4669 reminisci.

713 4766 733 4804 r·
754 4765 821 4813 qum
836 4770 860 4827 ‘t
934 4752 957 4801 b.
979 4752 1041 4800 relat
1056 4771 1077 4799 c.

713 4850 737 4903 1.
761 4846 904 4903 Adelberti
915 4848 937 4903 L
