4342 6034
636 746 702 815 212
860 762 887 813 s.
904 762 1081 813 somraru
1102 764 1149 811 rer
1169 764 1273 813 numu
1293 762 1483 813 nersrouare
1501 762 1540 809 ra
1555 763 1586 810 ιι

476 916 616 973 ute-751
637 902 708 974 sae'
725 904 907 974 Bonilaeius
931 906 1110 994 episeopus,
1132 906 1257 991 legatus
1271 906 1413 973 Romam
1435 905 1596 990 ecelesiae,
1619 906 1654 971 in
1668 903 1812 972 Christo·

637 1022 781 1091 salutem.

725 1138 913 1207 Dilaetionia
936 1144 1061 1206 restrae
1076 1139 1278 1205 elementiam
1292 1138 1415 1205 intimis
1429 1136 1638 1224 imploramus
1654 1138 1813 1225 precibus,

635 1262 672 1323 ut
698 1276 757 1343 pro
791 1256 882 1323 nobis
913 1255 1108 1323 intercedere
1135 1256 1220 1342 apud
1248 1254 1430 1321 auctorem⁸
1457 1254 1599 1320 omnium
1628 1252 1813 1338 dignemini

636 1371 694 1437 Ut⁶
720 1392 784 1438 uon
814 1373 965 1457 ignoretis
995 1392 1124 1438 eausam
1154 1372 1247 1437 huius
1270 1368 1391 1458 praeis,
1421 1368 1545 1436 sciatis:
1577 1370 1667 1455 quia,
1696 1371 1815 1436 nostris

635 1489 774 1575 peeoatis
804 1488 1018 1573 exigentibus,
1048 1486 1246 1555 conversatio
1276 1486 1544 1574 peregrinationis
1566 1491 1696 1553 nostrae
1718 1488 1815 1552 variis

635 1605 876 1691 tempestatibus
900 1604 1053 1671 inliditur.
1100 1604 1247 1690 Undique
1268 1602 1374 1686 labor,
1398 1602 1539 1688 nudique
1561 1622 1676 1668 meror.
1725 1601 1815 1668 Foris

635 1742 775 1808 pugnae,
799 1722 884 1787 intus
908 1716 1066 1787 timores'.
1115 1720 1218 1807 Super
1240 1720 1350 1785 omnia
1372 1719 1613 1803 gravisdmum:
1637 1718 1725 1803 qnod
1747 1719 1815 1785 vin·

636 1843 712 1905 eunt
733 1838 886 1905 insidiae*¹
909 1838 1061 1904 falsorum
1076 1836 1212 1903 trabum
1226 1835 1401 1903 malitiam·
1416 1834 1592 1902 infidelium
1606 1838 1815 1921 paganorum

636 1953 756 2039 Rogata
786 1974 860 2038 ergo
883 1954 972 2040 pium
995 1952 1191 2019 defensorem
1214 1954 1299 2018 vitas
1321 1958 1450 2019 nostrae
1469 1958 1502 2019 et
1521 1952 1650 2017 unieum
1672 1950 1816 2018 salutare

635 2070 848 2137 laborantium
871 2068 1038 2154 refugium,
1063 2090 1182 2153 agnum
1195 2068 1267 2150 Dei,
1291 2070 1346 2153 qui
1369 2066 1501 2135 abstulit
1521 2072 1653 2154 peream
1667 2063 1814 2135 mundi⁸:

636 2192 672 2252 ut
700 2206 774 2270 uos,
803 2186 886 2253 inter
913 2185 1026 2252 talium
1054 2184 1203 2272 luporum
1231 2184 1349 2251 eubilia
1376 2183 1565 2269 lustrantes,
1593 2184 1729 2251 dextera
1756 2204 1817 2251 sua

636 2308 820 2390 protegente
842 2302 959 2368 inlesos
982 2302 1153 2383 eustodiat3
1177 2307 1224 2386 ut,
1246 2300 1302 2367 ubi
1324 2300 1500 2367 debuerunt
1517 2320 1587 2367 esse
1606 2301 1744 2387 speeiosi
1758 2320 1816 2389 pe-

547 2489 550 2497 ,
635 2418 691 2485 dos
720 2416 916 2505 portantium
943 2418 1107 2485 lucernam
1133 2410 1236 2505 paois‘
1262 2413 1494 2501 auangelieae⁴,
1522 2436 1588 2483 non
1608 2417 1816 2485 inveniantur

634 2534 803 2601 tenebrosa
830 2534 1020 2600 errantium⁸
1050 2533 1285 2621 apostatarum¹¹
1313 2532 1463 2617 vestigia3
1498 2533 1555 2601 sed
1589 2535 1693 2619 magis
1721 2540 1817 2621 pater

635 2650 808 2737 piissimus,
833 2650 982 2717 aeeinetis
1005 2650 1122 2717 lumbis
1144 2650 1273 2734 nostris,
1296 2647 1440 2737 perficiat
1453 2650 1599 2717 lueernas
1616 2650 1765 2718 ardentes
1780 2651 1816 2717 in

634 2766 780 2833 manibus
803 2767 920 2833 uostris
943 2772 976 2833 et
997 2766 1166 2833 inluminet
1184 2766 1283 2833 eorda
1295 2765 1462 2850 gentilium
1477 2766 1519 2833 ad
1533 2766 1817 2854 contemplandum

635 2882 835 2968 euangelium
859 2880 979 2967 gloriae
1003 2882 1131 2949 Christi.

724 3000 810 3068 luter
832 3019 871 3067 ea
893 3019 1020 3085 praeor,
1049 3003 1085 3064 ut
1106 2997 1302 3067 intercedere
1323 3000 1427 3085 pietas
1449 3004 1557 3066 vestra
1578 3018 1637 3087 pro
1659 2999 1732 3065 istis
1757 3020 1817 3088 pa-

634 3118 735 3202 ganis,
760 3118 814 3202 qui
836 3116 927 3183 nobis
951 3116 990 3182 ab
1014 3113 1189 3201 apostoliea
1210 3114 1285 3183 sada
1307 3116 1468 3181 commissi
1483 3121 1567 3201 sunt,
1590 3117 1757 3200 dignetur:
1781 3122 1820 3183 ut

636 3254 689 3301 eos
725 3232 864 3299 salvator
897 3231 1007 3297 mundi
1035 3230 1074 3297 ab
1103 3228 1272 3296 idolorum‘
1298 3230 1424 3298 cultura
1452 3232 1575 3319 eripere
1602 3232 1755 3317 dignetur
1786 3238 1820 3299 et

636 3349 808 3433 adgregare
836 3346 966 3415 unicae*
988 3346 1100 3413 matris
1123 3346 1295 3414 eatbolieae
1317 3346 1391 3414 filiis
1419 3348 1586 3433 eeclesiae,
1616 3348 1657 3414 ad
1683 3346 1820 3416 laudem

637 3472 669 3531 et
691 3464 825 3548 gloriam
847 3464 983 3531 nominis
1007 3464 1071 3544 sui3
1096 3464 1151 3547 qui
1172 3464 1243 3531 vult
1264 3482 1373 3530 ornnes
1396 3463 1540 3532 homines
1562 3462 1667 3531 salvos
1688 3462 1765 3531 fieri
1787 3470 1820 3533 et

637 3580 678 3648 ad
701 3581 894 3665 agnitionem
918 3579 1062 3647 veritatis
1085 3576 1221 3647 venire⁵.
1270 3580 1358 3647 Vale.

641 3741 701 3813 73.
725 3744 911 3828 Bonifatius
932 3742 1126 3827 Eodborqoe
1148 3742 1324 3808 obbotrbaoe
1350 3741 1541 3809 Tboneteoaa'
1561 3745 1599 3809 de
1622 3743 1713 3809 atro
1735 3750 1819 3811 mis·

727 3854 771 3917 ais
792 3853 915 3937 prutina
939 3848 1027 3937 apid.
1544 3848 1579 3931 (S
1597 3850 1648 3934 14,
1671 3848 1742 3915 WG
1763 3854 1820 3933 18)

479 3986 619 4042 723—751
727 3974 960 4043 Dilectissimae
983 3974 1084 4041 sorori
1099 3978 1131 4041 et
1150 3974 1216 4039 iam
1231 3973 1351 4041 dudum
1366 3974 1519 4062 spiritalis
1535 3974 1724 4041 clientelae·
1740 3996 1821 4064 pro·

639 4092 816 4179 pinquitate
838 4110 975 4157 conexae
997 4089 1167 4174 Eadburge
1195 4089 1374 4157 abbatissae
1396 4090 1578 4157 Bonifatius
1606 4110 1718 4157 servus
1749 4112 1821 4159 ser·

639 4228 750 4275 vorum
773 4206 835 4274 Dei
857 4226 1028 4294 perennem
1051 4206 1084 4271 in
1108 4205 1234 4272 Christo
1258 4206 1402 4274 salutem.

711 4356 731 4387 a.
751 4340 849 4391 Domino
866 4344 900 4389 M.
979 4341 1000 4387 b.
1023 4342 1123 4387 aeteram
1142 4341 1169 4385 V.
1248 4354 1267 4387 e.
1288 4340 1317 4387 ari
1337 4342 1511 4401 amacrtptuaa
1531 4350 1565 4387 ert
1584 4344 1607 4387 io
1630 4343 1656 4389 C.
1735 4342 1763 4389 d.
1785 4344 1821 4390 in·

638 4422 697 4469 sidia
715 4422 742 4468 V.
822 4438 842 4468 e.
863 4424 927 4467 Haec
946 4425 968 4467 tn
987 4424 1055 4469 Caio
1075 4431 1129 4467 snas
1147 4430 1262 4466 correcta.-
1282 4421 1384 4467 timoras.
1408 4418 1519 4481 Quodque
1536 4422 1572 4466 est
1587 4420 1752 4481 superomnia
1768 4435 1822 4481 gra-

638 4502 763 4559 vissimum,
779 4502 876 4549 insidiae
891 4500 1000 4547 falsorum
1015 4500 1119 4552 fratrum.
1135 4512 1179 4558 que
1194 4500 1289 4549 ducunt
1303 4500 1413 4548 malitiam
1430 4509 1470 4545 cet.
1522 4500 1540 4547 i.
1558 4500 1636 4559 paruis
1652 4503 1688 4547 Μ.
1740 4513 1767 4559 g.
1784 4517 1821 4549 er·

637 4583 711 4629 rantis
728 4584 784 4635 MV,
803 4580 1038 4629 autumantium
1055 4582 1081 4627 C.
1152 4578 1175 4625 la
1197 4583 1352 4640 apostotorum
1361 4584 1403 4627 Ἡ.
1473 4580 1489 4625 i.
1509 4578 1624 4627 idolorum
1641 4580 1669 4627 V.
1740 4579 1770 4628 k
1787 4584 1822 4627 ri·

638 4663 702 4709 cinae
720 4664 746 4709 C.
823 4661 839 4707 l
860 4678 888 4706 a
904 4664 933 4707 Μ
949 4660 1083 4713 tlt—sto,
1106 4659 1182 4715 068,
1205 4661 1264 4707 Vt.
1291 4664 1397 4707 bamur
1416 4658 1474 4707 llam
1495 4659 1594 4719 epistola
1608 4658 1722 4707 Bombdi
1740 4660 1822 4709 trehi-

639 4742 741 4801 apiseepl
757 4743 836 4790 ΜΝ.
914 4754 944 4786 m.
964 4738 1093 4786 eliantellae
1111 4739 1138 4785 7.

711 4820 735 4873 1.
754 4817 937 4888 Tbaneteusi3
956 4833 982 4872 v.
996 4831 1080 4887 supra
1090 4832 1118 4886 p.
1129 4816 1165 4871 52
1177 4832 1204 4870 u.
1215 4818 1240 4871 2.
1294 4817 1321 4871 2.
1340 4815 1493 4873 scarioth.
1507 4818 1532 4887 7,
1544 4816 1570 4873 ὁ.
1615 4816 1642 4871 8.
1660 4814 1721 4871 Iob.
1733 4818 1761 4887 1,
1774 4818 1821 4873 29.

639 4908 665 4961 4.
689 4904 731 4962 cr.
750 4906 828 4962 som.
843 4906 885 4975 10,
900 4906 941 4961 ιι.
1014 4906 1040 4961 5.
1066 4904 1291 4975 uramaraaa
