4342 6034
626 734 670 801 30
883 750 909 797 s.
926 748 1103 798 normann
1123 748 1168 797 rr
1190 748 1292 797 sunm
1313 746 1499 797 nemrouss
1523 747 1536 793 1

466 900 607 955 ets-soe
626 907 654 960 es
681 896 717 959 ia
746 892 831 959 caelo
841 887 858 957 ¹.
906 890 941 957 Si
969 910 1043 975 ergo
1071 888 1165 957 Petro
1194 888 1299 957 clavos
1326 888 1472 957 caelestis
1498 888 1590 973 regni
1620 908 1640 953 a
1667 886 1793 953 cbristo

625 1007 748 1075 conlate
770 1012 858 1092 suut,
882 1006 920 1075 de
944 1026 1005 1093 quo
1027 1010 1124 1093 poeta
1145 1005 1205 1073 ait:

742 1122 888 1208 Claviger
910 1122 1084 1206 aetherius,
1105 1125 1231 1209 portam
1254 1121 1309 1206 qui
1330 1119 1443 1208 pandit
1462 1120 1498 1186 in
1520 1115 1678 1204 aethra·',

626 1240 712 1326 quis,
748 1238 897 1307 ecclesiae
931 1238 998 1311 eius
1026 1242 1146 1305 statuta
1173 1236 1364 1323 principalia
1392 1254 1544 1322 spernens
1571 1240 1605 1303 et
1631 1234 1794 1301 dmtrime

625 1354 775 1422 mandata
797 1359 1009 1439 contemnens,
1032 1374 1090 1441 per
1112 1352 1256 1421 caelestis
1277 1352 1419 1440 paradisi
1440 1356 1568 1437 portam
1589 1350 1794 1436 gratulabun-

626 1472 684 1537 dus
707 1470 902 1555 ingreditur?
924 1469 968 1538 Et
989 1470 1017 1537 si
1039 1470 1110 1557 ipse
1128 1473 1320 1557 potestatam
1333 1467 1454 1551 ligandi
1468 1473 1563 1553 atque
1578 1466 1795 1535 monarchiam

625 1586 768 1654 solvendi
789 1586 823 1653 in
844 1584 931 1653 caelo
954 1591 986 1652 et
1007 1586 1042 1652 in
1063 1590 1151 1653 terra
1171 1584 1257 1652 felici
1278 1588 1364 1651 sorte
1391 1588 1424 1651 et
1453 1582 1607 1672 peculiari
1628 1582 1795 1671 privilegio

626 1703 767 1789 accipere
793 1702 983 1791 promeruit,
1013 1701 1100 1788 quis,
1127 1700 1285 1788 paschalis
1313 1700 1388 1767 testi
1415 1699 1558 1784 regulam
1586 1704 1795 1768 attonsurae

625 1817 785 1886 Romanae
806 1818 904 1886 ritum
926 1817 1079 1902 refutans,
1101 1837 1166 1885 non
1188 1817 1295 1904 potius
1316 1836 1352 1884 se
1373 1817 1493 1885 strictis
1514 1814 1647 1884 nexibus
1662 1816 1796 1883 inextri-

625 1935 768 2003 cabiliter
797 1934 1000 2020 obligandum
1033 1953 1129 2019 quam
1161 1932 1331 2001 clementer
1364 1931 1609 1999 absolvendum⁶
1637 1931 1796 2000 adamans

625 2050 815 2119 arbitretur?

715 2166 778 2234 Sed
799 2166 952 2233 fortasse⁸
976 2163 1109 2251 quilibet
1129 2162 1314 2250 strophosus
1342 2164 1495 2233 librorum
1516 2164 1616 2231 lector
1637 2182 1675 2231 ac
1697 2182 1796 2248 sagax

626 2283 855 2370 scripturarum
884 2281 1077 2368 disceptator
1098 2278 1157 2346 tali
1178 2299 1213 2347 se
1234 2281 1447 2349 excusationis
1470 2280 1571 2368 clipeo
1594 2279 1743 2348 defendat
1764 2284 1797 2348 et

625 2397 699 2465 talis
722 2396 885 2484 apologiae
907 2416 1020 2483 parma
1040 2400 1202 2483 protegatt
1231 2398 1302 2484 Epo
1324 2397 1471 2483 inquiens
1491 2401 1655 2483 ociusque
1675 2400 1796 2463 9999999-

626 2518 723 2581 menti
742 2528 889 2601 precepta
911 2518 1034 2581 aiacem
1047 2515 1116 2598 fide
1137 2536 1284 2591 ueneram
1306 2538 1346 2580 oc
1366 2528 1492 2581 sawtae
1509 2513 1676 2581 Trinitatis
1698 2534 1798 2580 unam

628 2634 791 2697 coecatiam
805 2652 962 2717 auumque
976 2630 1183 2697 adstantium
1198 2643 1227 2696 et
1240 2634 1358 2697 trinam
1367 2652 1579 2718 personarum
1590 2630 1797 2697 autunum

627 2748 720 2813 corde
743 2747 868 2813 medulo
892 2746 1054 2830 confiteor3
1076 2748 1253 2813 domeaime
1274 2750 1505 2814 iucarnationis
1525 2759 1755 2814 sacramentum
1768 2759 1798 2815 a

626 2866 786 2951 passiones
812 2863 991 2950 patibulaun
1018 2886 1056 2929 ae
1083 2866 1319 2929 commotionis
1349 2876 1490 2950 tropeum
1520 2884 1593 2929 uoce
1619 2864 1718 2929 libera
1737 2885 1797 2950 per

624 2980 781 3067 populum
802 2980 993 3067 predicator
1022 3002 1203 3066 supressum
1223 2982 1367 3045 acaum
1389 2992 1418 3046 et
1437 2992 1634 3047 mortuomari
1655 3002 1795 3060 eramen,

628 3098 756 3182 quondo
770 3096 905 3183 siapulis
921 3096 1095 3182 quibusque
1108 3118 1169 3182 pro
1185 3099 1368 3162 maumam
1381 3098 1562 3163 diversitate
1577 3098 1690 3183 dispar
1703 3099 1796 3163 retri-

627 3212 713 3278 butio
736 3214 934 3298 aequissimis
957 3213 1071 3277 iudicii
1090 3212 1233 3278 hoedus
1253 3212 1469 3293 meamuor,
1493 3214 1659 3299 dilapeater
1676 3214 1796 3279 11991119·

628 3326 731 3404 tiabat
754 3340 783 3393 et
805 3328 898 3393 buius
912 3328 995 3411 fidei
1012 3328 1183 3414 priuilegio
1204 3331 1241 3393 io
1262 3328 1486 3395 catholicorum
1505 3342 1593 3396 coetu
1606 3328 1796 3415 pumma

627 3445 695 3508 aiae
720 3442 829 3530 aliquo
852 3443 1048 3528 infelicitates
1071 3441 1249 3509 obetaculo‘
1271 3445 1527 3512 eoaawnerabor.
1619 3443 1683 3511 Sed
1703 3444 1796 3513 huius

627 3557 840 3625 excusationis
862 3556 1150 3644 propugnaculum,
1178 3558 1237 3625 sub
1265 3578 1327 3643 quo
1354 3580 1390 3627 se
1416 3559 1600 3628 delitescere
1626 3558 1797 3644 confidunt,

628 3672 819 3762 apostolicae
841 3673 1056 3757 castigationis
1079 3673 1207 3741 ballista
1228 3674 1296 3741 solo
1318 3680 1411 3743 unas
1433 3676 1573 3743 (1111111111
1587 3696 1798 3762 conquassare

628 3796 660 3858 et
688 3790 885 3875 confringere
913 3790 1006 3857 nitar.
1052 3788 1111 3856 Ait
1137 3810 1274 3877 namque
1302 3790 1449 3877 Iacobus,
1476 3796 1646 3859 matertere
1667 3791 1798 3859 Domini

627 3904 726 3973 filius:
761 3906 811 3973 Tu
833 3906 952 3988 credis,
977 3910 1054 3993 quia
1075 3930 1158 3973 uuus
1180 3921 1226 3974 est
1246 3902 1371 3987 Deus⁸3
1394 3912 1428 3975 et
1449 3909 1524 3994 quia
1544 3928 1603 3996 per
1623 3909 1797 3975 hironiam·

627 4022 792 4090 duodecim
821 4021 964 4089 tribubus
986 4021 1022 4088 in
1044 4022 1241 4109 dispersione
1262 4025 1404 4109 gentium
1432 4021 1628 4092 constitutis‘
1648 4024 1797 4111 loqueba·

627 4143 696 4224 tur,
726 4138 835 4205 stetim
858 4138 1036 4205 subiunxit:
1064 4140 1154 4205 Bene
1166 4140 1275 4226 faeta·
1304 4155 1334 4209 et
1354 4144 1498 4209 demones
1521 4144 1652 4208 eredunt
1673 4154 1702 4208 et
1722 4164 1797 4209 coa·

628 4250 841 4334 aemesam,-
864 4258 941 4342 quia
955 4255 1040 4339 fides
1062 4258 1131 4347 aiae
1153 4258 1298 4343 operibus
1315 4273 1441 4326 marma
1455 4252 1526 4324 αι’.
1561 4256 1655 4324 Fides
1669 4258 1798 4345 nempe¹

628 4369 783 4437 catholica
816 4376 848 4438 et
875 4370 1035 4437 frammae
1063 4370 1205 4439 carimtis
1234 4374 1401 4441 concordia
1428 4372 1700 4461 inseparabiliter⁸
1726 4374 1799 4461 pari

699 4516 721 4551 a
742 4502 835 4551 aethan
852 4505 880 4553 7.
970 4503 992 4551 b.
1015 4504 1179 4553 adsolrendun
1197 4507 1225 4554 V.
1309 4522 1329 4555 c.
1349 4506 1460 4555 tortum
1477 4508 1506 4555 7.
1590 4508 1614 4556 d.
1634 4506 1752 4555 macedo
1769 4508 1798 4557 V.

629 4598 649 4631 s.
670 4582 795 4631 hieroniam
813 4586 841 4633 7.
917 4584 934 4632 i.
955 4583 1053 4645 uempbe
1071 4586 1098 4633 V.
1178 4598 1200 4645 g.
1219 4586 1402 4647 inseparabiliter
1419 4589 1445 4635 7.

700 4678 725 4734 1.
744 4677 1008 4751 111111191919.
1089 4682 1116 4736 a
1134 4680 1178 4736 ax
1194 4681 1280 4753 ipsius
1291 4681 1430 4739 nmerms
1441 4682 1571 4740 Panse
1586 4682 1621 4739 os
1633 4683 1688 4739 aas
1699 4681 1798 4741 raas

627 4766 729 4823 uaeas
742 4768 768 4823 11
780 4769 805 4839 e,
824 4782 887 4839 opp.
901 4768 946 4825 aa
959 4768 1034 4826 eoos
1049 4786 1076 4841 p.
1090 4770 1151 4826 119.
1231 4772 1257 4827 a
1275 4770 1462 4844 11119919.
1543 4772 1569 4829 a
1588 4772 1623 4829 v.
1634 4770 1726 4830 aas.
1737 4774 1763 4844 1,
1772 4775 1798 4829 1.

628 4856 654 4912 s.
676 4856 864 4927 11111919.
954 4858 979 4914 c.
1003 4856 1095 4915 aas.
1108 4860 1134 4931 9,
1147 4860 1191 4916 ao.
