4342 6034
559 790 641 836 vrrn
661 789 817 837 neroum
838 789 1101 837 sncnrnrrsooer
1122 788 1319 839 uocunmnr
1457 774 1520 839 617

440 930 584 998 Mortuus
612 936 662 999 est
688 936 721 1021 et
741 929 922 1014 liengotus,
951 931 1111 1017 pulmonis
1139 930 1323 1000 infirmitate
1345 953 1520 1019 percussus.

347 1047 403 1113 Ad
427 1068 519 1132 quem
543 1047 618 1113 dum
640 1046 829 1115 venerabilis
853 1048 1118 1135 archiepiscopus,
1145 1048 1334 1135 intempeste
1356 1051 1457 1115 noctis
1480 1050 1522 1115 si·

347 1162 448 1230 lentio
478 1164 648 1247 excitatus,
677 1163 816 1230 venisset
844 1169 876 1229 et
903 1183 975 1229 eum
1002 1165 1038 1229 in
1060 1184 1160 1248 agone
1184 1166 1332 1251 spiritum
1353 1164 1523 1231 reddendi·

347 1279 587 1365 comperissetl,
610 1278 703 1345 ualde
724 1279 787 1345 sibi
808 1280 948 1366 compoti
969 1282 1002 1346 et
1016 1280 1291 1347 vehementissime
1311 1280 1386 1347 llere
1401 1280 1440 1347 de
1456 1281 1522 1347 eius

346 1396 462 1462 funere
484 1396 585 1481 cepit3
613 1395 660 1461 ita
681 1400 718 1461 ut
740 1396 885 1462 omuibus
907 1396 1109 1462 manifestum
1133 1402 1217 1463 esset
1238 1397 1400 1481 indicium,
1424 1416 1523 1481 quan-

346 1517 421 1577 tum
442 1512 549 1597 ipsum
570 1512 603 1577 in
626 1512 694 1577 vita
715 1511 870 1594 diligeret,
894 1532 988 1596 quern
1010 1513 1056 1578 sic
1078 1513 1112 1577 in
1135 1518 1294 1579 extremo⁰
1310 1513 1422 1579 mortis
1446 1514 1522 1579 arti·

347 1627 423 1694 oulo
451 1634 484 1694 et
508 1634 598 1694 tonte
626 1627 866 1693 conturbatione
892 1626 1028 1706 defleret
1064 1627 1206 1713 Cumque
1229 1633 1302 1715 post
1323 1628 1523 1695 honorabiles

347 1744 502 1828 exequias
524 1764 596 1809 eum
618 1764 718 1829 usque
741 1744 782 1809 nd
801 1743 904 1809 locum
920 1750 1104 1829 sequeretur
1119 1744 1255 1830 sepulcri
1271 1780 1313 1791 -
1329 1749 1365 1809 ut
1382 1744 1523 1811 dilectio-

345 1861 402 1926 nis
425 1858 586 1943 affectum,
610 1880 701 1945 quern
726 1859 912 1926 exhibuerat
933 1861 1034 1945 patri,
1057 1864 1132 1946 post
1153 1860 1273 1927 obitum
1295 1858 1369 1925 filiis
1393 1861 1460 1926 eius
1479 1860 1523 1927 ef-

345 1977 491 2043 fectuoso
519 1976 706 2062 inpenderet
728 2012 771 2021 -
795 1976 894 2041 artius
923 1995 976 2041 eos
998 1974 1154 2043 consolari
1177 1977 1262 2063 oepit
1284 1980 1316 2042 et
1337 1996 1394 2063 per
1418 1976 1524 2043 omnia

347 2090 510 2178 amplecti.
600 2091 691 2157 Unde
713 2092 869 2177 quendam
893 2112 1000 2158 eorum
1016 2090 1201 2175 blengotum
1223 2092 1359 2175 nomine,
1383 2092 1523 2158 defuncti

345 2206 490 2291 lllengoti
512 2206 623 2291 filiurn,
649 2208 774 2291 cingulo
796 2208 924 2274 tandem
947 2208 1079 2274 militari
1102 2209 1253 2288 accinxit3
1277 2207 1446 2293 multisque
1469 2208 1523 2275 be-

345 2322 472 2391 neficiis
493 2323 602 2410 ipsos*
623 2323 745 2389 ditavit
813 2323 1014 2390 Avunculum
1037 2329 1142 2389 autem
1166 2344 1273 2389 eorum
1295 2324 1422 2391 nomine
1443 2323 1524 2390 Bur-

345 2439 491 2523 cardum,
515 2439 711 2526 prepositum
731 2440 766 2505 in
781 2439 952 2524 lecheburg
958 2450 979 2524 ⁸,
1004 2441 1147 2525 quiante
1162 2440 1267 2505 minus
1284 2444 1351 2505 eret
1366 2447 1523 2526 acceptus,

344 2558 384 2622 in
413 2555 548 2639 gratiam
575 2560 753 2641 receptum,
782 2555 988 2621 domesticum
1018 2561 1051 2621 et
1071 2555 1261 2621 familiarem
1285 2555 1362 2621 adeo
1386 2556 1446 2622 sibi
1470 2576 1525 2623 ex·

345 2672 469 2754 hibuit,
498 2670 581 2756 quod
609 2670 807 2757 splendidum
838 2678 871 2738 et
898 2672 1087 2737 honoratum
1115 2676 1147 2737 ot
1173 2670 1233 2737 sibi
1257 2670 1467 2739 collateralem
1489 2672 1523 2738 in

347 2786 498 2855 omnibus
512 2787 652 2853 consiliis
667 2787 795 2872 suisque
810 2787 938 2853 secretis
953 2788 1057 2873 ipsum
1073 2786 1265 2870 admitteret,
1281 2786 1364 2854 unde
1378 2788 1412 2853 in
1426 2788 1524 2853 oculis

346 2902 570 2990 imperialibus
593 2903 795 2987 omniumque
816 2902 998 2989 principum
1021 2902 1161 2987 prefatus
1184 2904 1363 2989 prepositus
1378 2924 1441 2969 non
1456 2924 1524 2969 mo·

348 3020 442 3086 dicus
463 3023 641 3106 appareret

442 3134 566 3201 Interea
581 3170 623 3181 -
639 3133 893 3199 inimicitiarum‘
914 3133 1052 3218 undique
1075 3132 1192 3199 collisis
1214 3134 1413 3218 rancoribus,
1437 3140 1525 3221 post-

349 3271 449 3338 quam
477 3250 709 3317 funestissimus
736 3248 914 3334 iniquitatis
942 3268 999 3315 sue
1025 3249 1132 3317 radios
1154 3250 1305 3316 rutilante
1326 3270 1404 3336 pace
1426 3250 1525 3317 male-

347 3366 418 3435 fida
439 3366 598 3434 discordia
619 3361 776 3433 condidit¹
793 3366 1013 3449 -contigit‘,
1040 3365 1126 3450 quod
1147 3366 1335 3432 venerabilis
1359 3366 1525 3453 episeopus

350 3484 493 3571 suscepti
515 3484 616 3549 vicem
640 3480 735 3548 officii
756 3479 978 3548 tluctuantem¹²
1002 3480 1145 3565 doleret,
1169 3480 1252 3566 quod
1274 3482 1423 3548 hactenus
1445 3487 1524 3548 tem·

326 3576 329 3579 ⁴
349 3604 477 3688 pestate
493 3598 660 3681 discordie,
683 3603 716 3664 et
729 3596 832 3663 nunck
846 3598 1043 3681 negotiorum
1058 3598 1239 3683 importuno
1255 3597 1401 3681 tumultu,
1420 3597 1524 3683 quieto

350 3716 530 3783 sacerdotio
556 3716 607 3781 fas
629 3733 742 3781 vacere
763 3733 828 3779 non
851 3718 942 3779 esset
977 3712 1118 3780 Verbum
1140 3720 1245 3779 autem
1268 3712 1345 3779 illud
1369 3704 1524 3799 scripture

349 3831 501 3916 vigilanti
527 3830 733 3898 meditatione
760 3829 1009 3916 proruminans¹z
1042 3830 1127 3911 Quia
1154 3854 1223 3895 com
1250 3834 1386 3917 inpressi
1397 3831 1525 3916 fuerint

351 3950 541 4029 ememtes,
566 3951 624 4034 qui
645 3948 801 4013 secabant
822 3949 866 4011 od
881 3948 1089 4010 miomterium
1104 3947 1227 4027 altores,
1251 3970 1315 4013 noe
1331 3949 1526 4033 epredc'entsr

351 4068 489 4132 em
518 4066 557 4129 de
578 4067 760 4129 cosmum-io
784 4076 813 4128 et
833 4064 881 4127 ios
900 4074 1051 4149 reponent
1071 4066 1252 4129 vestimento
1274 4086 1333 4128 suo
1354 4068 1389 4128 in
1412 4064 1525 4150 postue

349 4184 551 4261 mast,
581 4183 658 4267 qnia
683 4192 794 4245 concta
815 4173 913 4259 eont’,
941 4176 1101 4243 maximae
1123 4179 1355 4244 contrarietatis
1378 4178 1525 4245 assertio-

349 4317 428 4365 nem
450 4316 507 4362 sue
528 4295 655 4377 rationi,
677 4300 839 4379 tamquam
863 4294 1004 4375 arbitrio,
1027 4292 1261 4359 diiudicendcm
1282 4294 1417 4360 ferebat:
1448 4314 1524 4378 quo-

349 4412 448 4480 modo
472 4412 542 4497 quis
564 4411 667 4497 possit
689 4410 841 4477 altaribus
864 4409 1021 4477 excubare
1035 4410 1161 4491 divinis,
1185 4410 1239 4494 qui
1259 4409 1450 4477 secularibus
1464 4410 1525 4475 im·

427 4638 448 4671 ι
469 4622 603 4671 reddentem
619 4625 642 4670 2.
695 4623 719 4669 b.
739 4642 770 4669 en
786 4624 926 4682 reperisset?
980 4636 1000 4669 c.
1020 4624 1120 4669 extremo
1138 4624 1159 4668 1.
1213 4622 1237 4669 d.
1258 4619 1313 4681 epds
1330 4622 1353 4667 1.
1406 4636 1427 4667 e.
1447 4620 1524 4667 lecho-

350 4704 462 4764 burghl,
477 4701 662 4761 lechebargckl.
723 4702 740 4749 t.
755 4702 906 4751 inimiciorem
918 4705 939 4748 l.
1001 4716 1022 4761 g.
1038 4703 1135 4761 contigit
1149 4703 1240 4751 addidi.
1301 4700 1325 4747 h.
1340 4700 1490 4747 tlucdtantom
1503 4702 1524 4747 1.

351 4784 471 4833 idolore
488 4784 509 4829 1.
571 4781 595 4828 h
614 4784 670 4829 tunc
684 4784 708 4829 2.
769 4782 998 4842 ipsorummet.
1194 4800 1197 4813 ·

425 4892 451 4945 1.
475 4886 657 4943 omnbus
746 4888 771 4941 n.
795 4886 951 4956 ameum,
966 4888 1000 4941 14
1017 4890 1047 4942 se
1062 4886 1164 4956 rome.
