4342 6034
525 1613 578 1667 748

478 1689 532 1746 post
540 1686 624 1733 llaium

639 740 705 806 200
889 754 915 802 s.
933 754 1110 803 nonnum
1131 756 1176 802 nr
1197 755 1301 803 nonu
1321 754 1510 803 nrmrourn
1533 754 1564 801 ro

641 896 702 966 70.
728 896 916 983 Bouario
939 896 1113 964 Cudbertto
1139 898 1375 985 archiepiscopo
1398 896 1623 964 Contuoriemi
1643 899 1683 963 de
1703 920 1811 963 maore·

728 1014 817 1078 ribus
841 1014 1013 1100 litterisque
1034 1017 1139 1078 missio
1159 1017 1284 1099 prasius
1306 1017 1383 1101 opit.
1417 1014 1450 1079 A
1465 1036 1532 1081 sese
1544 1018 1580 1081 in
1594 1016 1718 1101 synodo
1734 1036 1813 1101 qaus

729 1141 847 1195 statuto
870 1132 942 1209 aiut,
968 1130 1135 1215 oryuifioot.
1177 1128 1299 1196 Suadeo
1320 1131 1546 1197 mudooaooo
1581 1130 1686 1197 Addo
1706 1131 1748 1195 ds
1758 1130 1812 1215 fe·

728 1247 888 1310 minorum
913 1246 1048 1311 Romam
1066 1248 1323 1332 perepn‘ootiooe
1344 1248 1531 1328 coercenda,
1555 1247 1595 1311 de
1614 1248 1814 1312 monaterio

725 1382 786 1447 per
808 1361 906 1425 laicos
928 1384 992 1425 uon
1015 1363 1176 1447 rependis,
1200 1363 1239 1425 de
1259 1364 1392 1426 vestium
1415 1362 1571 1427 lusoriae

1428 1475 1464 1557 (s
1483 1478 1557 1561 roo,
1579 1475 1620 1544 w
1637 1478 1691 1562 ra,
1714 1474 1816 1558 sos)

733 1606 894 1695 Spiritalis
918 1606 1091 1675 adfinitatis
1113 1608 1344 1677 necessitudine
1371 1609 1547 1696 oopuloodo
1574 1610 1683 1694 fratri,
1712 1610 1818 1675 arohi-

641 1722 842 1811 pontifioatns
866 1724 967 1791 infula
986 1724 1167 1808 sublimato,
1190 1728 1375 1813 coepiscopo
1390 1720 1607 1793 eadberhto·¹
1621 1724 1817 1809 Bonifaoins,

639 1838 762 1923 legatus
784 1838 990 1907 Germanicus
1018 1839 1206 1907 catholicae⁰
1234 1842 1426 1929 apostolieae
1446 1840 1625 1909 Romanae¹
1653 1840 1818 1926 eoolosiae,

639 1955 811 2042 optabilem
834 1956 868 2022 in
891 1955 1033 2023 Christo·
1056 1955 1203 2022 intimae¹
1225 1957 1368 2023 oaritatis
1391 1957 1535 2025 salutem.

732 2070 893 2159 Scriptum
917 2072 1001 2139 onim
1025 2077 1073 2137 est
1095 2073 1129 2137 in
1152 2070 1233 2139 libro
1257 2072 1450 2140 Salomonis:
1479 2075 1600 2140 Beouu
1621 2073 1731 2154 homo,
1760 2078 1821 2159 qai

639 2192 760 2254 invenit
788 2193 940 2269 amioum,
971 2210 1042 2253 cum
1071 2210 1133 2275 quo
1155 2193 1257 2275 possit
1280 2191 1369 2277 loqui
1390 2193 1485 2277 quusi
1507 2212 1578 2255 eum
1599 2201 1694 2254 eones
1714 2184 1817 2275 ipm'.

640 2304 721 2371 Cum
743 2304 926 2371 muneribus
949 2302 1199 2370 munificentiae‘
1221 2305 1363 2371 vestrae'¹
1386 2305 1585 2371 dulcissimas
1611 2303 1736 2371 litteras
1763 2324 1820 2371 ve-

642 2425 741 2503 stras,
764 2420 906 2485 fraterna
928 2420 1060 2485 caritate
1082 2420 1262 2504 interlitas',
1284 2440 1416 2505 magnas
1439 2421 1508 2488 Deo
1530 2425 1564 2487 et
1584 2419 1674 2487 vobis
1696 2420 1820 2503 gratias

642 2541 786 2619 agentes,
809 2534 874 2600 filio
897 2538 1000 2602 vestro
1023 2536 1156 2601 disoeno
1179 2534 1395 2622 Cynoberhto²
1418 2536 1584 2621 offerente,
1605 2536 1817 2622 susoopimns.

641 2651 740 2717 Vivae
761 2651 848 2717 roois
871 2670 994 2735 quoquo
1016 2650 1168 2716 melliflua
1188 2652 1356 2737 conloquia
1377 2658 1484 2719 vestra
1504 2652 1545 2719 de
1564 2652 1716 2719 fraternis
1737 2670 1816 2718 oon·

642 2767 722 2834 siliis
744 2786 802 2853 per
824 2766 914 2832 illum
936 2765 1028 2831 nobis
1057 2767 1173 2832 caritas
1201 2774 1308 2833 vestra
1334 2768 1506 2834 mandavit
1552 2768 1640 2847 Quae
1668 2767 1820 2835 oonsilio-

641 2902 712 2949 rum
737 2884 894 2970 spiritalia
916 2882 1083 2966 oonloquia
1106 2888 1253 2969 optamus
1274 2890 1321 2967 ut,
1346 2883 1415 2949 Deo
1437 2884 1562 2951 volente
1585 2904 1680 2968 quam
1702 2884 1761 2949 din
1784 2886 1821 2951 in

642 2999 701 3066 hao
729 2999 855 3066 mortali
885 3000 951 3065 vita
978 2999 1141 3081 vivamus,
1175 2999 1344 3065 internos
1372 3000 1488 3083 ingiter
1516 2999 1733 3084 insinuentur,
1761 3000 1821 3066 illo

642 3120 820 3201 prestante,
851 3136 871 3181 a
899 3134 961 3199 quo
990 3114 1056 3180 solo
1080 3120 1190 3180 saneta
1212 3115 1383 3199 desideria,
1412 3121 1499 3181 reeta
1522 3115 1655 3181 oonsilio
1677 3121 1710 3182 et
1732 3115 1822 3183 iusta

642 3237 717 3297 sunt
740 3226 864 3318 opera⁸.
907 3229 971 3295 Vos
994 3229 1107 3295 melius
1131 3214 1163 3296 ot
1183 3230 1308 3316 plenius
1324 3266 1366 3277 -—
1383 3231 1496 3316 quibus
1519 3230 1606 3298 Dens
1627 3230 1740 3298 multis
1763 3232 1821 3299 do-

643 3348 732 3412 navit
761 3352 793 3413 et
820 3346 1007 3433 prudentius
1036 3364 1131 3412 nosse
1160 3352 1193 3412 et
1220 3344 1333 3412 melius
1362 3352 1395 3413 et
1415 3346 1541 3433 plenius
1564 3366 1657 3433 posse
1680 3384 1724 3393 —
1747 3369 1820 3433 nos,

644 3463 734 3548 quasi
757 3463 791 3527 in
813 3462 922 3548 pausis
945 3460 1053 3528 fideles
1075 3462 1187 3529 vestri¹
1211 3468 1244 3528 et
1264 3462 1384 3546 devoti,
1407 3464 1590 3529 studeamus
1612 3464 1739 3548 instrui,
1762 3484 1821 3530 au-

643 3588 722 3644 reom
743 3577 888 3645 eoelestis
912 3578 1027 3643 amoris
1051 3578 1193 3661 vinculo,
1218 3578 1301 3663 quod
1323 3580 1430 3665 rumpi
1451 3598 1516 3645 non
1538 3586 1659 3666 potest,
1681 3580 1821 3647 invicem

644 3695 790 3761 catenati.
836 3693 917 3759 Nam
941 3692 1031 3760 labor
1052 3694 1154 3759 nostri
1177 3693 1346 3759 ministerii
1368 3694 1462 3761 unius
1486 3699 1518 3762 et
1539 3695 1680 3761 eiusdem
1703 3714 1821 3762 oansae

717 3850 738 3883 a.
758 3855 787 3883 aa
804 3840 832 3883 M
848 3836 1024 3887 luno-lusto
1048 3834 1247 3889 celo-loun
1271 3836 1425 3883 767-7θυ.
1450 3838 1572 3883 Praeterea
1591 3838 1688 3883 aalma&
1700 3838 1823 3896 spel-m·

646 3919 763 3968 (Concilio
779 3916 839 3961 orbis
856 3916 984 3962 Britannici
998 3916 1076 3965 1287}
1095 3916 1213 3962 edium
1228 3932 1281 3971 „et
1296 3917 1513 3965 colvenerium
1529 3934 1569 3963 mr.
1585 3920 1655 3965 lions·
1670 3918 1819 3966 θωὴν

643 4002 733 4055 sacram
751 3999 824 4055 (Sp),
839 4005 860 4039 ct
876 4011 925 4039 enm
943 4012 1010 4055 quum
1027 3997 1089 4041 Giles
1107 3996 1240 4043 (Amodata
1256 3997 1336 4043 Μαι
1352 3999 1482 4052 Lunsrunci
1495 4007 1517 4041 et
1532 3999 1628 4044 aliorum
1642 4014 1666 4055 p.
1678 3997 1772 4049 7-17)
1790 4015 1821 4043 α

645 4078 723 4124 codice
741 4094 785 4121 pon
801 4075 903 4121 indiculo
916 4078 1011 4133 pararit
1026 4076 1144 4121 odilionem
1163 4078 1205 4123 (G.
1218 4083 1272 4122 on).
1381 4076 1403 4121 b.
1427 4076 1539 4123 cudberto
1556 4080 1617 4133 MC,
1639 4075 1771 4123 cndberhm
1790 4078 1819 4130 V,

645 4156 768 4204 Outhberto
784 4156 824 4213 Sp.
895 4166 915 4199 e.
936 4156 959 4199 et
976 4155 1032 4200 odd.
1052 4158 1077 4209 C,
1094 4158 1134 4214 Sp.
1206 4155 1229 4201 d.
1248 4152 1362 4201 erenm
1380 4157 1408 4201 V.
1481 4170 1501 4201 o.
1522 4174 1565 4202 on.
1582 4160 1609 4204 C.
1678 4156 1696 4202 l.
1717 4172 1760 4201 οι.
1777 4160 1820 4211 Μ,-

644 4238 746 4283 internae
764 4236 790 4282 C.
857 4247 879 4292 g.
900 4234 1050 4281 munieontiso
1069 4236 1097 4281 V.
1179 4234 1203 4281 h.
1223 4234 1378 4281 munificentia
1392 4238 1469 4282 vestra
1489 4238 1523 4283 Μ.
1605 4237 1622 4282 ί.
1641 4234 1760 4283 marum
1777 4238 1820 4295 Sp.

643 4316 667 4363 k.
689 4314 831 4375 cynebertho
850 4318 883 4367 Μ,
899 4316 945 4373 Sp‚·
967 4332 1024 4359 corr.
1040 4318 1061 4361 ln
1079 4314 1222 4361 Cnnoborhto
1239 4318 1272 4365 C.-
1287 4314 1431 4373 Cynobsrhto
1448 4316 1476 4361 V.
1553 4315 1569 4361 l.
1590 4315 1630 4361 uni
1645 4318 1672 4367 C.
1687 4317 1764 4361 anon
1777 4316 1820 4374 Sp.

644 4410 674 4442 m.
695 4394 751 4442 auro
768 4398 807 4451 M,-
829 4407 883 4439 auro
900 4410 955 4439 corr.
973 4397 995 4440 in
1017 4408 1085 4441 aureo
1103 4398 1135 4451 C,·
1156 4408 1211 4441 anro
1230 4396 1258 4449 V,-
1278 4408 1345 4440 anreo
1362 4397 1403 4453 Sp.

717 4492 741 4545 1.
766 4488 885 4557 archiep.
905 4489 1103 4559 Cantuarionsi,
1122 4490 1277 4544 740-762.
1349 4491 1375 4543 2.
1400 4487 1664 4558 cl.Eoo1i.2o,1u:
1684 4489 1819 4559 „Beatus¹

645 4579 692 4649 qui
710 4578 815 4634 invonit
832 4578 951 4631 amioum
962 4592 1067 4645 vorum,
1086 4584 1116 4632 et
1126 4578 1174 4646 qui
1185 4581 1294 4633 enarrat
1306 4578 1438 4633 iustitiam
1450 4580 1510 4633 anri
1521 4578 1643 4634 audienti
1651 4577 1676 4633 “.
1732 4580 1759 4633 3.
1780 4594 1821 4647 „⁸

645 4682 700 4737 quo
723 4670 820 4721 saneta
838 4696 871 4705 —
891 4668 955 4719 sunt
977 4665 1081 4735 opera“
1102 4682 1138 4721 ex
1161 4667 1319 4737 precatione
1342 4666 1466 4721 sollemni
1488 4668 1531 4732 (in
1548 4666 1747 4721 Procesaionnli
1764 4666 1820 4721 Ro·

645 4770 740 4811 mano:
758 4754 883 4809 Litaniao
902 4754 1018 4809 maiores
1037 4760 1065 4809 et
1083 4754 1222 4825 minores),
1241 4755 1318 4809 ouius
1336 4755 1443 4809 initium
1461 4754 1514 4811 hoo
1531 4759 1589 4810 est:
1610 4754 1715 4825 ,Deum
1733 4769 1820 4823 aquo

646 4848 742 4902 saneto
760 4842 903 4916 desideria,
922 4848 999 4899 roota
1016 4844 1130 4899 oonsilio
1147 4848 1176 4899 et
1193 4844 1266 4900 iusta
1283 4846 1348 4898 sunt
1365 4858 1457 4913 opera,
1477 4843 1514 4898 da
1531 4844 1619 4899 servia
1636 4843 1712 4899 tuis“
1732 4847 1786 4897 oet
