4342 6034
579 814 606 861 s.
622 814 799 862 nosmsrn
821 815 865 861 nn
888 814 990 861 unum
1012 814 1199 862 srrsrousn
1223 814 1254 861 ea
1439 798 1502 865 197

356 956 488 1041 accedere,
510 976 574 1023 nou
598 955 689 1023 bonis
712 955 769 1022 sed
791 954 884 1023 malie
907 954 993 1022 vitiis
1014 954 1153 1042 plenum
1190 954 1352 1043 Scriptum
1366 976 1504 1043 namque

355 1078 404 1138 est:
426 1072 485 1155 Qui
506 1074 639 1160 diligites
663 1074 854 1154 Dominum,
880 1075 962 1138 odite
984 1067 1130 1137 malcm¹.

425 1186 501 1255 Nam
530 1193 563 1255 et
589 1188 650 1255 hoc
680 1188 845 1255 hortamur
874 1187 1139 1255 christianitatem
1166 1191 1320 1255 vestram:
1349 1192 1386 1253 ut
1414 1187 1505 1255 iuxta

352 1310 511 1371 amatorum
534 1324 689 1371 canonum
712 1304 859 1372 instituta
880 1304 914 1369 in
938 1302 1079 1371 aeclesiis
1110 1323 1130 1369 a
1156 1304 1246 1371 vobis
1273 1302 1414 1371 fundatis
1441 1324 1505 1371 non

352 1420 458 1487 aliunde
490 1420 621 1487 veniens
650 1419 808 1508 presbiter
837 1420 1044 1507 suscipiatur,
1082 1420 1145 1485 nisi
1173 1440 1192 1485 a
1220 1424 1346 1487 uestrae
1373 1418 1505 1487 eclesiae

350 1536 429 1603 berit
449 1536 596 1623 episcopo
621 1541 831 1621 consecratus,
855 1542 910 1602 aut
932 1536 972 1603 ab
995 1555 1032 1603 eo
1054 1556 1113 1621 per
1128 1535 1405 1603 commendaticias
1419 1535 1504 1603 litte·

350 1672 392 1717 ras
411 1653 606 1740 suscipiatur.
645 1650 737 1719 Multi
760 1653 845 1719 enim
869 1652 996 1719 sibimet
1018 1650 1098 1738 ipsis
1120 1651 1299 1736 mendaces,
1322 1651 1504 1719 multotiens

350 1768 418 1833 servi
439 1768 773 1854 cuiusquam,‘fugam
799 1768 1002 1855 arripientes,
1032 1766 1185 1833 dominis·
1208 1768 1274 1833 suis
1296 1773 1398 1834 semet
1418 1768 1505 1855 ipsos

350 1884 425 1969 quasi
445 1890 644 1952 consecratos
666 1884 859 1971 presbiteros
883 1882 1090 1964 adnuntiant3
1119 1888 1152 1949 et
1180 1888 1255 1949 sunt
1275 1883 1416 1949 ministri
1438 1883 1506 1951 dia·

349 1998 401 2065 boli
421 2004 451 2066 et
470 2020 536 2067 non
558 1999 629 2085 Dei,
654 2004 685 2067 et
709 2001 762 2086 qni
787 2020 839 2067 eos
863 2000 1039 2087 suscipiunt
1061 1998 1216 2066 similiter.
1256 1998 1338 2078 Quia
1351 2000 1506 2086 scriptum

348 2120 401 2181 est:
422 2117 554 2184 Videbat
567 2118 680 2204 sareas
703 2131 732 2183 et
754 2140 824 2183 cum
847 2140 881 2183 eo
905 2110 1069 2182 currebas⁸
1091 2119 1125 2182 et
1146 2120 1261 2182 cetera
1294 2114 1408 2182 Nullus
1430 2136 1504 2200 ergo

350 2251 380 2297 er
400 2232 499 2317 vobis,
529 2232 701 2317 carissimi,
725 2232 794 2299 eina
816 2231 961 2299 consultu
984 2232 1034 2298 sui
1057 2232 1198 2318 episcopi
1219 2231 1254 2297 in
1276 2251 1505 2318 quamcumque

349 2348 498 2415 aeclesiam
520 2348 714 2415 intromittat
735 2348 964 2436 presbiterum,
989 2348 1052 2414 nisi
1075 2347 1163 2434 prius
1186 2367 1206 2413 a
1227 2352 1333 2413 vestm
1356 2348 1505 2436 episcopo

348 2465 422 2549 origo
444 2471 474 2532 et
496 2466 693 2533 conversatio
717 2464 784 2533 eius
807 2465 903 2532 luerit
925 2463 1128 2553 conprobata.

423 2580 616 2648 blouasteria
647 2586 769 2667 autem,
799 2600 879 2667 quae
907 2585 1088 2647 constructa
1111 2586 1185 2645 sunt
1207 2599 1227 2645 a
1249 2579 1337 2645 vobis
1360 2578 1412 2647 uel
1434 2598 1508 2647 con-

348 2702 497 2765 struuntur
521 2718 561 2765 ex
589 2698 755 2765 devotione
781 2695 937 2782 fidelium,
970 2702 1095 2783 oportet
1121 2702 1172 2779 ut,
1203 2696 1230 2761 si
1258 2696 1430 2763 monachus
1458 2696 1509 2765 vel

348 2814 582 2881 sanctimonialis
616 2814 734 2882 femina
767 2814 806 2881 de
839 2814 972 2902 propria
1004 2812 1191 2897 cognatione
1228 2811 1274 2879 ibi
1308 2812 1509 2880 constituitur

348 2951 495 3018 praeesse,
526 2936 563 2998 nt
592 2930 631 2997 ab
660 2931 807 3017 episcopo
836 2930 974 2996 civitatis
1004 2934 1204 2995 consecretur
1231 2929 1297 2994 sive
1321 2928 1417 2995 abbas
1441 2930 1508 2995 sive

349 3046 503 3115 abbatissa.
550 3046 594 3113 Et
623 3046 651 3112 si
674 3046 874 3131 congregatio
898 3046 1015 3113 ibidem
1038 3045 1152 3129 fuerit,
1181 3049 1254 3131 post
1275 3044 1361 3111 illius
1385 3044 1508 3111 abbatis

349 3170 394 3229 ant
418 3164 595 3231 abbatissae
625 3162 786 3229 decessum
816 3168 848 3229 et
877 3183 896 3228 a
924 3160 1167 3246 congregatione
1197 3160 1330 3247 quilibet
1358 3160 1506 3245 eligatur3

349 3280 545 3367 abepiscopo
568 3284 675 3346 tamen
699 3282 913 3363 consecretur,
943 3283 975 3345 et
996 3298 1059 3345 nou
1083 3298 1103 3343 a
1124 3277 1291 3343 fundatore
1313 3278 1507 3345 monasterii.

349 3394 425 3481 Quia,
449 3396 532 3483 quod
554 3395 622 3461 Deo
647 3394 743 3461 semel
765 3394 862 3461 fuerit
884 3394 1034 3479 oblatum,
1057 3394 1212 3460 intactum
1232 3392 1326 3460 debet
1339 3394 1509 3481 persistere

349 3512 397 3577 sub
417 3512 525 3597 regula
548 3511 688 3599 episcopi
712 3510 928 3577 constitutum.
1021 3508 1154 3597 Oportet
1177 3514 1299 3593 autem,
1329 3516 1366 3577 ut
1387 3510 1430 3595 is,
1454 3510 1509 3597 qui

348 3627 498 3696 ordinatur
522 3626 618 3694 abbas
642 3626 708 3695 sive
731 3626 902 3711 abbatissa,
925 3626 1013 3714 prius
1037 3626 1204 3693 edoceatur
1228 3646 1353 3693 omnem
1368 3626 1508 3693 divinam

348 3742 437 3827 legem
459 3750 491 3812 et
513 3764 635 3812 sacram
652 3744 860 3829 scripturam3
884 3748 929 3827 ut,
953 3743 1028 3808 dum
1046 3743 1174 3809 subesse
1190 3742 1344 3828 didicerit,
1367 3747 1508 3829 postmo-

348 3858 412 3926 dum
433 3862 595 3928 moderate
617 3880 764 3947 praeesse
787 3860 875 3925 sciat.

426 3974 556 4045 Decime
578 3996 652 4045 vero
675 3974 826 4061 fidelium,
850 3996 929 4061 quae
952 3974 985 4040 iu
1009 3973 1130 4041 eclesiis
1153 3972 1336 4059 offeruntur,
1359 3992 1422 4039 non
1446 3973 1511 4039 sint

349 4090 550 4179 inpotestate
580 4092 738 4160 offerentis
768 4090 809 4157 ad
838 4090 1100 4157 distribuendum.
1146 4089 1301 4169 Quoniam
1329 4096 1509 4156 sanctornm

349 4213 464 4291 patrum
491 4210 662 4277 constituta
684 4209 862 4275 continent:
892 4212 1040 4293 quattuor
1068 4206 1183 4273 exinde
1210 4206 1250 4273 ab
1278 4206 1426 4293 episcopo
1455 4205 1509 4273 de-

349 4321 414 4391 bere
440 4323 508 4393 fieri
536 4320 724 4415 portioncs³.
778 4322 854 4402 Quis
884 4324 984 4409 euim,
1016 4323 1107 4389 iuxta
1134 4326 1339 4410 praeceptum
1368 4320 1508 4405 Domini,

1522 964 1618 1097 sss

349 4458 459 4524 ponens
481 4462 611 4509 manum
639 4462 735 4530 super
764 4446 903 4507 aratrum
933 4446 966 4507 et
992 4444 1167 4507 retrorsum
1195 4436 1384 4525 respiciens,
1415 4442 1523 4523 aptus·

350 4560 391 4621 eet
417 4578 511 4642 regno
535 4554 634 4626 Deii⁴
723 4556 772 4625 De
800 4557 935 4645 pecunia
962 4576 1037 4625 vero
1067 4554 1263 4622 eclesiastica
1284 4552 1331 4620 ita
1352 4553 1508 4620 sancitum

412 4739 432 4773 a
451 4722 516 4773 ddum
533 4730 560 4776 C.

413 4831 436 4885 l.
458 4830 503 4886 Pe.
515 4832 559 4903 96,
573 4832 616 4887 10.
691 4832 717 4885 2.
740 4830 842 4901 Pali),
856 4830 899 4885 18.
970 4830 996 4884 3.
1021 4826 1063 4884 cf.
1082 4827 1207 4885 Gmdani
1224 4826 1305 4882 Decr.
1323 4825 1354 4881 P.
1366 4824 1394 4880 11
1411 4823 1443 4882 0.
1455 4824 1510 4881 xn

353 4918 420 4984 qua
436 4922 550 4977 can.2'l.
639 4920 666 4975 4„
688 4919 756 4975 Luc.
769 4920 794 4990 9,
807 4920 850 4975 62.
