4342 6034
642 756 709 822 634
845 775 926 821 vrrs
948 774 1104 823 sancum
1126 774 1386 823 snoumrmcorr
1408 774 1604 823 osocmrrnu

554 920 624 975 llos
641 921 753 982 sancta
779 916 995 983 condebantur
1021 922 1217 1000 sauctorum,
1247 916 1333 983 iures
1362 922 1395 984 et
1421 917 1561 983 latrones
1588 922 1621 983 et
1642 916 1801 1001 sacrilegos

564 992 614 1040 ⁰*
641 1036 675 1097 c
695 1031 965 1098 summumne
992 1032 1111 1099 caeco
1139 1033 1290 1099 corneo
1318 1032 1685 1099 consenescentem
1705 1038 1802 1099 euro

641 1147 707 1230 des,
729 1167 788 1213 nec
802 1147 906 1213 Deum
927 1166 986 1214 uec
1007 1148 1168 1215 homiuem
1190 1168 1249 1215 nec
1270 1150 1342 1235 ipsc
1356 1153 1467 1215 sancta
1481 1154 1636 1232 verentes,
1659 1148 1806 1233 undosa

640 1268 674 1329 et
695 1262 886 1348 impiissima
910 1283 1007 1329 mauu
1029 1264 1171 1331 demoliti
1195 1271 1270 1332 sunt
1293 1265 1525 1345 sanctuarium
1555 1270 1588 1331 et
1609 1264 1716 1331 omnis
1735 1285 1806 1351 pro-

639 1378 784 1445 fanantes
807 1398 995 1462 omnemque
1016 1378 1199 1447 thesaurum
1222 1380 1353 1447 ecclesie
1376 1386 1409 1446 et
1422 1380 1530 1445 domni
1546 1380 1697 1467 episcopi,
1720 1380 1807 1465 quid-

640 1494 716 1578 quid
743 1512 885 1578 seorum‚
913 1495 1066 1579 quidquid
1089 1494 1156 1562 Dec
1187 1496 1343 1579 dicatum,
1373 1496 1527 1580 quidquid
1555 1496 1642 1561 intus
1669 1494 1808 1563 sublici

641 1610 835 1695 protectione
863 1610 1042 1696 depositum
1070 1611 1189 1695 fuerat,
1223 1617 1466 1679 temeraverunt.
1508 1610 1582 1697 lpse
1609 1616 1734 1677 secreta
1759 1610 1810 1677 in-

638 1725 790 1792 dumenta
811 1732 844 1791 et
857 1746 984 1793 omnem
998 1727 1111 1813 templi
1128 1727 1282 1812 decorem,
1306 1727 1490 1814 privilegia·
1506 1727 1706 1811 antiquitatis
1714 1726 1737 1810 ⁵,
1759 1746 1810 1794 oc·

638 1841 734 1909 clesie
754 1841 902 1908 librarias
924 1846 958 1908 et
979 1843 1192 1927 antiquarias⁰
1216 1842 1455 1924 destruxerunt,
1485 1847 1518 1909 et
1539 1848 1705 1928 tamquam
1726 1863 1811 1909 mar·

638 1958 756 2041 gorius
778 1976 947 2043 porcorum
967 1958 1111 2041 vestigiis
1135 1973 1245 2027 exesas
1268 1959 1400 2027 carnotod
1415 2006 1558 2025 .......
1575 1960 1627 2025 sui
1641 1958 1811 2046 populatus

637 2073 786 2157 lugubres
820 2073 862 2139 ad
890 2073 996 2139 Deum
1027 2074 1197 2141 mittebant
1229 2076 1379 2159 mugitus.
1470 2075 1593 2143 Deinde
1621 2075 1812 2158 vertiginem

637 2190 765 2256 vesanie
786 2210 843 2255 sue
864 2190 899 2254 iu
921 2190 1027 2255 aulam
1048 2190 1260 2277 episcopalem
1283 2198 1451 2275 vertentes,
1474 2191 1593 2257 fumoso
1616 2210 1672 2257 ore
1694 2190 1729 2255 iu
1744 2190 1811 2275 epi-

638 2325 769 2391 scopum
791 2304 959 2389 latrantes,
987 2306 1096 2372 omnia
1124 2306 1360 2390 subverterunt,
1390 2306 1543 2391 quidquid
1565 2306 1599 2371 in
1621 2305 1812 2373 utensilibus

636 2421 672 2487 in
693 2419 914 2507 suppellectili,
936 2420 1090 2506 quidquid
1112 2422 1146 2487 in
1169 2422 1242 2489 vino
1266 2427 1299 2489 ct
1312 2422 1496 2505 cumeum,
1519 2420 1691 2488 contractis
1706 2441 1814 2488 carne-

635 2536 691 2620 ris‚
715 2536 815 2619 ostiis,
838 2535 1031 2620 diversoriis,
1055 2537 1311 2608 deambulatoriis
1334 2537 1533 2621 sedibusque,
1556 2537 1684 2623 penitus
1708 2538 1814 2603 omni-
1918 2534 1919 2581 ³

636 2651 695 2718 bus
712 2651 870 2718 demolitis
876 2651 894 2717 ¹.
923 2652 1052 2735 Vinum,
1076 2652 1160 2737 quod
1175 2672 1240 2719 non
1255 2658 1426 2739 putruerunt
1441 2672 1634 2735 consumere,
1654 2654 1690 2719 in
1703 2654 1815 2719 rivum

635 2766 824 2853 prodmtnm
844 2772 933 2834 terra
952 2772 1055 2835 mater
1077 2768 1234 2835 sorbebat
1325 2768 1504 2835 Novissime
1526 2770 1560 2835 iu
1582 2768 1727 2851 clericos,
1754 2770 1816 2854 qui

635 2882 750 2950 domuc
773 2884 920 2970 episcopo
943 2883 1148 2966 adherebant,
1169 2884 1221 2949 sui
1242 2885 1359 2951 furoris
1381 2889 1599 2951 convertentes
1620 2885 1814 2968 tonitruum,

635 2998 745 3065 domos
774 2999 915 3087 ipsorum
945 3006 978 3065 et
1003 3020 1055 3067 res
1081 2999 1256 3067 familiares
1284 3006 1317 3067 et
1347 3000 1496 3085 quioquid
1523 3000 1558 3066 in
1579 3000 1659 3086 ipsis
1681 3000 1744 3065 fuit
1770 3001 1815 3067 ad

634 3114 736 3181 solum
759 3134 857 3199 usque
879 3114 1091 3181 denudabant
1181 3115 1293 3183 Portas
1315 3134 1438 3201 quoque
1452 3116 1540 3183 urbis
1553 3116 1744 3199 clauserunt,
1771 3138 1815 3184 ne

636 3230 750 3315 uliquis
786 3230 826 3296 ab
858 3230 934 3297 inde
961 3231 1077 3298 domno
1105 3232 1253 3318 episcopo
1281 3236 1406 3318 pateret
1435 3252 1588 3299 nocemus.
1677 3232 1721 3298 Et
1748 3234 1814 3318 sic,

633 3346 763 3413 domum
776 3344 907 3412 Domini
927 3346 1138 3415 irreverenter
1160 3358 1216 3414 ac‘
1238 3348 1462 3415 contumeliosa
1484 3349 1708 3434 prostituentes
1729 3346 1815 3417 hao-

632 3466 736 3545 tenus,
760 3461 895 3546 qmliter
917 3462 1032 3529 domno
1054 3464 1204 3551 episcopo
1226 3464 1380 3531 inferrent
1402 3464 1585 3550 perniciem,
1609 3464 1694 3529 omui
1717 3463 1814 3531 solli-

633 3577 772 3643 citudiue
793 3578 1046 3663 pertractabant3
1074 3599 1170 3665 super
1192 3579 1338 3646 omnibus
1361 3580 1410 3647 his
1433 3580 1618 3662 molaribus,
1645 3580 1727 3647 sicut
1750 3582 1814 3665 qui

632 3693 746 3763 maiori
772 3712 807 3760 se
834 3693 938 3760 iudice
964 3694 1068 3761 solent
1095 3695 1195 3779 tueri,
1224 3695 1374 3763 domnum
1396 3696 1620 3781 imperatorem
1644 3702 1813 3765 auctorem

632 3814 665 3877 et
685 3815 902 3896 preceptorem
923 3810 1178 3897 interpretantes.

721 3924 893 4010 Postquam
914 3930 1002 3993 mute
1023 3926 1198 4012 impietatis
1221 3926 1262 3993 ad
1285 3926 1436 3993 domnum
1458 3927 1641 4014 episcopum
1659 3930 1813 4014 pervenit

632 4040 756 4127 opinio,
777 4040 1015 4126 nichilominus,
1045 4042 1215 4109 admonitis
1237 4042 1489 4127 fideiussoribus,
1518 4040 1673 4129 prolixum
1696 4064 1811 4111 omen-

631 4156 769 4223 datiouis
789 4157 932 4243 ipsorum
954 4158 989 4225 in
1011 4163 1116 4223 castro
1131 4157 1265 4243 Pinguie
1284 4158 1517 4245 prestolabatur
1532 4160 1711 4227 terminum.
1739 4158 1809 4229 Ubi

631 4278 738 4341 autem
764 4292 820 4339 eos
846 4272 968 4340 bandis
995 4294 1053 4340 sue
1074 4273 1294 4345 emolimentoh
1317 4275 1486 4362 perpendit
1506 4280 1598 4343 tanta
1618 4274 1810 4345 infidelitate

630 4390 709 4456 fore¹
732 4388 863 4476 udeptos
885 4409 944 4456 neo
965 4390 1212 4457 satisfactionem
1234 4412 1293 4478 pro
1315 4391 1433 4457 iniuria
1455 4391 1511 4458 sed
1533 4392 1636 4459 minas
1654 4413 1672 4458 e
1691 4398 1810 4460 ccnln

630 4512 755 4589 onas,
785 4505 905 4573 aiebat:
936 4506 988 4572 Ao
1016 4510 1090 4593 ipsa
1113 4506 1293 4594 perstem*
1316 4512 1438 4595 criptae
1465 4507 1570 4592 inquit
1597 4510 1663 4575 loca
1684 4509 1809 4576 alaeue

703 4730 724 4763 a.
744 4716 868 4777 pravilegia
878 4720 900 4764 l.
946 4716 969 4763 b.
985 4718 1166 4778 antiquitatest.
1213 4732 1233 4766 c.
1249 4718 1355 4766 librarios
1369 4720 1543 4779 etantiquarlcs
1555 4720 1608 4777 1‚2.
1655 4720 1768 4767 dcuncti
1781 4724 1809 4769 2

630 4798 806 4845 dimanarunt
820 4797 934 4844 acidius
948 4798 1044 4844 cidem.
1121 4798 1138 4845 i.
1159 4798 1281 4846 demolitur
1296 4802 1318 4845 t.
1390 4812 1411 4857 g.
1431 4799 1456 4845 ln
1472 4801 1494 4845 1.
1566 4798 1590 4846 b.
1613 4798 1760 4847 enormem·
1778 4802 1806 4849 2

628 4876 727 4923 itcrat
743 4878 764 4923 1.
841 4875 865 4923 t.
885 4876 1030 4924 tactuum.
