4342 6034
567 792 648 841 vrri
669 792 824 841 aarum
846 790 1108 841 naonmrrscorr
1130 792 1324 841 noannrnu
1461 774 1524 841 671

353 933 429 999 beat
456 956 505 999 ose
526 934 743 1021 profondum,
771 958 871 1021 neque
892 948 1004 1021 arpent
1025 958 1120 1022 erepet·
1141 958 1190 1001 me
1207 948 1322 1023 meae
1344 956 1379 1001 er
1401 930 1526 1011 rautn¹3
1554 942 1624 997 1160

351 1070 394 1114 ae
416 1052 548 1134 woodo
568 1055 681 1136 rapiat
697 1064 732 1117 at
754 1052 801 1117 leo
821 1054 960 1117 abiaram
981 1074 1093 1131 mom,
1118 1052 1194 1117 dam
1215 1074 1279 1117 aaa
1301 1064 1346 1117 eet
1368 1054 1425 1137 poi
1440 1053 1525 1117 redi·
1543 1015 1591 1063 iun.
1603 1016 1633 1063 Μ

351 1178 433 1245 ωε,
457 1187 558 1251 aeque
579 1169 637 1252 qui
657 1168 779 1232 soleam
792 1161 929 1251 faciest
951 1170 1017 1231 arbi
1038 1180 1082 1247 tu,
1106 1169 1231 1233 domine
1245 1168 1335 1233 Deae
1357 1188 1452 1247 mua,
1476 1188 1524 1233 ee·

352 1282 497 1347 eandm
516 1304 629 1347 nemea
644 1295 741 1349 torota
774 1283 863 1369 Erpa
878 1286 921 1349 rit
934 1283 1004 1349 luae
1018 1296 1086 1363 tua,
1109 1283 1258 1364 Domine,
1282 1286 1317 1347 in
1331 1306 1396 1360 mer
1419 1296 1447 1349 et
1460 1286 1526 1349 ium

351 1399 482 1483 Μοίρι
503 1400 643 1463 arbium
663 1421 765 1465 auom
787 1410 816 1464 et
832 1422 894 1485 per
911 1400 1057 1485 palmam
1076 1401 1218 1465 martirii
1237 1422 1286 1465 nae
1298 1400 1362 1484 foe
1382 1400 1425 1464 ud
1439 1412 1526 1465 tuom

348 1516 534 1599 paninperc
552 1514 702 1599 plenium,
725 1515 864 1581 salvom
884 1517 1005 1579 maadi
1149 1583 1151 1591 ,

447 1626 511 1695 Sed
532 1646 602 1695 oum
625 1628 684 1695 bee
698 1628 841 1713 dixisset,
864 1648 963 1715 prope
978 1635 1104 1714 portam
1119 1629 1220 1695 astitit
1234 1628 1356 1697 sedens.
1426 1629 1526 1695 Tene-

351 1742 470 1809 brosus
491 1744 609 1830 quippe
627 1744 731 1828 turbo,
754 1765 794 1811 ex
814 1744 970 1811 dennute
989 1745 1087 1811 fumi·
1103 1744 1317 1830 progrediens,
1340 1744 1387 1811 ita
1401 1764 1526 1811 omnem

351 1859 581 1926 obscuraverat
600 1860 716 1943 lotum,
739 1860 822 1945 qnod
845 1880 885 1927 ex
907 1860 1028 1947 pallore
1047 1860 1220 1944 nigredinis
1236 1864 1424 1946 apparentes
1440 1866 1526 1927 tene·

352 1974 412 2041 bre
447 1974 576 2043 omnino
610 1980 740 2062 possent
772 1972 923 2062 palpari.
968 1975 1177 2054 Quamobrem
1207 1974 1400 2059 Meguntini,
1434 1980 1526 2061 perte

352 2090 496 2157 turrium
521 2090 634 2159 relieta
661 2092 818 2174 custodia,
846 2112 868 2157 a
894 2092 975 2158 faeie
1002 2092 1085 2175 ignia
1113 2091 1258 2159 exterriti
1288 2098 1378 2159 extra
1399 2110 1526 2157 murum

351 2206 462 2273 laeum
477 2226 603 2273 ornnem
617 2207 799 2288 cinxerunt3
815 2228 945 2275 omnem>
956 2207 1088 2289 aditum,
1103 2207 1250 2275 semitam
1265 2226 1399 2290 omnem,
1416 2226 1525 2273 eninee

353 2322 494 2407 denique
520 2322 618 2389 rimas
646 2328 679 2390 et
706 2322 853 2407 angulos,
880 2344 922 2390 ue
949 2323 1065 2389 domne
1095 2322 1241 2408 episeopo
1265 2322 1417 2389 evadendi
1438 2321 1525 2389 loeus

353 2437 500 2521 adesset,
530 2437 663 2505 sollicite
692 2438 980 2525 perscrutabantur.
1070 2437 1114 2505 Et
1142 2443 1216 2523 post
1240 2438 1420 2525 paululum,
1454 2457 1525 2505 eum

352 2552 502 2637 flamma,
534 2554 615 2621 fumi
644 2555 799 2623 densitate
832 2555 965 2637 reieeta‚
999 2574 1124 2621 ornnem
1157 2553 1270 2621 faeiem
1297 2554 1360 2621 loei
1387 2554 1525 2621 tenebris

354 2670 565 2752 denudasset,
593 2670 721 2755 qnidam
742 2671 835 2739 miles
857 2692 897 2737 ex
924 2671 1020 2756 ipsis,
1051 2668 1337 2737 truculentissimus
1361 2675 1526 2756 tyrannus,

353 2784 565 2870 Helnrgernsb
586 2786 725 2870 nomine,
747 2786 879 2853 reetitm
900 2786 983 2853 ferro
1007 2791 1040 2853 et
1061 2785 1219 2853 aeeinetue
1241 2784 1346 2868 gladio
1366 2786 1400 2851 in
1418 2806 1525 2869 menn,

354 2902 439 2969 iuria
460 2902 604 2969 invertas
625 2902 712 2967 intra
733 2900 862 2969 wdesie
883 2902 1005 2983 nunus,
1029 2901 1071 2967 ad
1091 2922 1163 2967 eum
1178 2901 1371 2969 seieeitatrun
1386 2901 1525 2985 advenit,

354 3017 481 3087 ditans:
507 3018 586 3100 Quis
610 3040 641 3083 ee
663 3031 698 3085 tu
719 3016 838 3103 iuquit·
853 3030 884 3083 et
897 3020 976 3104 qaid
989 3019 1037 3084 ibi
1050 3019 1141 3104 epist
1207 3015 1402 3083 Venerabilis
1418 3022 1524 3083 auteur

356 3134 526 3219 episeopus
555 3132 652 3199 niabil
679 3132 852 3218 respondit
941 3134 988 3199 At
1013 3132 1068 3199 ille
1096 3133 1174 3199 dirie
1203 3132 1343 3199 instabat
1369 3132 1523 3215 hiatibus3

356 3248 471 3333 denne,
495 3250 566 3335 quie
589 3256 673 3315 esset
694 3253 727 3315 et
748 3248 823 3333 quid
839 3248 885 3315 ibi
899 3254 1017 3333 ageret,
1039 3249 1158 3316 furioso
1173 3248 1291 3315 latratu
1303 3252 1522 3334 perennetane.

355 3363 455 3442 Quem
480 3364 623 3450 protinus
646 3366 788 3448 agnitum
802 3364 993 3431 vociferared
1008 3364 1091 3433 sieut
1104 3364 1291 3450 arreptitius
1306 3364 1406 3451 oepit:
1429 3366 1521 3447 neae,

356 3484 446 3547 xre!
467 3481 533 3547 Hie
554 3485 619 3548 eet!
639 3481 776 3562 Currite,
800 3486 916 3547 currite
937 3482 1041 3566 inquit
1061 3483 1197 3548 eumin!
1217 3481 1282 3547 Hie
1304 3483 1367 3547 eet!
1386 3480 1429 3547 Et
1451 3500 1523 3549 tum

356 3614 467 3665 ornnes
489 3603 627 3681 ruerent,
649 3596 714 3681 ille,
736 3596 929 3664 terribilibus
951 3596 1050 3662 oeulis
1070 3597 1176 3682 ipsum
1197 3596 1334 3680 intuens,
1357 3594 1522 3661 homicidis

356 3712 504 3781 inanibus
531 3712 641 3779 christi
664 3712 793 3779 Domini
819 3712 968 3779 verticem
992 3716 1160 3779 atueetue
1181 3732 1246 3779 nun
1268 3711 1521 3795 contremieeens,

357 3828 484 3911 aigneos
506 3828 606 3915 ipsius
629 3846 723 3895 aanor
744 3834 777 3895 et
790 3828 893 3895 omnis
907 3828 1105 3893 venerantie·
1120 3826 1230 3913 plenos
1244 3828 1414 3895 temeraria
1426 3846 1523 3895 mann

358 3942 545 4011 deiectione‘
566 3944 730 4011 demoniaa
749 3944 887 4031 arripuit
908 3948 941 4010 et
961 3962 1051 4025 mox,
1073 3943 1108 4008 in
1128 3944 1234 4029 ipsum
1256 3945 1390 4027 irruens,
1413 3962 1523 4011 aevum

357 4056 531 4145 impietatis
560 4080 616 4127 sue
643 4059 783 4143 gladium
810 4080 868 4146 per
895 4060 997 4146 ipsius
1023 4058 1239 4125 sacratissima
1259 4064 1421 4147 tempora⁸
1441 4056 1521 4125 ixit

358 4170 418 4241 Cui
444 4180 572 4243 sanans
598 4176 762 4263 episeopus
784 4196 857 4243 eum
878 4174 1032 4262 profunde
1052 4172 1171 4241 inflieto
1194 4174 1323 4243 vulnere
1345 4174 1521 4259 inclinaret

358 4294 527 4377 antequam
553 4296 651 4378 eaput
676 4292 827 4375 erigeret,
855 4291 935 4359 alter
962 4288 1097 4357 terribili
1123 4289 1189 4355 ietu
1216 4290 1298 4357 inter
1326 4290 1426 4357 nimai
1449 4288 1522 4356 eolli

358 4407 531 4495 capitisque
551 4408 659 4495 ipsum
680 4408 849 4495 pereuesit3
872 4407 924 4475 eui
945 4406 1049 4473 denuo
1062 4404 1234 4475 inelinavit
1316 4404 1379 4473 Sed
1392 4406 1521 4473 interim

428 4612 568 4661 smil.
663 4610 879 4671 biieiingerust.
976 4608 1224 4670 enqnituieenel.
1322 4608 1522 4657 brooiiemii.

360 4692 576 4739 arerereutiaet.
652 4691 862 4739 ideueetiouel.
938 4692 1123 4751 atymperal.
1191 4688 1215 4735 b.
1237 4691 1360 4737 summai.

429 4794 454 4849 1.
477 4795 523 4851 Pa
536 4797 580 4866 68,
593 4796 641 4851 162
661 4796 744 4867 „Non
760 4810 806 4851 me
823 4794 966 4864 demergat
983 4821 1017 4833 —
1034 4807 1067 4850 oe
1084 4790 1197 4850 suum'.
1268 4794 1294 4849 2.
1318 4794 1364 4849 Ps.
1376 4794 1402 4864 i,
1414 4794 1445 4849 3:
1466 4806 1522 4864 „ne

361 4882 468 4947 nendo
478 4914 512 4925 -
522 4885 630 4941 sairam
646 4882 761 4941 iacnt&
849 4884 875 4941 3.
898 4882 940 4941 Oi.
958 4883 1046 4939 brou.
1060 4884 1103 4955 10,
1115 4885 1159 4941 21.
