4342 6034
726 770 794 839 532
980 788 1142 837 nossem
1162 786 1350 836 suunnrrsrs
1372 788 1454 837 vrrs
1475 788 1648 837 ssuoorrrs

725 935 823 998 ventu
850 928 1014 996 solaminis
1042 930 1214 997 reddetur.
1306 928 1420 1015 Sisque
1449 929 1508 995 sub
1534 930 1647 997 abbate
1668 926 1820 1017 Bobpone¹
1838 932 1870 997 sd

558 1047 835 1116 1013-1018nidum
858 1064 935 1111 suae
956 1045 1052 1111 rediit
1073 1045 1288 1131 professionis,
1312 1050 1345 1111 ot
1365 1064 1487 1131 pauper
1509 1045 1614 1128 rebus,
1638 1045 1722 1112 diues
1736 1066 1802 1112 roro
1818 1048 1870 1132 spi·

725 1162 805 1247 ritu,
829 1160 962 1228 iuooluit
983 1160 1096 1227 dilecto
1117 1160 1222 1227 loourn
1244 1160 1459 1227 habitationis.

815 1275 898 1344 Suae
920 1276 1015 1343 saluti
1038 1296 1165 1360 raouns,
1186 1276 1321 1343 fratrum
1345 1277 1466 1343 studuit
1485 1276 1626 1359 utilitati,
1649 1281 1786 1361 totusque
1800 1276 1872 1343 dodi·

724 1397 776 1459 tus
805 1398 875 1459 erat
902 1391 1074 1459 inedicibili
1104 1392 1301 1475 benignitati.
1340 1392 1384 1459 Et
1413 1413 1453 1459 ex
1482 1412 1580 1479 parvo
1608 1392 1693 1477 quod
1714 1391 1821 1473 valuit,
1845 1412 1873 1457 er

724 1514 791 1574 toto
805 1508 957 1575 fratribus
972 1507 1123 1594 prodesse
1137 1507 1253 1588 voluit3
1273 1528 1331 1593 pro
1347 1509 1392 1573 eis
1407 1508 1574 1575 serviendo
1590 1508 1720 1591 legendo
1735 1512 1766 1573 et
1777 1513 1874 1589 reteri,

725 1644 805 1709 quae
827 1623 1060 1691 monasterialis
1087 1644 1164 1689 usus
1192 1624 1296 1708 norit,
1326 1624 1457 1707 agendo.
1548 1623 1597 1689 lta
1619 1642 1743 1708 quoqne
1762 1625 1874 1689 oirouus

725 1759 849 1825 quaque
869 1740 934 1807 illis
949 1738 1089 1807 tollentis
1104 1738 1255 1805 iratribus
1268 1778 1309 1789 -
1323 1740 1472 1825 quoniam
1488 1738 1619 1805 enubiti
1633 1738 1680 1805 ibi
1694 1758 1774 1825 pene
1787 1759 1874 1805 ornnes

724 1858 886 1923 exierant·
902 1892 943 1903 -
960 1856 1048 1923 brevi
1070 1854 1260 1942 oomplaouit
1274 1856 1330 1939 ita,
1353 1860 1390 1921 ut
1404 1855 1492 1941 prius
1512 1855 1725 1921 innotesoeret
1739 1853 1873 1935 benefida

725 1992 820 2057 quam
842 1972 963 2039 reditus
985 1972 1036 2039 sui
1059 1971 1176 2059 spacio.

815 2086 892 2154 Visa
916 2088 1015 2171 igitur
1043 2088 1076 2153 in
1105 2088 1219 2153 fratres
1243 2088 1310 2153 eius
1334 2086 1542 2169 benignitate,
1572 2088 1717 2171 quamuis
1741 2085 1874 2153 uoluntate

724 2224 800 2291 sepe
821 2202 994 2270 irmtrata'
1015 2208 1215 2289 paupertate,
1239 2202 1432 2287 aliquociens
1453 2202 1487 2267 in
1509 2201 1737 2267 oourentioulis
1755 2202 1816 2267 suis
1827 2200 1874 2287 pri

724 2320 823 2403 vatis,
854 2339 965 2386 verum
992 2318 1041 2384 illi
1063 2319 1174 2386 dantes
1197 2318 1411 2385 testimonium
1436 2318 1656 2401 benignitatis,
1689 2318 1874 2402 querebantur

724 2436 866 2521 inopiam
888 2436 956 2502 eius
979 2440 1173 2521 spontaneae
1195 2435 1409 2521 paupertatis3
1439 2439 1471 2499 et
1499 2435 1560 2519 piis
1589 2435 1656 2500 eius
1679 2452 1739 2519 pro
1761 2433 1873 2499 moribus

726 2551 857 2635 dignum
879 2570 952 2617 eum
974 2551 1179 2633 musitabant,
1202 2551 1257 2636 qui
1278 2550 1451 2635 imperaret
1473 2548 1523 2615 vel
1543 2548 1731 2615 senioribus.
1767 2548 1873 2627 Quoue

725 2666 845 2733 laetum
868 2672 926 2733 ost
961 2666 1043 2733 Nam
1066 2666 1116 2732 vir
1138 2666 1214 2749 Dei,
1245 2666 1340 2731 simul
1363 2686 1436 2731 oum
1458 2664 1607 2748 gradibus
1630 2664 1725 2731 etatis
1749 2664 1869 2731 uuanda

727 2784 824 2848 etiam
847 2782 965 2866 gradus
987 2782 1162 2866 dignitatis,
1186 2782 1327 2869 opinioni
1351 2802 1460 2847 eorum
1482 2800 1682 2865 nequaquam
1698 2800 1734 2847 se
1748 2780 1869 2847 minoren

726 2898 783 2965 sed
805 2897 1017 2985 centuplicato
1039 2899 1116 2965 iecit
1137 2898 1300 2981 maiorem,
1324 2896 1494 2963 admodum
1516 2902 1552 2962 ut
1574 2896 1806 2981 gratulantibus
1819 2894 1873 2961 eloe
1913 2936 1914 2983 ,

726 3014 849 3081 oseas
871 3015 939 3081 erus
962 3014 1107 3098 sugens,
1135 3014 1228 3080 muru
1250 3034 1321 3081 eum
1345 3014 1486 3079 eicerent
1508 3012 1573 3079 suo
1596 3012 1747 3098 pomini
1769 3011 1873 3078 oleron
1913 2984 1914 3041 l

727 3130 876 3197 consiliis.
960 3128 1035 3196 Fuit
1056 3130 1152 3196 etiam
1175 3131 1209 3195 in
1232 3128 1318 3196 soala
1340 3128 1550 3215 proventionis
1574 3128 1641 3194 eius
1664 3127 1812 3212 quiddam
1829 3144 1876 3191 an

726 3245 873 3313 mirabile
902 3246 1105 3331 omniumque
1133 3251 1311 3312 memoratu
1339 3243 1511 3332 probabile.
1553 3242 1708 3321 Quoniam
1737 3244 1770 3309 in
1791 3260 1876 3308 moue

733 3362 830 3429 sterio
863 3361 953 3428 nulla
982 3362 1045 3428 tuit
1076 3361 1271 3444 obedientia,
1309 3380 1389 3445 quae
1422 3380 1486 3426 non
1518 3359 1803 3426 amministranetur
1827 3358 1877 3424 einr

733 3475 912 3559 diligentia3
942 3477 1012 3562 qni,
1041 3478 1197 3565 incipiens
1227 3497 1247 3543 a
1275 3476 1432 3559 minimis,
1453 3474 1557 3541 'finem
1578 3474 1751 3541 scandendi
1772 3472 1877 3541 leuitiu

731 3592 892 3659 maximis.
931 3590 1030 3677 Nam,
1058 3592 1235 3677 frugalitati
1263 3592 1387 3659 deditus
1414 3590 1568 3674 irateme,
1597 3588 1739 3657 lucratus
1767 3598 1812 3657 est
1833 3586 1877 3653 sibi

730 3728 848 3775 nomen
874 3708 1038 3792 dignitatis
1060 3714 1221 3795 paternae.
1259 3706 1482 3792 Quemcunque
1504 3708 1588 3775 enim
1610 3706 1747 3773 bouum
1769 3704 1877 3788 angrbrl

731 3823 864 3890 adonius
885 3825 934 3891 roi
955 3825 1145 3908 neoessitos,
1174 3823 1328 3891 evadendi
1350 3824 1569 3891 necessitatem
1593 3822 1742 3889 solatium
1764 3822 1876 3909 primun

731 3940 833 4007 saneti
853 3940 955 4027 patris
977 3941 1081 4007 fuerat
1102 3940 1244 4025 largitas.
1278 3938 1344 4005 Neo
1366 3938 1478 4006 isiellit
1493 3938 1629 4025 aliquem
1644 3958 1717 4025 spes
1733 3934 1877 4004 eiusmodi:

732 4056 888 4141 quianon
908 4056 1020 4124 habuit
1040 4076 1101 4124 neo
1122 4056 1283 4142 anquirom
1305 4056 1425 4142 potuit,
1448 4055 1532 4140 quod
1554 4054 1735 4141 petebatur,
1757 4052 1782 4119 si
1803 4069 1878 4133 nege

732 4170 788 4237 bat
802 4172 905 4240 alioui
941 4172 1032 4251 Quod
1045 4180 1151 4239 tarnou
1168 4172 1244 4257 qnia
1258 4171 1398 4237 aecidore
1412 4170 1595 4238 inevitabile
1610 4176 1668 4253 est,
1692 4170 1720 4237 si
1734 4164 1877 4253 aliquando

732 4289 852 4372 evenit,
874 4289 928 4374 pie
948 4288 1128 4355 consolatus
1150 4292 1310 4375 petentes,
1334 4288 1504 4353 anxietatis
1527 4287 1573 4353 eis
1596 4304 1688 4352 ouras
1709 4284 1833 4362 ademit3
1855 4284 1878 4344 rt

733 4402 761 4469 si
783 4402 921 4489 aliquem
943 4424 1079 4471 vaenum
1101 4403 1223 4471 dimisit
1244 4402 1337 4487 dono,
1360 4423 1423 4469 non
1440 4408 1547 4470 tamem
1563 4422 1706 4469 sermone
1721 4400 1807 4483 bono,
1828 4414 1878 4463 ne

732 4538 803 4585 mor
824 4519 925 4587 illinet
950 4521 1061 4589 Sermo
1084 4522 1184 4587 bonor
1205 4542 1302 4607 super·
1323 4522 1433 4587 dotum
1455 4522 1617 4608 optim

805 4689 987 4735 sedauit.
1063 4688 1251 4739 bitumine.

806 4782 1876 4863 Lqmabbuhmuhemommmuololtmomsnbbunmotit

734 4882 854 4937 alulit
