4342 6034
669 774 854 823 nersronsn
877 774 1103 823 uocuunmsn
1127 776 1157 821 er
1427 758 1491 823 377

356 914 405 985 32.
424 914 554 983 timore
570 916 632 983 ΙΙΙ
649 920 805 1010 antipapa
827 918 1030 1005 Mequntr‘oros
1059 918 1233 983 obediontia
1255 904 1415 985 Rotbardi
1438 940 1493 983 ar-

427 1033 612 1119 cbe'epe'ecops'
632 1033 749 1099 eolud'.

426 1164 590 1248 Ctlemens)
613 1166 778 1252 episcopus
801 1184 909 1232 servus
932 1184 1093 1232 servornm
1116 1164 1176 1232 Dei
1199 1162 1404 1248 Gtodeboldo)
1427 1164 1495 1231 llo-
1519 1174 1587 1228 1099
1720 1220 1723 1222 .

351 1280 463 1364 pontino
484 1280 659 1368 preposito,
683 1281 829 1347 universo
852 1300 975 1367 quoque
996 1280 1079 1348 clero
1103 1285 1136 1347 et
1156 1280 1283 1367 populo,
1307 1280 1441 1348 salutem
1463 1287 1496 1348 et
1513 1246 1594 1294 Μ

351 1394 537 1483 apostolicam
561 1396 817 1464 benedictionem.

424 1510 545 1591 Quanta
566 1512 616 1579 his
637 1512 830 1599 temporibus
853 1510 1003 1578 aeclesiae
1019 1515 1141 1578 rostrae
1155 1510 1317 1578 calamitas
1330 1510 1495 1596 ingruerit,

350 1632 413 1712 quot
437 1629 668 1714 persecutiones
698 1634 730 1695 et
756 1627 841 1693 mala
867 1628 1108 1713 circumquaque
1133 1626 1315 1713 pertulerit,
1344 1633 1496 1712 qnantum

350 1742 565 1810 aeclesiasticae
586 1742 771 1829 disciplinae
792 1744 881 1827 vigor
902 1744 937 1808 in
960 1762 997 1809 ea
1017 1741 1158 1829 perierit,
1180 1742 1432 1829 legetis-nostris
1445 1762 1497 1809 re·

350 1858 505 1925 ferentibus
535 1864 567 1925 et
594 1860 732 1926 maxime
754 1858 982 1927 inculcantibus
1003 1863 1199 1945 compertum
1222 1864 1279 1925 est
1315 1856 1416 1945 Super
1437 1858 1497 1925 hoc

350 1974 607 2041 vehementissime
628 1975 783 2055 dolemns3
807 1976 884 2043 satis
906 1994 1071 2061 superque,
1096 1974 1180 2059 qnod
1194 1973 1280 2040 lesus
1301 1975 1400 2059 norit,
1422 1992 1496 2040 con-

350 2090 507 2156 tristamur.
542 2088 608 2156 Nec
630 2091 694 2157 iam
713 2090 848 2177 amplius
862 2092 930 2177 pati
943 2110 1111 2178 possumus
1125 2090 1289 2174 intactum,
1311 2090 1395 2175 quod
1408 2095 1498 2156 tanta

349 2206 492 2290 pacientia
510 2213 638 2291 tamque
653 2205 784 2292 prolixis
798 2206 932 2273 induciis
946 2205 1098 2273 hactenns
1113 2205 1291 2271 distulimus
1305 2206 1495 2291 inpunitum.

425 2318 553 2388 Poterat
580 2320 706 2406 quidem
732 2320 889 2406 sufficere,
920 2321 1003 2407 quod
1024 2322 1140 2388 totiens
1162 2320 1306 2408 repetitis
1326 2320 1497 2387 vocationi-

350 2434 413 2520 bus,
435 2436 588 2503 adiunctis
610 2438 705 2503 etiam
727 2438 925 2505 vocationum
947 2438 1060 2521 causis,
1083 2443 1243 2523 pastorem
1264 2433 1423 2504 vestrnm¹
1443 2454 1498 2502 vo-

350 2552 486 2619 cavimus.
522 2552 585 2619 Sed
615 2572 655 2620 ne
683 2552 776 2619 alicui
803 2554 967 2619 videamur
994 2554 1181 2641 precipites,
1208 2573 1272 2618 non
1294 2553 1381 2639 piget
1403 2552 1500 2619 etiam

349 2686 423 2735 nnnc
444 2669 641 2736 vocationum
664 2686 774 2735 causas
797 2672 829 2736 et
850 2670 946 2755 ipsos,
969 2688 1027 2755 per
1048 2690 1127 2755 quos
1148 2674 1277 2736 rocatns
1298 2674 1356 2753 est,
1377 2668 1413 2734 in
1434 2688 1500 2735 me·

350 2782 427 2849 dium
448 2784 610 2851 adducere.
699 2782 869 2870 Principio,
892 2782 931 2850 de
953 2784 1135 2870 symoniaca
1155 2784 1258 2851 heresi
1276 2783 1458 2867 infamatus,
1481 2804 1501 2849 a

350 2899 417 2965 viris
438 2900 591 2984 religiosis
614 2904 646 2966 et
668 2918 745 2985 quos
768 2899 808 2965 ad
830 2898 1025 2967 vocationem
1047 2900 1217 2965 auctoritas
1239 2898 1380 2965 admittit
1393 2898 1500 2964 multi·

349 3013 420 3082 isrie
452 3036 546 3102 snper
576 3015 636 3081 hoc
663 3016 841 3101 impetitus,
875 3034 933 3101 per
959 3014 1119 3081 Romanae
1148 3014 1299 3081 aeclesiae
1325 3013 1500 3081 cardinales

349 3128 517 3215 Warinum,
547 3131 751 3197 Anastasium
780 3136 811 3198 et
832 3130 1050 3197 Adalmarium
1073 3135 1122 3197 est
1143 3135 1281 3209 vocatus.
1315 3128 1359 3195 Et
1379 3133 1500 3216 postea,

350 3264 413 3313 cum
434 3247 541 3314 venire
562 3246 670 3333 nollet,
695 3247 734 3314 ab
757 3246 912 3335 episcopis
933 3246 1082 3313 Romenie
1105 3246 1248 3313 Tiedrico
1267 3246 1448 3313 Albanense
1470 3250 1503 3312 et

350 3358 540 3451 lluopperhto
562 3360 751 3447 Faventino,
774 3368 932 3451 postremo
956 3364 1052 3429 etiam
1074 3382 1133 3449 per
1153 3360 1317 3445 Hngonem
1341 3361 1423 3429 sacri
1445 3380 1502 3448 pa·

350 3475 413 3545 lecii
434 3480 600 3546 diaconum
622 3484 750 3545 vocatus
765 3484 822 3545 est.
857 3478 915 3545 His
930 3478 1074 3545 omnibns
1088 3477 1300 3562 inoboediens,
1321 3498 1386 3544 non
1400 3477 1503 3544 solum

350 3612 406 3660 non
427 3597 523 3680 venit,
545 3614 654 3662 rernm
677 3594 787 3679 eciam,
810 3595 893 3661 nicia
914 3594 1002 3661 viciis
1021 3594 1149 3678 addens,
1172 3594 1306 3661 crimina
1319 3594 1502 3661 criminibus

350 3712 526 3795 undant,
553 3712 735 3796 iniquitates
763 3710 982 3795 iniquitatibus
1010 3710 1132 3777 addidit
1158 3715 1204 3793 et,
1238 3714 1275 3775 ut
1299 3710 1361 3797 ipsi
1388 3708 1502 3775 molius

349 3826 441 3912 scitis,
469 3828 625 3915 quaedam
654 3826 807 3911 sacrilega
828 3830 861 3892 et
882 3825 1007 3892 divinae
1028 3825 1174 3909 religioni
1196 3826 1323 3891 omnino
1345 3825 1504 3891 contraria

348 3944 543 4029 perpetravit
579 3942 779 4010 Fidelitatem
801 3942 928 4029 quippe,
951 3960 1046 4026 quum
1063 3940 1189 4008 domino
1206 3938 1281 4008 euo²
1295 3940 1421 4025 iurant,
1443 3940 1504 4006 mi·

348 4058 426 4125 nime
447 4059 642 4141 observarit3
666 4058 706 4125 ad
727 4057 872 4125 inimicos
894 4056 983 4141 regni
1005 4062 1038 4124 et
1057 4058 1224 4124 sacerdotii
1238 4062 1271 4124 et
1283 4057 1410 4124 divinae
1423 4054 1503 4141 legis

349 4180 572 4264 contemptores
595 4194 629 4241 se
650 4174 756 4262 ipsum
777 4178 880 4240 totum
897 4172 1043 4255 contulit3
1067 4174 1101 4239 in
1115 4173 1277 4240 dominum
1292 4192 1383 4239 sunm
1397 4172 1503 4239 hostes

350 4308 422 4372 quos
449 4292 553 4379 potuit
576 4290 760 4375 condtarit,
789 4289 873 4355 vitae
895 4294 927 4357 et
948 4308 1081 4356 coronae
1103 4309 1179 4356 suae
1199 4288 1366 4355 insidiator
1388 4288 1503 4372 extitit,

351 4412 380 4471 et
409 4413 526 4493 quanta
557 4406 754 4491 malignitate
785 4405 886 4471 valuit
918 4405 1066 4472 adversus
1095 4403 1265 4471 Dominum
1294 4410 1327 4471 et
1354 4404 1504 4470 adversus

418 4554 439 4587 ι.
461 4544 578 4601 Descripsi
599 4559 628 4588 ex
651 4541 703 4587 cod.
723 4539 837 4603 quondm
858 4541 966 4585 sectatae
984 4541 1009 4587 S.
1026 4538 1199 4585 canimus·
1217 4540 1410 4593 &nummasio
1431 4554 1453 4582 ι.
1466 4537 1504 4592 64,

352 4617 413 4665 lodie
427 4622 477 4669 titt.
493 4624 591 4669 ciuitffls
608 4624 714 4679 Francos.
729 4620 908 4673 membranaceo,
926 4622 947 4665 in
964 4622 1026 4665 cuius
1041 4620 1101 4675 folio
1117 4620 1238 4665 missino
1253 4618 1309 4663 baec
1324 4618 1421 4677 questa
1436 4632 1505 4662 m

352 4714 409 4745 suc.
420 4702 468 4749 111
479 4704 557 4762 posito
576 4711 610 4749 eat
630 4717 679 4747 cun
701 4702 803 4747 haam
817 4700 872 4745 lec.-
892 4697 996 4759 Epistula
1010 4697 1133 4745 clementia
1151 4710 1233 4757 μμ.
1256 4696 1337 4745 wau
1351 4696 1440 4745 secat
1455 4696 1506 4742 aas

352 4786 412 4843 ug·
427 4784 451 4829 rr
461 4783 513 4830 115.

419 4868 444 4923 1.
465 4866 632 4924 Rothmdnm
649 4865 890 4937 archiepiscopum.
979 4865 1006 4919 2.
1029 4862 1157 4921 Heinrioo
1167 4862 1216 4919 IV.
