4342 6034
622 822 670 869 nx
693 821 847 870 onmem
868 822 949 869 mna
971 820 998 869 s.
1014 822 1192 869 aonmnnu
1421 805 1487 873 483

338 982 368 1029 eo
388 962 528 1031 defuncto
551 966 583 1029 et
597 982 691 1049 opere
705 963 805 1051 petito
820 962 951 1031 minime
966 962 1103 1049 expleto,
1125 962 1170 1029 ibi
1185 962 1389 1045 remansiss03
1412 967 1488 1031 tuuc

335 1078 469 1145 ubertus
490 1077 612 1161 talium,
635 1078 769 1165 apposui
792 1078 910 1163 aliquid
925 1078 1076 1163 animum,
1100 1076 1207 1145 voleus
1223 1076 1342 1145 scilicet
1356 1077 1488 1164 implere

333 1193 432 1278 petita
453 1194 481 1259 si
501 1193 568 1260 ulla
590 1193 813 1279 astipularetur
835 1194 977 1261 scientia
1011 1192 1153 1279 Cumque
1174 1193 1228 1259 diu
1243 1193 1324 1260 velle
1338 1193 1418 1259 mihi
1432 1194 1487 1259 ad·

332 1308 451 1392 iaceret,
477 1307 627 1395 perficere
650 1313 756 1375 autem
776 1309 810 1374 in
832 1329 884 1374 me
905 1328 969 1375 non
990 1310 1181 1392 invenirem,
1206 1309 1365 1375 dicebam·
1387 1308 1487 1393 vobis,

332 1423 406 1507 quod
426 1423 547 1508 vollem,
571 1424 715 1509 quodque
736 1424 908 1509 nequirem.
945 1423 1008 1491 Sed
1030 1444 1096 1508 vos,
1119 1429 1156 1491 ut
1171 1424 1268 1507 scitis,
1293 1424 1403 1491 eadem
1420 1444 1487 1491 cre·

331 1537 380 1603 bro
400 1538 571 1625 repetistis3
601 1540 755 1623 dicentes,
779 1540 807 1605 si
829 1539 908 1605 mihi
930 1540 1147 1605 tantummodo
1171 1539 1272 1607 solida
1293 1540 1412 1607 inesset
1433 1560 1487 1606 vo·

329 1650 434 1737 luntas,
457 1654 626 1722 aDomiuo
649 1661 774 1722 caetera
794 1654 939 1741 prestari
973 1654 1203 1722 Exhortatioue
1219 1654 1397 1721 huiusmodi
1413 1676 1488 1743 sepe

328 1768 478 1854 incitatus,
500 1770 652 1856 temptavi
666 1771 796 1837 taudem
810 1776 931 1837 vestros
947 1769 1079 1856 implere
1094 1776 1257 1857 precatus;
1281 1770 1439 1837 confidens
1454 1772 1488 1837 iu

329 1902 360 1949 co
381 1904 475 1969 quam
496 1886 644 1969 maxime,
668 1886 722 1971 qui
744 1885 842 1951 dixit:
871 1886 976 1973 Aperi
998 1909 1032 1951 oa
1055 1900 1153 1968 tunm,
1179 1900 1208 1953 at
1231 1909 1286 1972 opo
1309 1887 1487 1973 adiniplebo

326 2000 401 2065 illud
408 1996 425 2083 ¹,
451 2002 578 2087 quique,
600 2002 683 2068 siout
703 2002 737 2066 iu
758 2001 868 2087 paucis
891 2021 966 2087 sepe
989 2002 1153 2067 victoriam
1168 2006 1314 2089 prestans
1330 2001 1376 2067 sic
1391 2002 1488 2067 etiam

326 2114 355 2179 iu
378 2116 534 2203 imperitis
556 2118 703 2203 peritiam
725 2116 876 2200 tribuens,
899 2116 1020 2199 gratiae
1043 2137 1119 2183 suae
1142 2118 1316 2203 potentiam
1339 2117 1486 2183 ostendit.

406 2231 494 2299 Haec
516 2238 620 2299 autem
641 2232 713 2299 idco
727 2232 869 2317 promisi,
891 2232 1027 2316 nequis,
1050 2253 1101 2299 me
1117 2232 1251 2299 forsitan
1266 2236 1390 2298 tautum
1407 2253 1487 2319 opus

324 2346 399 2412 ultro
421 2348 595 2435 arripuisse
609 2367 666 2434 per
680 2348 893 2431 arrogantiam
909 2346 1091 2433 arbitratus,
1115 2349 1242 2433 diceret,
1266 2368 1400 2433 maguae
1415 2370 1487 2435 pre-

324 2464 505 2549 sumptionis
534 2482 603 2531 esse
630 2483 771 2529 oausam:
799 2462 871 2547 illa,
900 2483 980 2548 quae
1009 2462 1191 2549 aquolibet
1214 2468 1322 2530 sancto
1345 2464 1414 2529 viro
1437 2468 1487 2529 ut-

323 2596 451 2665 cumque
478 2579 597 2645 fuerint
622 2579 764 2665 prolata,
792 2578 832 2645 ab
854 2578 919 2644 ullo
942 2578 1091 2666 deinceps
1114 2579 1205 2665 quasi
1229 2579 1431 2647 emendatore
1454 2580 1487 2645 in

323 2692 402 2761 aliud
428 2694 611 2775 transferri3
639 2694 729 2779 quasi
755 2714 820 2761 non
850 2695 922 2780 ipsa
943 2701 1125 2761 sanctorum
1148 2696 1375 2781 prophetarum
1398 2714 1487 2761 sanc-

321 2808 500 2895 tissimaque
522 2808 679 2893 euangelii
702 2808 795 2892 dicta,
817 2810 926 2875 multis
950 2810 1194 2877 obscuritatibus
1214 2811 1366 2895 involuta,
1389 2831 1486 2877 anon

321 2924 409 2991 nullis
440 2926 647 3012 scriptoribus
674 2924 709 2991 in
737 2924 832 2990 aliam
854 2925 994 3008 linguam
1018 2925 1068 2991 vel
1091 2926 1125 2990 in
1149 2926 1337 3013 apertiorem
1361 2931 1487 2993 senteu-

320 3040 392 3107 tiam
419 3042 540 3108 fueriut
565 3040 728 3107 translata
763 3038 822 3105 His
844 3041 951 3125 itaque
974 3040 1139 3127 prelibatis
1163 3046 1272 3108 contra
1294 3042 1486 3108 detractores

320 3158 495 3241 universos,
525 3156 637 3242 quibus
666 3155 746 3222 nibil
774 3161 823 3222 est
850 3156 989 3240 dulcius,
1017 3178 1112 3243 quam
1143 3156 1221 3223 alios
1249 3156 1389 3223 lacerare
1417 3156 1487 3223 aliis

319 3270 444 3356 laqueos
465 3292 584 3359 ponere
604 3273 639 3338 in
661 3272 713 3338 via
735 3291 798 3357 qua
818 3272 882 3358 ipsi
904 3270 1016 3337 nolunt
1036 3272 1191 3355 incedere,
1215 3270 1279 3338 iam
1296 3272 1408 3339 deinde
1424 3272 1487 3339 lcc-

319 3389 375 3453 tori
402 3388 544 3475 pandere
572 3388 680 3474 cupio:
712 3388 786 3473 quia
812 3388 846 3452 id
871 3387 950 3452 mibi
974 3388 1111 3453 maxime
1133 3388 1194 3453 tuit
1216 3388 1313 3455 studii
1334 3389 1369 3453 in
1392 3408 1487 3475 opere
1610 3382 1614 3391 '

319 3503 391 3587 isto,
420 3509 458 3571 ut
484 3502 674 3571 sententiam
696 3503 828 3570 eandem
850 3502 955 3569 verbis
979 3503 1189 3589 apertioribus
1211 3504 1401 3591 proferrem,
1432 3524 1486 3569 ex-

320 3621 414 3706 ceptis
437 3620 499 3704 bis,
522 3638 602 3705 quae
624 3616 682 3684 obb
705 3619 755 3684 sui
778 3617 993 3685 difficultatem
1010 3623 1043 3685 et
1057 3619 1279 3685 obscuritatem
1295 3618 1485 3703 investigare

295 3736 441 3831 ⁸penitus
463 3734 601 3820 nequivi.
635 3733 673 3800 ln
695 3740 819 3801 tautum
843 3740 947 3800 autem
969 3734 1113 3801 faciliora
1135 3734 1305 3819 sequebar,
1327 3740 1379 3819 ut,
1403 3735 1486 3801 sicut

318 3850 444 3935 probari
464 3856 580 3938 potest,
603 3848 718 3917 alicubi
740 3850 850 3917 eadem
871 3850 968 3915 verba
988 3870 1149 3937 ponerem.
1183 3848 1265 3927 Quid
1288 3849 1372 3915 euim
1394 3849 1485 3916 nobis

318 3966 442 4051 intimis,
466 3966 521 4052 qui
543 3966 756 4052 spectaculum
770 3966 846 4033 facti
861 3986 969 4031 sumus
984 3965 1101 4031 mundo
1108 3962 1130 4049 ²,
1153 3966 1272 4031 nodosa
1288 3970 1320 4033 et
1333 3964 1486 4053 perplexa

318 4082 437 4149 oratio?
459 4081 606 4149 Habeant
627 4088 783 4148 amatores
806 4081 980 4168 sapientiae
1003 4080 1152 4147 secularis
1173 4080 1321 4167 Tullium,
1345 4101 1402 4147 nos
1425 4082 1485 4147 im-

317 4198 410 4281 periti
425 4204 457 4264 et
470 4198 634 4281 ignobiles,
650 4198 791 4286 despecti
806 4202 838 4263 et
852 4196 1115 4283 contemptibiles,
1133 4216 1301 4283 sequamur
1313 4195 1483 4281 Christum,

318 4314 455 4396 quinon
476 4313 679 4401 philosophos
701 4313 758 4379 sed
779 4314 951 4399 piscatores
974 4311 1069 4395 elegit
1091 4312 1271 4398 discipulos.

404 4429 490 4497 luter
511 4428 589 4495 baec
611 4430 707 4497 etiam
728 4428 807 4495 illud
827 4433 938 4494 notum
960 4428 1041 4493 facio
1059 4426 1219 4493 dilectioni
1235 4431 1375 4493 vestrae:
1400 4427 1483 4511 qnia,

318 4561 389 4611 cum
409 4546 443 4612 iu
465 4546 535 4631 ipso
557 4544 650 4629 libro,
673 4564 766 4631 quem
788 4564 840 4611 me
863 4543 1034 4630 explanare
1052 4544 1187 4629 petistis,
1210 4543 1399 4629 inspicerem
1413 4542 1484 4629 plu-

318 4659 401 4727 rima
427 4668 494 4728 tam
520 4660 746 4729 miraculorum
774 4680 868 4745 quam
891 4659 1097 4747 epistolarum
1119 4660 1257 4743 insignia
1277 4678 1341 4725 non
1363 4656 1482 4742 baberi,

387 4814 409 4849 a.
428 4802 789 4863 diceban-aequiternam.
865 4801 889 4849 b.
908 4801 1029 4849 abac.

389 4906 654 4977 1.cf.Pnec,11.
743 4906 770 4961 a.
794 4904 1021 4975 recenseas.

1208 4996 1270 5054 ar*
