4342 6034
1904 356 1911 730 i

624 753 690 821 478
1030 770 1148 820 mesre
1171 770 1198 819 a
1215 770 1390 819 normann
1900 767 1908 840 ς

554 924 607 979 754
623 914 739 998 niente,
761 914 808 980 sie
829 913 935 999 inquit
956 910 1135 998 Stephanus
1157 931 1258 998 papa:
1289 912 1402 979 Honor·
1423 917 1527 980 auaui
1548 914 1642 980 Petri
1662 916 1787 980 m
1904 961 1907 993 ι

557 996 605 1045 lm
625 1044 678 1111 eat,
702 1044 733 1096 ct
751 1032 858 1117 plor-ia
880 1032 990 1095 domae
1013 1031 1079 1094 etue
1096 1031 1263 1095 immuta
1279 1042 1339 1105 aab·
1364 1040 1392 1095 et
1405 1032 1475 1095 ideo
1489 1033 1672 1115 patrocinia
1685 1029 1786 1095 Ebou-

625 1168 733 1211 eerom
755 1160 785 1211 ct
804 1149 888 1232 repis
912 1166 1018 1210 eoram
1039 1146 1209 1230 queamus.
1248 1142 1292 1209 Et
1314 1143 1360 1209 sic
1381 1144 1534 1229 producto
1556 1142 1677 1227 gladio,
1706 1144 1789 1211 dedii
1900 1167 1903 1176 ·

625 1261 671 1342 ei;
699 1266 732 1326 et
759 1261 793 1326 in
822 1280 877 1343 eo,
905 1264 1058 1346 quantum
1085 1258 1147 1325 sibi
1169 1278 1318 1327 concessa
1339 1264 1438 1343 esset,
1467 1258 1554 1325 dedit
1575 1260 1790 1345 patrocinandi

624 1380 824 1463 potestatam.
862 1375 905 1441 Et
930 1374 1000 1457 ille,
1029 1374 1137 1441 missis
1165 1375 1304 1457 nunciis,
1334 1381 1367 1440 et
1393 1374 1540 1440 iniuriam
1569 1374 1736 1461 apostolici
1763 1380 1792 1441 et

624 1492 833 1557 temeritatem
870 1510 963 1576 quam
992 1491 1026 1556 in
1055 1496 1180 1556 sanctos
1208 1490 1365 1556 audebant
1392 1490 1573 1556 vindicavit.
1612 1490 1656 1556 Et
1684 1494 1792 1577 posteo

625 1604 820 1691 aliquantum
854 1606 1005 1694 temporis
1033 1606 1067 1671 in
1099 1606 1278 1689 regionibus
1306 1604 1497 1671 Francorum
1528 1604 1710 1671 demoratus
1738 1612 1790 1671 est
1900 1623 1904 1704 ξ

625 1722 713 1789 Tunc
735 1742 859 1807 quoque
885 1722 1015 1806 accidit,
1043 1726 1079 1787 ut
1108 1721 1240 1787 domnus
1270 1720 1459 1807 apostolicus
1481 1720 1683 1805 Rntgangum
1714 1720 1793 1787 ordi-

624 1834 734 1904 naret¹
754 1837 926 1905 bistensem
955 1838 1148 1924 episcopum.
1194 1836 1263 1915 Qua
1290 1838 1329 1903 dc
1356 1858 1391 1903 re
1416 1836 1606 1903 venerabilis
1628 1838 1793 1924 episcopm

624 1952 806 2019 Boniiacius
826 1954 861 2019 in
882 1953 991 2019 fatiem
1009 1954 1039 2019 ei
1053 1952 1181 2036 restitit,
1204 1952 1322 2037 dicens,
1346 1954 1375 2019 ei
1390 1972 1453 2019 non
1469 1953 1564 2019 licere
1579 1972 1669 2019 snam
1686 1954 1794 2019 sedem

625 2068 842 2154 derelinquere
870 2074 904 2134 et
925 2069 1076 2135 terminos
1104 2072 1232 2154 patrum
1255 2068 1453 2152 transgredi,
1482 2074 1515 2135 et
1541 2069 1610 2135 sine
1640 2088 1794 2135 consensu

625 2184 767 2271 episcopi
788 2184 829 2250 ad
851 2185 939 2250 cuins
961 2182 1119 2270 dyocesim
1141 2184 1280 2269 pertinet
1302 2182 1399 2267 loeus,
1423 2184 1555 2269 quilibet
1575 2184 1629 2251 ille
1645 2191 1707 2269 cst,
1733 2186 1795 2271 api-

625 2320 755 2387 scopnm
778 2298 939 2381 ordinare3
969 2299 1053 2384 quod
1074 2318 1132 2365 nec
1155 2298 1332 2365 decessores
1355 2300 1422 2366 aius
1445 2299 1594 2366 fecissent
1615 2318 1675 2366 nec
1698 2300 1795 2368 eccle

625 2418 753 2483 siastica
774 2414 886 2499 regida
906 2414 1006 2480 docet
1042 2414 1148 2499 Atque
1169 2416 1203 2480 in
1226 2414 1309 2481 huno
1330 2414 1459 2481 modum
1481 2416 1515 2481 in
1536 2416 1698 2501 presentia
1714 2416 1796 2500 regis

625 2568 668 2579 -—
691 2532 747 2598 illo
769 2530 1016 2613 conuadioentc,
1044 2528 1220 2617 apostolice
1250 2532 1436 2597 auctoritate
1463 2532 1641 2597 facisse-
1666 2536 1796 2598 conten-

625 2648 781 2731 dentibus,
802 2645 967 2733 Pyppinus
981 2664 1039 2713 rex
1052 2646 1088 2711 in
1103 2665 1181 2733 pace
1195 2646 1393 2712 reconciliari
1407 2666 1460 2713 eoa
1475 2646 1646 2729 nitebatur,
1670 2648 1795 2713 dicens:

624 2765 702 2831 Non
729 2776 863 2851 worm,
896 2776 947 2843 est,
982 2766 1040 2849 qai
1066 2777 1163 2851 capot
1190 2762 1355 2828 mactemus
1384 2766 1471 2844 ostia
1508 2767 1615 2829 uatem
1649 2764 1796 2830 membris

625 2880 766 2967 eampis
788 2882 991 2945 ammaonte
1012 2880 1186 2966 prebeotia3
1209 2880 1279 2959 aed,
1302 2882 1454 2944 meister
1476 2901 1531 2944 aaa
1552 2882 1721 2961 audiam,
1746 2904 1796 2945 re·

625 2997 790 3062 cumbri
811 2998 962 3061 eosvenit
996 2992 1115 3060 Audito
1137 2993 1235 3077 igitur
1257 2993 1324 3060 aius
1347 2993 1488 3079 consilio,
1511 3000 1548 3059 ut
1562 3001 1648 3061 erat·
1662 3000 1796 3081 uterquc

625 3132 734 3179 eorum
755 3112 790 3177 in
812 3110 881 3195 lege
903 3110 1013 3176 divina
1034 3108 1186 3192 eruditus,
1209 3114 1435 3175 consenserunt
1456 3110 1654 3177 sermonibus
1677 3110 1748 3177 eius
1766 3118 1796 3177 et

624 3227 659 3293 in
680 3246 760 3314 pace
785 3226 979 3293 reconciliati
1009 3231 1092 3291 sunt
1127 3226 1328 3311 Acceptaque
1349 3224 1566 3293 benedictione
1588 3225 1696 3292 domni
1721 3247 1795 3313 epo-

627 3342 745 3428 stolici,
769 3342 809 3408 ad
831 3342 989 3409 dmtinata
1010 3340 1170 3428 proiectus
1193 3346 1249 3407 est

874 3546 930 3613 De
952 3545 1128 3629 gloriosa
1149 3545 1337 3632 passione
1359 3544 1437 3611 viri
1459 3544 1542 3612 Dei.

714 3686 803 3754 Sicut
831 3686 916 3753 enim
943 3707 1001 3773 per
1024 3687 1131 3753 omnia
1152 3686 1260 3753 divina
1280 3686 1431 3753 mandata
1453 3692 1614 3753 assecutus
1645 3693 1707 3771 est,
1737 3689 1791 3767 itu,

625 3802 710 3890 qnod
731 3838 773 3849 -
798 3802 888 3887 quasi
910 3802 949 3870 de
971 3800 1124 3887 singulari
1146 3806 1294 3889 precepto
1313 3838 1353 3849 -
1371 3800 1526 3869 Dominus
1550 3824 1588 3870 ex
1611 3808 1678 3869 toto
1701 3802 1792 3870 corde

626 3938 661 3986 se
681 3914 894 4003 diligendum¹
915 3924 948 3985 et
969 3918 1150 4005 proximum
1172 3918 1254 3985 deut
1276 3938 1310 3985 sc
1331 3914 1453 4005 ipsum⁸
1468 3920 1619 4006 precepit,
1643 3924 1676 3986 et
1690 3924 1791 3986 custo·

626 4034 714 4101 divit
747 4034 952 4120 Eandemque
974 4035 1140 4102 caritatem
1163 4032 1321 4118 sectando,
1346 4040 1446 4101 semet
1460 4034 1576 4120 ipsum,
1598 4042 1635 4101 ut
1650 4034 1790 4101 Christos

554 4167 607 4223 icc
625 4149 741 4234 docuit,
763 4170 822 4237 pro
845 4151 954 4219 amicis
977 4152 1043 4218 suis
1065 4147 1168 4217 dedit⁴
1191 4149 1314 4237 atqus',
1336 4148 1510 4216 Fresonum
1531 4150 1667 4217 lustrata
1688 4156 1788 4235 gente,

624 4266 807 4333 tbesamnm
834 4267 896 4333 sibi
918 4268 1110 4335 conmissum
1131 4286 1196 4331 non
1217 4266 1253 4331 in
1275 4264 1401 4332 andario
1424 4265 1556 4350 ligatum
1579 4266 1631 4333 vel
1652 4268 1686 4333 in
1707 4273 1790 4333 terra

624 4380 792 4449 suffusam
815 4382 988 4466 abscondit,
1011 4382 1067 4449 sed
1090 4386 1292 4466 augmentum
1315 4382 1350 4447 in
1372 4401 1408 4448 eo
1432 4382 1633 4467 querentibus
1649 4382 1787 4470 porrigit

623 4497 910 4585 Appropinquante
944 4501 1051 4563 autern
1082 4504 1226 4585 tempore
1253 4498 1411 4585 passionis
1438 4496 1506 4565 eius
1534 4504 1567 4565 et
1594 4499 1659 4565 suis
1686 4516 1787 4565 secum

698 4666 972 4713 emanantem.
1048 4664 1151 4726 b.q;c·

697 4770 721 4824 1.
740 4768 775 4827 V.
793 4770 914 4840 Regeeta
929 4766 1090 4840 pontificum
1108 4770 1292 4825 Romanorum
1310 4784 1337 4825 n.
1351 4770 1429 4826 1771.
1518 4770 1544 4826 2.
1567 4768 1712 4827 Dentatum
1724 4770 1747 4839 6,
1759 4766 1784 4823 5.

625 4856 652 4913 3.
676 4857 878 4928 iarit19,18.
965 4858 992 4914 d
1014 4858 1074 4915 Iob
1089 4860 1130 4929 15,
1143 4860 1187 4915 13.
