4342 6034
594 813 621 859 s.
638 811 814 859 nonmsrn
835 812 880 859 nr
901 811 1003 859 nnnnr
1026 811 1215 859 nrrsromn
1236 811 1267 857 rs
1448 795 1515 862 219

363 956 420 1021 riae
441 952 606 1039 Gregorius
615 949 632 1037 ¹,
656 952 733 1021 dnm
754 973 806 1021 mc
827 952 992 1037 indignum
1015 952 1174 1021 ordinavit
1201 960 1234 1021 et
1261 954 1303 1021 ad
1329 954 1515 1041 praedican-
1533 962 1585 1019 ⁷51

362 1070 426 1137 dnn
452 1070 580 1137 verbnm
606 1068 680 1137 fidei
708 1066 905 1136 Germanicis
932 1068 1077 1154 gentibus
1107 1070 1211 1154 misit,
1239 1075 1437 1137 sacramento
1463 1090 1516 1139 me

361 1186 551 1254 constrinxit:
572 1191 609 1253 ut
622 1186 781 1253 canonicis
798 1190 830 1252 et
844 1184 937 1252 iustis
952 1184 1109 1273 episeopis
1125 1190 1157 1252 et
1171 1186 1355 1272 presbiteris
1369 1186 1405 1254 in
1418 1186 1515 1255 verbo

360 1302 484 1369 inlecto
506 1304 539 1369 in
563 1322 716 1369 consensu
739 1300 948 1389 adstipulator
971 1307 1003 1369 et
1025 1302 1152 1369 adiutor
1178 1300 1287 1369 fierem
1311 1336 1346 1349 -
1376 1302 1436 1369 hoc
1458 1323 1515 1369 au·

360 1423 429 1485 tem·
450 1438 519 1485 curn
542 1419 650 1486 divina
672 1418 775 1502 gratia
795 1416 929 1503 implere
952 1416 1076 1484 studuib
1094 1440 1152 1500 -3
1166 1418 1265 1485 falsos
1284 1424 1390 1485 autem
1411 1438 1515 1486 sacer-

360 1534 452 1620 dotes,
473 1534 678 1623 hypochritas
702 1538 734 1601 at
756 1532 936 1601 seductores
959 1533 1165 1621 populorum,
1188 1534 1240 1601 vel
1261 1534 1451 1619 corrigerem
1474 1534 1515 1601 ad

359 1651 431 1717 viam
452 1650 563 1718 salutis
585 1650 636 1718 rel
658 1649 849 1717 declinarem
873 1653 905 1717 et
926 1648 1118 1717 abstinerem
1139 1670 1160 1717 a
1178 1650 1414 1717 communione⁶
1429 1651 1515 1737 ipso-

359 1788 432 1849 run3
461 1767 545 1853 quod
573 1787 613 1833 ex
641 1772 733 1853 parte
763 1764 888 1832 servari
918 1770 951 1832 et
972 1786 1012 1833 ex
1035 1771 1128 1854 parte
1148 1766 1306 1833 custodire
1329 1771 1362 1832 et
1381 1766 1516 1852 implere

357 1902 411 1951 non
430 1884 529 1971 potui.
566 1882 761 1970 Spiritaliter
775 1880 906 1968 implevi
921 1886 1165 1966 sacramentnm,
1188 1882 1264 1968 qnia
1277 1882 1312 1948 in
1326 1901 1515 1949 consensum

359 2004 385 2065 at
410 2000 441 2067 in
468 1998 635 2067 consilium
664 1997 791 2065 illorum
818 2016 883 2063 non
912 1998 1001 2065 venit
1028 1998 1136 2065 anima
1167 2017 1248 2065 mea
1301 1996 1516 2085 Corporaliter

358 2120 450 2183 anum
472 2116 512 2183 ab
542 2116 587 2183 eis
615 2114 743 2181 omnino
773 2112 931 2181 abstinere
960 2134 1025 2180 non
1053 2114 1159 2201 potui,
1187 2114 1263 2180 dnm
1290 2114 1447 2181 venissem
1475 2112 1516 2180 ad

357 2231 521 2319 principem
549 2230 758 2314 Francorum,
794 2234 925 2314 cogente
954 2227 1176 2296 aecclesiarum
1204 2230 1410 2314 necessitate3
1443 2250 1516 2297 cnm

356 2346 425 2415 tales
449 2348 494 2416 ibi
522 2346 666 2435 repperi,
697 2345 805 2432 quales
827 2344 924 2413 nolui.
972 2344 1035 2412 Sed
1056 2351 1164 2412 tamen
1186 2345 1222 2412 in
1244 2351 1355 2413 sancta
1375 2366 1516 2413 commu·

355 2464 453 2532 niens·
475 2463 618 2551 corporis
641 2461 759 2529 Christi
781 2460 845 2527 illis
867 2480 932 2527 non
954 2461 1194 2528 communicavi.

432 2580 599 2667 Praecepit
628 2598 752 2665 qnoque
773 2576 851 2643 milri
880 2576 1041 2664 praelatus
1072 2576 1264 2665 apostolicus
1293 2578 1453 2666 pontifex,
1480 2582 1517 2644 ut

356 2694 549 2783 populorum,
587 2714 799 2781 quoscumque
826 2693 1023 2777 visitassem,
1052 2694 1323 2761 conversationem
1352 2699 1385 2762 et
1411 2713 1516 2762 mores

356 2812 534 2898 apostolicae
557 2810 641 2879 sedis
664 2809 805 2899 pontifici
821 2808 1019 2877 indicassem.
1054 2808 1155 2894 Quod,
1177 2810 1211 2876 in
1226 2808 1363 2876 Domino
1383 2809 1516 2896 conlido,

355 2930 385 2993 nt
402 2928 554 2996 iecissem.

431 3042 480 3112 Dc
502 3064 540 3111 eo
566 3046 682 3127 autem,
707 3040 878 3127 quodiam
901 3040 1072 3127 praeterito
1095 3045 1239 3127 tempore
1254 3040 1294 3108 de
1309 3040 1517 3129 arehiepisco-

356 3158 397 3245 pis
419 3164 449 3227 et
470 3160 511 3228 de
533 3157 665 3247 palleis⁶
688 3178 708 3225 a
728 3157 871 3225 Romana
894 3157 1045 3224 aecclesia
1064 3156 1211 3244 petendis
1231 3157 1322 3223 iuxta
1342 3159 1517 3245 promissa·

355 3272 539 3343 Francorum
556 3274 716 3341 sanctitati
729 3278 852 3341 vestrae
867 3276 977 3339 notum
992 3274 1063 3357 feci,
1079 3272 1310 3357 indulgentiam
1325 3272 1517 3361 apostolicae

355 3390 428 3459 sedis
449 3391 569 3476 flagito.
617 3388 712 3475 Quia,
736 3390 818 3475 quod
841 3390 1071 3477 promiserunt,
1095 3390 1257 3456 tardantes
1280 3409 1344 3456 non
1365 3389 1517 3477 impleve-

355 3513 433 3591 runa
461 3514 494 3576 et
524 3506 628 3575 adhuc
657 3504 801 3574 didertur
829 3512 862 3573 et
889 3504 1059 3573 ventilatur
1087 3504 1143 3590 et‘,
1172 3504 1345 3592 quidinde
1367 3504 1518 3592 perficere

354 3622 509 3710 voluerint,
527 3624 702 3709 ignoratur.
733 3621 796 3689 Sed
810 3642 882 3689 mea
896 3621 1058 3688 voluntate
1074 3620 1207 3708 impleta
1221 3626 1305 3690 esset
1318 3620 1487 3708 promissio
1494 3631 1515 3687 ⁸.

430 3738 490 3807 Est
511 3744 640 3828 praeter
663 3758 700 3806 ea
722 3738 809 3805 locus
833 3736 994 3805 silvaticus
1017 3738 1052 3804 in
1073 3736 1201 3805 heremo
1224 3738 1423 3804 vastissimae
1442 3736 1517 3804 soli·

355 3855 478 3942 tudinis,
502 3857 538 3923 in
560 3856 664 3923 medio
687 3856 851 3921 nationum
874 3854 1120 3941 praedicationis
1142 3858 1285 3938 nostrae,
1308 3853 1342 3920 in
1365 3872 1427 3939 qno
1449 3874 1518 3920 mo·

354 3968 534 4039 nestorium’
545 3976 774 4056 construentes,
790 3970 959 4037 monachos
975 3968 1207 4054 constituimus,
1223 3969 1281 4037 sub
1295 3968 1405 4054 regula
1415 3969 1517 4036 sancti

354 4090 443 4171 patris
470 4088 636 4157 Benedicti
664 4086 824 4171 viventes,
859 4086 945 4154 viros
978 4087 1107 4154 strictae
1137 4086 1364 4170 abstinentiae,
1398 4085 1517 4171 absque

355 4220 438 4271 carne
459 4210 491 4273 et
514 4206 599 4289 vinc,
624 4202 742 4289 absque
765 4202 866 4269 sicera
888 4208 921 4270 et
940 4202 1050 4287 servis,
1073 4202 1204 4289 proprio
1219 4222 1371 4268 manuum
1387 4221 1517 4268 suarum

355 4314 450 4388 labore
472 4325 646 4388 contentos.
693 4317 786 4385 Hunc
807 4318 912 4386 lecum
935 4337 1033 4406 supra
1055 4318 1175 4385 dictum
1197 4338 1256 4405 per
1276 4318 1363 4384 viros
1389 4316 1517 4401 religio·

356 4452 399 4501 sos
420 4442 451 4503 et
471 4437 576 4505 Deum
598 4436 762 4520 timentes,
785 4435 925 4518 maxime
949 4434 1194 4501 Oarlmannum⁸
1217 4434 1376 4520 quondam
1397 4432 1516 4520 princi-

356 4568 419 4634 pem
433 4552 638 4637 Francorum,
661 4552 745 4619 iurto
768 4550 876 4619 labore
898 4550 1054 4636 adquisivi
1077 4556 1110 4618 et
1130 4550 1166 4618 in
1187 4550 1306 4619 honore
1328 4548 1431 4616 sancti
1446 4546 1516 4615 Sal·

417 4742 437 4777 a.
455 4748 496 4778 cn.
516 4734 543 4780 c.
635 4729 658 4776 b.
679 4728 750 4776 studii
767 4732 801 4777 M.
894 4742 914 4776 a
936 4728 1094 4776 commonicus
1110 4730 1146 4776 Μ.
1238 4726 1261 4774 d
1282 4744 1340 4773 corr.
1355 4727 1378 4773 r'n
1393 4724 1470 4787 palliis
1488 4727 1515 4774 c.

358 4818 375 4851 a
391 4810 484 4867 pronis·
501 4814 535 4858 η.
613 4808 630 4857 i.
650 4810 674 4856 et
688 4824 732 4855 om.
748 4812 783 4856 11.
860 4821 881 4867 g.
901 4808 1063 4869 promerear.
1142 4806 1165 4855 ln
1186 4806 1359 4855 carlomannum
1376 4807 1402 4854 C.

418 4914 496 4970 1.11.
587 4914 614 4971 2.
637 4912 782 4969 Fnldeuse.
