<?xml version="1.0" encoding="UTF-8"?>
<!DOCTYPE html PUBLIC "-//W3C//DTD XHTML 1.0 Transitional//EN"
    "http://www.w3.org/TR/xhtml1/DTD/xhtml1-transitional.dtd">
<html xmlns="http://www.w3.org/1999/xhtml" xml:lang="en" lang="en">
 <head>
  <title>
</title>
<meta http-equiv="Content-Type" content="text/html;charset=utf-8" />
  <meta name='ocr-system' content='tesseract 3.04.00' />
  <meta name='ocr-capabilities' content='ocr_page ocr_carea ocr_par ocr_line ocrx_word'/>
</head>
<body>
  <div class='ocr_page' id='page_1' title='image "./monumentamogunt00lulgoog/monumentamogunt00lulgoog_0568.png"; bbox 0 0 4342 6034; ppageno 0'>
   <div class='ocr_carea' id='block_1_1' title="bbox 638 760 1566 845">
    <p class='ocr_par' dir='ltr' id='par_1_1' title="bbox 638 760 1566 845">
     <span class='ocr_line' id='line_1_1' title="bbox 638 760 1566 845; baseline -0.004 -18"><span class='ocrx_word' id='word_1_1' title='bbox 638 760 707 827; x_wconf 80' lang='lat' dir='ltr'>uto</span> <span class='ocrx_word' id='word_1_2' title='bbox 892 774 1054 823; x_wconf 69' lang='lat' dir='ltr'>montom</span> <span class='ocrx_word' id='word_1_3' title='bbox 1076 774 1266 845; x_wconf 75' lang='lat' dir='ltr'>rumunnere</span> <span class='ocrx_word' id='word_1_4' title='bbox 1288 774 1369 821; x_wconf 70' lang='lat' dir='ltr'>vrri</span> <span class='ocrx_word' id='word_1_5' title='bbox 1392 772 1566 823; x_wconf 78' lang='lat' dir='ltr'>naunorne</span> 
     </span>
    </p>
   </div>
   <div class='ocr_carea' id='block_1_2' title="bbox 638 913 1911 2161">
    <p class='ocr_par' dir='ltr' id='par_1_2' title="bbox 638 913 1819 1234">
     <span class='ocr_line' id='line_1_2' title="bbox 639 913 1817 1002; baseline -0.001 -18"><span class='ocrx_word' id='word_1_6' title='bbox 639 917 755 985; x_wconf 89' lang='lat' dir='ltr'>abhinc</span> <span class='ocrx_word' id='word_1_7' title='bbox 775 922 810 985; x_wconf 87' lang='lat' dir='ltr'>et</span> <span class='ocrx_word' id='word_1_8' title='bbox 831 917 979 1002; x_wconf 75' lang='lat' dir='ltr'><strong>deinceps</strong></span> <span class='ocrx_word' id='word_1_9' title='bbox 1001 936 1103 1002; x_wconf 78' lang='lat' dir='ltr'>unque</span> <span class='ocrx_word' id='word_1_10' title='bbox 1126 916 1165 983; x_wconf 90' lang='lat' dir='ltr'>ad</span> <span class='ocrx_word' id='word_1_11' title='bbox 1190 916 1273 983; x_wconf 92' lang='lat' dir='ltr'>diem</span> <span class='ocrx_word' id='word_1_12' title='bbox 1297 915 1403 983; x_wconf 82' lang='lat' dir='ltr'>obitur</span> <span class='ocrx_word' id='word_1_13' title='bbox 1425 914 1620 986; x_wconf 75' lang='lat' dir='ltr'>infirmitatis</span> <span class='ocrx_word' id='word_1_14' title='bbox 1636 913 1817 983; x_wconf 75' lang='lat' dir='ltr'>molentium</span> 
     </span>
     <span class='ocr_line' id='line_1_3' title="bbox 638 1030 1819 1117; baseline 0 -18"><span class='ocrx_word' id='word_1_15' title='bbox 638 1052 702 1099; x_wconf 88' lang='lat' dir='ltr'>nou</span> <span class='ocrx_word' id='word_1_16' title='bbox 725 1039 879 1099; x_wconf 72' lang='lat' dir='ltr'>eraserat.</span> <span class='ocrx_word' id='word_1_17' title='bbox 915 1032 1025 1117; x_wconf 74' lang='lat' dir='ltr'>Igitur,</span> <span class='ocrx_word' id='word_1_18' title='bbox 1050 1051 1163 1099; x_wconf 85' lang='lat' dir='ltr'>amara</span> <span class='ocrx_word' id='word_1_19' title='bbox 1185 1032 1409 1117; x_wconf 75' lang='lat' dir='ltr'>relinquentes,</span> <span class='ocrx_word' id='word_1_20' title='bbox 1433 1030 1473 1099; x_wconf 93' lang='lat' dir='ltr'>de</span> <span class='ocrx_word' id='word_1_21' title='bbox 1496 1030 1677 1099; x_wconf 78' lang='lat' dir='ltr'>dulcissimo</span> <span class='ocrx_word' id='word_1_22' title='bbox 1699 1032 1819 1099; x_wconf 79' lang='lat' dir='ltr'>dulcio-</span> 
     </span>
     <span class='ocr_line' id='line_1_4' title="bbox 638 1148 919 1234; baseline 0 -19"><span class='ocrx_word' id='word_1_23' title='bbox 638 1150 721 1215; x_wconf 86' lang='lat' dir='ltr'>eima</span> <span class='ocrx_word' id='word_1_24' title='bbox 741 1148 919 1234; x_wconf 81' lang='lat' dir='ltr'>loquamur.</span> 
     </span>
    </p>

    <p class='ocr_par' dir='ltr' id='par_1_3' title="bbox 638 1260 1911 2161">
     <span class='ocr_line' id='line_1_5' title="bbox 727 1260 1820 1351; baseline -0.002 -20"><span class='ocrx_word' id='word_1_25' title='bbox 727 1262 830 1331; x_wconf 83' lang='lat' dir='ltr'>Multa</span> <span class='ocrx_word' id='word_1_26' title='bbox 851 1264 892 1331; x_wconf 92' lang='lat' dir='ltr'>de</span> <span class='ocrx_word' id='word_1_27' title='bbox 914 1264 981 1331; x_wconf 87' lang='lat' dir='ltr'>einr</span> <span class='ocrx_word' id='word_1_28' title='bbox 1004 1263 1165 1351; x_wconf 71' lang='lat' dir='ltr'>pacientia</span> <span class='ocrx_word' id='word_1_29' title='bbox 1184 1263 1290 1330; x_wconf 91' lang='lat' dir='ltr'>dicere</span> <span class='ocrx_word' id='word_1_30' title='bbox 1305 1282 1484 1349; x_wconf 80' lang='lat' dir='ltr'>possumus.</span> <span class='ocrx_word' id='word_1_31' title='bbox 1519 1260 1715 1330; x_wconf 80' lang='lat' dir='ltr'>Pacientiam</span> <span class='ocrx_word' id='word_1_32' title='bbox 1730 1264 1820 1331; x_wconf 86' lang='lat' dir='ltr'>enim</span> 
     </span>
     <span class='ocr_line' id='line_1_6' title="bbox 638 1378 1911 1466; baseline -0.002 -19"><span class='ocrx_word' id='word_1_33' title='bbox 638 1380 708 1448; x_wconf 81' lang='lat' dir='ltr'>eiua</span> <span class='ocrx_word' id='word_1_34' title='bbox 736 1379 911 1447; x_wconf 80' lang='lat' dir='ltr'>secundum</span> <span class='ocrx_word' id='word_1_35' title='bbox 938 1379 1139 1463; x_wconf 84' lang='lat' dir='ltr'>antiquorum</span> <span class='ocrx_word' id='word_1_36' title='bbox 1162 1378 1352 1465; x_wconf 76' lang='lat' dir='ltr'>pacientiam</span> <span class='ocrx_word' id='word_1_37' title='bbox 1376 1378 1538 1463; x_wconf 76' lang='lat' dir='ltr'>novimus,</span> <span class='ocrx_word' id='word_1_38' title='bbox 1569 1380 1716 1463; x_wconf 90' lang='lat' dir='ltr'>quicum</span> <span class='ocrx_word' id='word_1_39' title='bbox 1739 1398 1824 1466; x_wconf 79' lang='lat' dir='ltr'>apo-</span> <span class='ocrx_word' id='word_1_40' title='bbox 1910 1417 1911 1459; x_wconf 54' lang='lat' dir='ltr'>r</span> 
     </span>
     <span class='ocr_line' id='line_1_7' title="bbox 639 1494 1824 1584; baseline 0 -21"><span class='ocrx_word' id='word_1_41' title='bbox 639 1494 721 1563; x_wconf 78' lang='lat' dir='ltr'>stolo</span> <span class='ocrx_word' id='word_1_42' title='bbox 744 1494 906 1563; x_wconf 86' lang='lat' dir='ltr'>dicebant:</span> <span class='ocrx_word' id='word_1_43' title='bbox 929 1496 1197 1584; x_wconf 75' lang='lat' dir='ltr'>Bloeptcmomar</span> <span class='ocrx_word' id='word_1_44' title='bbox 1220 1508 1248 1561; x_wconf 85' lang='lat' dir='ltr'>et</span> <span class='ocrx_word' id='word_1_45' title='bbox 1270 1496 1483 1576; x_wconf 69' lang='lat' dir='ltr'>adremmon,</span> <span class='ocrx_word' id='word_1_46' title='bbox 1512 1508 1673 1582; x_wconf 71' lang='lat' dir='ltr'>numqaum</span> <span class='ocrx_word' id='word_1_47' title='bbox 1693 1520 1824 1584; x_wconf 72' lang='lat' dir='ltr'>parqu-</span> 
     </span>
     <span class='ocr_line' id='line_1_8' title="bbox 639 1613 1824 1699; baseline -0.001 -19"><span class='ocrx_word' id='word_1_48' title='bbox 639 1626 744 1680; x_wconf 72' lang='lat' dir='ltr'>mem</span> <span class='ocrx_word' id='word_1_49' title='bbox 772 1614 866 1679; x_wconf 66' lang='lat' dir='ltr'>haiae</span> <span class='ocrx_word' id='word_1_50' title='bbox 894 1614 1007 1677; x_wconf 75' lang='lat' dir='ltr'>maadi</span> <span class='ocrx_word' id='word_1_51' title='bbox 1025 1613 1116 1698; x_wconf 80' lang='lat' dir='ltr'>facti</span> <span class='ocrx_word' id='word_1_52' title='bbox 1143 1632 1250 1677; x_wconf 71' lang='lat' dir='ltr'>comm</span> <span class='ocrx_word' id='word_1_53' title='bbox 1278 1614 1418 1677; x_wconf 77' lang='lat' dir='ltr'>omnium</span> <span class='ocrx_word' id='word_1_54' title='bbox 1435 1614 1615 1699; x_wconf 78' lang='lat' dir='ltr'>pm&#39;pea‘ma</span> <span class='ocrx_word' id='word_1_55' title='bbox 1636 1634 1735 1699; x_wconf 74' lang='lat' dir='ltr'>cepae</span> <span class='ocrx_word' id='word_1_56' title='bbox 1762 1616 1824 1679; x_wconf 81' lang='lat' dir='ltr'>ad-</span> 
     </span>
     <span class='ocr_line' id='line_1_9' title="bbox 640 1724 1824 1815; baseline -0.001 -20"><span class='ocrx_word' id='word_1_57' title='bbox 640 1730 700 1795; x_wconf 76' lang='lat' dir='ltr'>tac</span> <span class='ocrx_word' id='word_1_58' title='bbox 709 1724 726 1794; x_wconf 88' lang='lat'>¹.</span> <span class='ocrx_word' id='word_1_59' title='bbox 761 1726 841 1795; x_wconf 77' lang='lat' dir='ltr'>Cum</span> <span class='ocrx_word' id='word_1_60' title='bbox 864 1728 989 1811; x_wconf 89' lang='lat' dir='ltr'>horum,</span> <span class='ocrx_word' id='word_1_61' title='bbox 1012 1728 1153 1812; x_wconf 90' lang='lat' dir='ltr'>inquam,</span> <span class='ocrx_word' id='word_1_62' title='bbox 1177 1726 1336 1813; x_wconf 76' lang='lat' dir='ltr'>pacientia</span> <span class='ocrx_word' id='word_1_63' title='bbox 1357 1725 1457 1810; x_wconf 78' lang='lat' dir='ltr'>fulget</span> <span class='ocrx_word' id='word_1_64' title='bbox 1478 1726 1638 1815; x_wconf 81' lang='lat' dir='ltr'>pacientia</span> <span class='ocrx_word' id='word_1_65' title='bbox 1650 1724 1824 1811; x_wconf 71' lang='lat' dir='ltr'>Baedunia,</span> 
     </span>
     <span class='ocr_line' id='line_1_10' title="bbox 640 1840 1824 1930; baseline 0 -19"><span class='ocrx_word' id='word_1_66' title='bbox 640 1864 723 1930; x_wconf 78' lang='lat' dir='ltr'>equa</span> <span class='ocrx_word' id='word_1_67' title='bbox 749 1864 841 1929; x_wconf 81' lang='lat' dir='ltr'>rere,</span> <span class='ocrx_word' id='word_1_68' title='bbox 869 1844 933 1910; x_wconf 89' lang='lat' dir='ltr'>niai</span> <span class='ocrx_word' id='word_1_69' title='bbox 960 1842 1043 1910; x_wconf 83' lang='lat' dir='ltr'>forte</span> <span class='ocrx_word' id='word_1_70' title='bbox 1068 1844 1180 1909; x_wconf 87' lang='lat' dir='ltr'>maior.</span> <span class='ocrx_word' id='word_1_71' title='bbox 1215 1840 1296 1920; x_wconf 83' lang='lat' dir='ltr'>Quia</span> <span class='ocrx_word' id='word_1_72' title='bbox 1317 1842 1410 1909; x_wconf 89' lang='lat' dir='ltr'>multi</span> <span class='ocrx_word' id='word_1_73' title='bbox 1432 1862 1542 1909; x_wconf 89' lang='lat' dir='ltr'>eornm</span> <span class='ocrx_word' id='word_1_74' title='bbox 1564 1842 1674 1911; x_wconf 75' lang='lat' dir='ltr'>ulcisci</span> <span class='ocrx_word' id='word_1_75' title='bbox 1695 1864 1730 1910; x_wconf 84' lang='lat' dir='ltr'>ee</span> <span class='ocrx_word' id='word_1_76' title='bbox 1757 1864 1824 1911; x_wconf 89' lang='lat' dir='ltr'>nou</span> 
     </span>
     <span class='ocr_line' id='line_1_11' title="bbox 639 1956 1823 2044; baseline 0.002 -19"><span class='ocrx_word' id='word_1_77' title='bbox 639 1958 804 2044; x_wconf 82' lang='lat' dir='ltr'>valebant,</span> <span class='ocrx_word' id='word_1_78' title='bbox 834 1959 1056 2026; x_wconf 75' lang='lat' dir='ltr'>necessitatem</span> <span class='ocrx_word' id='word_1_79' title='bbox 1078 1959 1113 2024; x_wconf 91' lang='lat' dir='ltr'>in</span> <span class='ocrx_word' id='word_1_80' title='bbox 1135 1958 1331 2027; x_wconf 84' lang='lat' dir='ltr'>uoluntatem</span> <span class='ocrx_word' id='word_1_81' title='bbox 1353 1956 1555 2025; x_wconf 88' lang='lat' dir='ltr'>laudabiliter</span> <span class='ocrx_word' id='word_1_82' title='bbox 1577 1959 1823 2042; x_wconf 80' lang='lat' dir='ltr'>convertebant3</span> 
     </span>
     <span class='ocr_line' id='line_1_12' title="bbox 640 2072 1823 2161; baseline 0 -18"><span class='ocrx_word' id='word_1_83' title='bbox 640 2076 669 2143; x_wconf 86' lang='lat' dir='ltr'>ie</span> <span class='ocrx_word' id='word_1_84' title='bbox 692 2080 809 2159; x_wconf 84' lang='lat' dir='ltr'>autem,</span> <span class='ocrx_word' id='word_1_85' title='bbox 833 2096 906 2143; x_wconf 91' lang='lat' dir='ltr'>cum</span> <span class='ocrx_word' id='word_1_86' title='bbox 929 2094 964 2141; x_wconf 86' lang='lat' dir='ltr'>ee</span> <span class='ocrx_word' id='word_1_87' title='bbox 986 2079 1095 2161; x_wconf 88' lang='lat' dir='ltr'>poeaet</span> <span class='ocrx_word' id='word_1_88' title='bbox 1116 2073 1235 2159; x_wconf 78' lang='lat' dir='ltr'>idcieci,</span> <span class='ocrx_word' id='word_1_89' title='bbox 1259 2072 1452 2141; x_wconf 85' lang='lat' dir='ltr'>uoluntatem</span> <span class='ocrx_word' id='word_1_90' title='bbox 1476 2094 1567 2141; x_wconf 82' lang='lat' dir='ltr'>ruam</span> <span class='ocrx_word' id='word_1_91' title='bbox 1590 2074 1652 2142; x_wconf 86' lang='lat' dir='ltr'>eibi</span> <span class='ocrx_word' id='word_1_92' title='bbox 1672 2096 1823 2143; x_wconf 74' lang='lat' dir='ltr'>necesar-</span> 
     </span>
    </p>
   </div>
   <div class='ocr_carea' id='block_1_3' title="bbox 638 2190 1822 2742">
    <p class='ocr_par' dir='ltr' id='par_1_4' title="bbox 638 2190 1822 2742">
     <span class='ocr_line' id='line_1_13' title="bbox 639 2190 1822 2276; baseline 0.002 -19"><span class='ocrx_word' id='word_1_93' title='bbox 639 2192 723 2257; x_wconf 86' lang='lat' dir='ltr'>riam</span> <span class='ocrx_word' id='word_1_94' title='bbox 751 2191 905 2274; x_wconf 83' lang='lat' dir='ltr'>iaciebat,</span> <span class='ocrx_word' id='word_1_95' title='bbox 933 2194 1062 2256; x_wconf 89' lang='lat' dir='ltr'>utnon</span> <span class='ocrx_word' id='word_1_96' title='bbox 1092 2210 1276 2275; x_wconf 89' lang='lat' dir='ltr'>quecunque</span> <span class='ocrx_word' id='word_1_97' title='bbox 1298 2190 1394 2257; x_wconf 87' lang='lat' dir='ltr'>vellet</span> <span class='ocrx_word' id='word_1_98' title='bbox 1416 2196 1617 2276; x_wconf 75' lang='lat' dir='ltr'>aequaretur,</span> <span class='ocrx_word' id='word_1_99' title='bbox 1645 2191 1715 2275; x_wconf 86' lang='lat' dir='ltr'>aad,</span> <span class='ocrx_word' id='word_1_100' title='bbox 1746 2210 1822 2259; x_wconf 89' lang='lat' dir='ltr'>cum</span> 
     </span>
     <span class='ocr_line' id='line_1_14' title="bbox 639 2304 1822 2393; baseline 0.003 -20"><span class='ocrx_word' id='word_1_101' title='bbox 639 2307 742 2373; x_wconf 87' lang='lat' dir='ltr'>muita</span> <span class='ocrx_word' id='word_1_102' title='bbox 770 2306 908 2391; x_wconf 80' lang='lat' dir='ltr'>valeret,</span> <span class='ocrx_word' id='word_1_103' title='bbox 938 2306 1037 2372; x_wconf 89' lang='lat' dir='ltr'>multo</span> <span class='ocrx_word' id='word_1_104' title='bbox 1060 2305 1155 2392; x_wconf 86' lang='lat' dir='ltr'>plura</span> <span class='ocrx_word' id='word_1_105' title='bbox 1176 2304 1273 2372; x_wconf 85' lang='lat' dir='ltr'>vellet</span> <span class='ocrx_word' id='word_1_106' title='bbox 1295 2326 1335 2373; x_wconf 87' lang='lat' dir='ltr'>ex</span> <span class='ocrx_word' id='word_1_107' title='bbox 1358 2311 1449 2392; x_wconf 86' lang='lat' dir='ltr'>perte</span> <span class='ocrx_word' id='word_1_108' title='bbox 1471 2326 1534 2391; x_wconf 90' lang='lat' dir='ltr'>qua</span> <span class='ocrx_word' id='word_1_109' title='bbox 1556 2306 1688 2393; x_wconf 76' lang='lat' dir='ltr'>spiritua</span> <span class='ocrx_word' id='word_1_110' title='bbox 1710 2308 1822 2376; x_wconf 89' lang='lat' dir='ltr'>horta·</span> 
     </span>
     <span class='ocr_line' id='line_1_15' title="bbox 638 2420 1822 2509; baseline 0.002 -19"><span class='ocrx_word' id='word_1_111' title='bbox 638 2429 738 2490; x_wconf 88' lang='lat' dir='ltr'>retur.</span> <span class='ocrx_word' id='word_1_112' title='bbox 773 2422 850 2501; x_wconf 82' lang='lat' dir='ltr'>Quin</span> <span class='ocrx_word' id='word_1_113' title='bbox 877 2442 969 2506; x_wconf 75' lang='lat' dir='ltr'>ergo,</span> <span class='ocrx_word' id='word_1_114' title='bbox 999 2422 1126 2488; x_wconf 86' lang='lat' dir='ltr'>uiveute</span> <span class='ocrx_word' id='word_1_115' title='bbox 1148 2420 1294 2489; x_wconf 85' lang='lat' dir='ltr'>Bardone</span> <span class='ocrx_word' id='word_1_116' title='bbox 1316 2421 1349 2487; x_wconf 92' lang='lat' dir='ltr'>in</span> <span class='ocrx_word' id='word_1_117' title='bbox 1372 2440 1483 2506; x_wconf 85' lang='lat' dir='ltr'>carue,</span> <span class='ocrx_word' id='word_1_118' title='bbox 1511 2422 1644 2489; x_wconf 84' lang='lat' dir='ltr'>audiena</span> <span class='ocrx_word' id='word_1_119' title='bbox 1664 2424 1743 2509; x_wconf 89' lang='lat' dir='ltr'>quid</span> <span class='ocrx_word' id='word_1_120' title='bbox 1771 2425 1822 2492; x_wconf 83' lang='lat' dir='ltr'>de·</span> 
     </span>
     <span class='ocr_line' id='line_1_16' title="bbox 640 2537 1822 2624; baseline 0.002 -19"><span class='ocrx_word' id='word_1_121' title='bbox 640 2538 736 2605; x_wconf 87' lang='lat' dir='ltr'>riaori</span> <span class='ocrx_word' id='word_1_122' title='bbox 759 2558 816 2605; x_wconf 83' lang='lat' dir='ltr'>ouo</span> <span class='ocrx_word' id='word_1_123' title='bbox 838 2538 959 2621; x_wconf 82' lang='lat' dir='ltr'>fecerit,</span> <span class='ocrx_word' id='word_1_124' title='bbox 981 2556 1046 2603; x_wconf 89' lang='lat' dir='ltr'>non</span> <span class='ocrx_word' id='word_1_125' title='bbox 1069 2538 1165 2603; x_wconf 88' lang='lat' dir='ltr'>etiam</span> <span class='ocrx_word' id='word_1_126' title='bbox 1189 2538 1258 2624; x_wconf 82' lang='lat' dir='ltr'>ipre</span> <span class='ocrx_word' id='word_1_127' title='bbox 1280 2537 1398 2604; x_wconf 83' lang='lat' dir='ltr'>tactum</span> <span class='ocrx_word' id='word_1_128' title='bbox 1422 2537 1594 2619; x_wconf 60' lang='lat' dir='ltr'>deriderem</span> <span class='ocrx_word' id='word_1_129' title='bbox 1619 2544 1652 2607; x_wconf 91' lang='lat' dir='ltr'>et</span> <span class='ocrx_word' id='word_1_130' title='bbox 1672 2540 1732 2606; x_wconf 92' lang='lat' dir='ltr'>hoc</span> <span class='ocrx_word' id='word_1_131' title='bbox 1757 2560 1822 2607; x_wconf 90' lang='lat' dir='ltr'>nou</span> 
     </span>
     <span class='ocr_line' id='line_1_17' title="bbox 641 2651 1822 2742; baseline 0.002 -21"><span class='ocrx_word' id='word_1_132' title='bbox 641 2655 751 2741; x_wconf 84' lang='lat' dir='ltr'>potina</span> <span class='ocrx_word' id='word_1_133' title='bbox 782 2672 899 2721; x_wconf 83' lang='lat' dir='ltr'>renum</span> <span class='ocrx_word' id='word_1_134' title='bbox 932 2672 1027 2738; x_wconf 82' lang='lat' dir='ltr'>quam</span> <span class='ocrx_word' id='word_1_135' title='bbox 1056 2651 1169 2719; x_wconf 85' lang='lat' dir='ltr'>effectu</span> <span class='ocrx_word' id='word_1_136' title='bbox 1195 2653 1255 2719; x_wconf 91' lang='lat' dir='ltr'>niti</span> <span class='ocrx_word' id='word_1_137' title='bbox 1286 2652 1447 2721; x_wconf 82' lang='lat' dir='ltr'>crederet?</span> <span class='ocrx_word' id='word_1_138' title='bbox 1486 2652 1578 2721; x_wconf 90' lang='lat' dir='ltr'>Nunc</span> <span class='ocrx_word' id='word_1_139' title='bbox 1606 2660 1711 2721; x_wconf 82' lang='lat' dir='ltr'>autem</span> <span class='ocrx_word' id='word_1_140' title='bbox 1740 2678 1822 2742; x_wconf 89' lang='lat' dir='ltr'>quo·</span> 
     </span>
    </p>
   </div>
   <div class='ocr_carea' id='block_1_4' title="bbox 639 2768 1822 4596">
    <p class='ocr_par' dir='ltr' id='par_1_5' title="bbox 639 2768 1822 4596">
     <span class='ocr_line' id='line_1_18' title="bbox 640 2768 1822 2858; baseline 0.002 -21"><span class='ocrx_word' id='word_1_141' title='bbox 640 2772 728 2837; x_wconf 84' lang='lat' dir='ltr'>uiam</span> <span class='ocrx_word' id='word_1_142' title='bbox 756 2770 888 2858; x_wconf 89' lang='lat' dir='ltr'>planum</span> <span class='ocrx_word' id='word_1_143' title='bbox 917 2774 980 2853; x_wconf 88' lang='lat' dir='ltr'>eat,</span> <span class='ocrx_word' id='word_1_144' title='bbox 1011 2788 1107 2855; x_wconf 88' lang='lat' dir='ltr'>quam</span> <span class='ocrx_word' id='word_1_145' title='bbox 1129 2776 1215 2835; x_wconf 89' lang='lat' dir='ltr'>recto</span> <span class='ocrx_word' id='word_1_146' title='bbox 1239 2768 1375 2835; x_wconf 75' lang='lat' dir='ltr'>stamine</span> <span class='ocrx_word' id='word_1_147' title='bbox 1398 2788 1521 2855; x_wconf 88' lang='lat' dir='ltr'>queque</span> <span class='ocrx_word' id='word_1_148' title='bbox 1543 2771 1694 2854; x_wconf 80' lang='lat' dir='ltr'>texuerit,</span> <span class='ocrx_word' id='word_1_149' title='bbox 1724 2791 1822 2841; x_wconf 86' lang='lat' dir='ltr'>omne</span> 
     </span>
     <span class='ocr_line' id='line_1_19' title="bbox 639 2882 1821 2970; baseline 0.002 -17"><span class='ocrx_word' id='word_1_150' title='bbox 639 2887 760 2953; x_wconf 79' lang='lat' dir='ltr'>factum</span> <span class='ocrx_word' id='word_1_151' title='bbox 775 2885 931 2953; x_wconf 88' lang='lat' dir='ltr'>Bardonia</span> <span class='ocrx_word' id='word_1_152' title='bbox 953 2890 1089 2970; x_wconf 85' lang='lat' dir='ltr'>amatur,</span> <span class='ocrx_word' id='word_1_153' title='bbox 1112 2904 1183 2951; x_wconf 89' lang='lat' dir='ltr'>eum</span> <span class='ocrx_word' id='word_1_154' title='bbox 1200 2882 1408 2951; x_wconf 85' lang='lat' dir='ltr'>delectatione</span> <span class='ocrx_word' id='word_1_155' title='bbox 1422 2890 1580 2969; x_wconf 86' lang='lat' dir='ltr'>narratur,</span> <span class='ocrx_word' id='word_1_156' title='bbox 1604 2886 1730 2953; x_wconf 90' lang='lat' dir='ltr'>auditur</span> <span class='ocrx_word' id='word_1_157' title='bbox 1745 2906 1821 2955; x_wconf 91' lang='lat' dir='ltr'>cum</span> 
     </span>
     <span class='ocr_line' id='line_1_20' title="bbox 640 3000 1818 3091; baseline 0.001 -21"><span class='ocrx_word' id='word_1_158' title='bbox 640 3003 795 3091; x_wconf 84' lang='lat' dir='ltr'>aueptrio,</span> <span class='ocrx_word' id='word_1_159' title='bbox 825 3002 893 3069; x_wconf 85' lang='lat' dir='ltr'>eine</span> <span class='ocrx_word' id='word_1_160' title='bbox 915 3000 1315 3085; x_wconf 63' lang='lat' dir='ltr'>determinarentur,</span> <span class='ocrx_word' id='word_1_161' title='bbox 1345 3019 1417 3067; x_wconf 95' lang='lat' dir='ltr'>cum</span> <span class='ocrx_word' id='word_1_162' title='bbox 1439 3000 1554 3084; x_wconf 78' lang='lat' dir='ltr'>gaudio</span> <span class='ocrx_word' id='word_1_163' title='bbox 1577 3010 1818 3079; x_wconf 82' lang='lat' dir='ltr'>rememoratur.</span> 
     </span>
     <span class='ocr_line' id='line_1_21' title="bbox 642 3114 1820 3205; baseline 0 -18"><span class='ocrx_word' id='word_1_164' title='bbox 642 3116 706 3187; x_wconf 82' lang='lat' dir='ltr'>Sed</span> <span class='ocrx_word' id='word_1_165' title='bbox 728 3118 806 3205; x_wconf 88' lang='lat' dir='ltr'>quid</span> <span class='ocrx_word' id='word_1_166' title='bbox 828 3118 963 3185; x_wconf 76' lang='lat' dir='ltr'>dedaori</span> <span class='ocrx_word' id='word_1_167' title='bbox 982 3116 1105 3201; x_wconf 81' lang='lat' dir='ltr'>fecerit,</span> <span class='ocrx_word' id='word_1_168' title='bbox 1129 3116 1281 3183; x_wconf 84' lang='lat' dir='ltr'>dicamne.</span> <span class='ocrx_word' id='word_1_169' title='bbox 1351 3114 1470 3183; x_wconf 88' lang='lat' dir='ltr'>Sedena</span> <span class='ocrx_word' id='word_1_170' title='bbox 1489 3116 1658 3201; x_wconf 88' lang='lat' dir='ltr'>aliquando</span> <span class='ocrx_word' id='word_1_171' title='bbox 1673 3120 1715 3185; x_wconf 86' lang='lat' dir='ltr'>ad</span> <span class='ocrx_word' id='word_1_172' title='bbox 1729 3138 1820 3187; x_wconf 88' lang='lat' dir='ltr'>man-</span> 
     </span>
     <span class='ocr_line' id='line_1_22' title="bbox 641 3231 1820 3321; baseline 0 -19"><span class='ocrx_word' id='word_1_173' title='bbox 641 3255 722 3319; x_wconf 82' lang='lat' dir='ltr'>eam,</span> <span class='ocrx_word' id='word_1_174' title='bbox 744 3234 924 3302; x_wconf 85' lang='lat' dir='ltr'>infirmitati</span> <span class='ocrx_word' id='word_1_175' title='bbox 946 3232 1088 3321; x_wconf 75' lang='lat' dir='ltr'>corporis</span> <span class='ocrx_word' id='word_1_176' title='bbox 1111 3232 1341 3315; x_wconf 78' lang='lat' dir='ltr'>satisfacturus,</span> <span class='ocrx_word' id='word_1_177' title='bbox 1364 3232 1447 3299; x_wconf 83' lang='lat' dir='ltr'>inter</span> <span class='ocrx_word' id='word_1_178' title='bbox 1469 3231 1612 3301; x_wconf 87' lang='lat' dir='ltr'>ciborum</span> <span class='ocrx_word' id='word_1_179' title='bbox 1634 3234 1820 3302; x_wconf 83' lang='lat' dir='ltr'>alimoniam</span> 
     </span>
     <span class='ocr_line' id='line_1_23' title="bbox 641 3348 1818 3435; baseline -0.001 -17"><span class='ocrx_word' id='word_1_180' title='bbox 641 3351 764 3418; x_wconf 88' lang='lat' dir='ltr'>cuuctie</span> <span class='ocrx_word' id='word_1_181' title='bbox 798 3348 1039 3418; x_wconf 80' lang='lat' dir='ltr'>convivantibus</span> <span class='ocrx_word' id='word_1_182' title='bbox 1072 3349 1246 3415; x_wconf 86' lang='lat' dir='ltr'>eructavit·</span> <span class='ocrx_word' id='word_1_183' title='bbox 1278 3348 1410 3435; x_wconf 79' lang='lat' dir='ltr'>spiritua</span> <span class='ocrx_word' id='word_1_184' title='bbox 1443 3348 1629 3415; x_wconf 84' lang='lat' dir='ltr'>ebrietatem</span> <span class='ocrx_word' id='word_1_185' title='bbox 1662 3350 1818 3433; x_wconf 72' lang='lat' dir='ltr'>sobriam</span> 
     </span>
     <span class='ocr_line' id='line_1_24' title="bbox 641 3464 1819 3554; baseline 0 -21"><span class='ocrx_word' id='word_1_186' title='bbox 641 3467 719 3554; x_wconf 85' lang='lat' dir='ltr'>quia</span> <span class='ocrx_word' id='word_1_187' title='bbox 743 3464 793 3533; x_wconf 86' lang='lat' dir='ltr'>illi</span> <span class='ocrx_word' id='word_1_188' title='bbox 815 3465 960 3533; x_wconf 77' lang='lat' dir='ltr'>Gloriatur</span> <span class='ocrx_word' id='word_1_189' title='bbox 986 3484 1113 3552; x_wconf 80' lang='lat' dir='ltr'>comper</span> <span class='ocrx_word' id='word_1_190' title='bbox 1135 3466 1169 3531; x_wconf 90' lang='lat' dir='ltr'>in</span> <span class='ocrx_word' id='word_1_191' title='bbox 1192 3464 1300 3550; x_wconf 91' lang='lat' dir='ltr'>corde,</span> <span class='ocrx_word' id='word_1_192' title='bbox 1331 3482 1457 3551; x_wconf 86' lang='lat' dir='ltr'>aemper</span> <span class='ocrx_word' id='word_1_193' title='bbox 1480 3464 1604 3531; x_wconf 91' lang='lat' dir='ltr'>eratin</span> <span class='ocrx_word' id='word_1_194' title='bbox 1628 3484 1697 3549; x_wconf 87' lang='lat' dir='ltr'>ore,</span> <span class='ocrx_word' id='word_1_195' title='bbox 1728 3484 1819 3533; x_wconf 77' lang='lat' dir='ltr'>aeru-</span> 
     </span>
     <span class='ocr_line' id='line_1_25' title="bbox 641 3578 1816 3669; baseline -0.003 -19"><span class='ocrx_word' id='word_1_196' title='bbox 641 3582 743 3650; x_wconf 83' lang='lat' dir='ltr'>menti</span> <span class='ocrx_word' id='word_1_197' title='bbox 765 3580 932 3651; x_wconf 77' lang='lat' dir='ltr'>eonsilium</span> <span class='ocrx_word' id='word_1_198' title='bbox 955 3581 1103 3648; x_wconf 83' lang='lat' dir='ltr'>dicentia:</span> <span class='ocrx_word' id='word_1_199' title='bbox 1129 3581 1171 3649; x_wconf 68' lang='lat' dir='ltr'>se·</span> <span class='ocrx_word' id='word_1_200' title='bbox 1193 3584 1264 3669; x_wconf 77' lang='lat' dir='ltr'>qaia</span> <span class='ocrx_word' id='word_1_201' title='bbox 1287 3582 1427 3669; x_wconf 79' lang='lat' dir='ltr'>loquitar</span> <span class='ocrx_word' id='word_1_202' title='bbox 1448 3584 1542 3667; x_wconf 79' lang='lat' dir='ltr'>pauci</span> <span class='ocrx_word' id='word_1_203' title='bbox 1554 3601 1710 3649; x_wconf 68' lang='lat' dir='ltr'>monae</span> <span class='ocrx_word' id='word_1_204' title='bbox 1724 3578 1816 3649; x_wconf 65' lang='grc' dir='ltr'>Μ’.</span> 
     </span>
     <span class='ocr_line' id='line_1_26' title="bbox 642 3694 1817 3783; baseline -0.003 -16"><span class='ocrx_word' id='word_1_205' title='bbox 642 3699 786 3767; x_wconf 87' lang='lat' dir='ltr'>Docente</span> <span class='ocrx_word' id='word_1_206' title='bbox 809 3718 884 3783; x_wconf 78' lang='lat' dir='ltr'>ergo</span> <span class='ocrx_word' id='word_1_207' title='bbox 906 3696 962 3763; x_wconf 89' lang='lat' dir='ltr'>illo</span> <span class='ocrx_word' id='word_1_208' title='bbox 985 3698 1072 3763; x_wconf 91' lang='lat' dir='ltr'>omni</span> <span class='ocrx_word' id='word_1_209' title='bbox 1095 3694 1260 3763; x_wconf 82' lang='lat' dir='ltr'>affectione</span> <span class='ocrx_word' id='word_1_210' title='bbox 1282 3694 1503 3780; x_wconf 80' lang='lat' dir='ltr'>consedentes,</span> <span class='ocrx_word' id='word_1_211' title='bbox 1532 3696 1656 3764; x_wconf 87' lang='lat' dir='ltr'>iuvenia</span> <span class='ocrx_word' id='word_1_212' title='bbox 1678 3696 1817 3782; x_wconf 80' lang='lat' dir='ltr'>quidun,</span> 
     </span>
     <span class='ocr_line' id='line_1_27' title="bbox 643 3812 1817 3900; baseline -0.002 -19"><span class='ocrx_word' id='word_1_213' title='bbox 643 3812 825 3881; x_wconf 78' lang='lat' dir='ltr'>carnalibus</span> <span class='ocrx_word' id='word_1_214' title='bbox 845 3812 1082 3880; x_wconf 77' lang='lat' dir='ltr'>titillationibus</span> <span class='ocrx_word' id='word_1_215' title='bbox 1104 3812 1244 3878; x_wconf 85' lang='lat' dir='ltr'>intentur</span> <span class='ocrx_word' id='word_1_216' title='bbox 1267 3813 1373 3900; x_wconf 82' lang='lat' dir='ltr'>potius</span> <span class='ocrx_word' id='word_1_217' title='bbox 1396 3832 1491 3899; x_wconf 88' lang='lat' dir='ltr'>quam</span> <span class='ocrx_word' id='word_1_218' title='bbox 1513 3812 1631 3879; x_wconf 75' lang='lat' dir='ltr'>divinis</span> <span class='ocrx_word' id='word_1_219' title='bbox 1651 3812 1735 3879; x_wconf 84' lang='lat' dir='ltr'>illiue</span> <span class='ocrx_word' id='word_1_220' title='bbox 1748 3832 1817 3879; x_wconf 81' lang='lat' dir='ltr'>aar·</span> 
     </span>
     <span class='ocr_line' id='line_1_28' title="bbox 643 3928 1816 4017; baseline -0.003 -19"><span class='ocrx_word' id='word_1_221' title='bbox 643 3929 801 4013; x_wconf 75' lang='lat' dir='ltr'>monibus,</span> <span class='ocrx_word' id='word_1_222' title='bbox 824 3930 910 4015; x_wconf 90' lang='lat' dir='ltr'>cepit</span> <span class='ocrx_word' id='word_1_223' title='bbox 931 3928 1045 4012; x_wconf 89' lang='lat' dir='ltr'>ridere,</span> <span class='ocrx_word' id='word_1_224' title='bbox 1068 3928 1153 4014; x_wconf 89' lang='lat' dir='ltr'>quod</span> <span class='ocrx_word' id='word_1_225' title='bbox 1175 3933 1240 3995; x_wconf 88' lang='lat' dir='ltr'>tam</span> <span class='ocrx_word' id='word_1_226' title='bbox 1263 3928 1374 3997; x_wconf 89' lang='lat' dir='ltr'>inania</span> <span class='ocrx_word' id='word_1_227' title='bbox 1393 3930 1530 4011; x_wconf 82' lang='lat' dir='ltr'>ganiret</span> <span class='ocrx_word' id='word_1_228' title='bbox 1543 3928 1724 4017; x_wconf 62' lang='lat' dir='ltr'>episcopum</span> <span class='ocrx_word' id='word_1_229' title='bbox 1745 3929 1816 3995; x_wconf 83' lang='lat' dir='ltr'>ani-</span> 
     </span>
     <span class='ocr_line' id='line_1_29' title="bbox 644 4040 1814 4131; baseline -0.003 -18"><span class='ocrx_word' id='word_1_230' title='bbox 644 4046 737 4113; x_wconf 86' lang='lat' dir='ltr'>matia</span> <span class='ocrx_word' id='word_1_231' title='bbox 759 4046 845 4111; x_wconf 87' lang='lat' dir='ltr'>euim</span> <span class='ocrx_word' id='word_1_232' title='bbox 867 4044 961 4111; x_wconf 88' lang='lat' dir='ltr'>homo</span> <span class='ocrx_word' id='word_1_233' title='bbox 983 4064 1047 4111; x_wconf 89' lang='lat' dir='ltr'>non</span> <span class='ocrx_word' id='word_1_234' title='bbox 1071 4044 1207 4131; x_wconf 90' lang='lat' dir='ltr'>percipit</span> <span class='ocrx_word' id='word_1_235' title='bbox 1229 4064 1276 4129; x_wconf 81' lang='lat' dir='ltr'>ea,</span> <span class='ocrx_word' id='word_1_236' title='bbox 1301 4064 1381 4130; x_wconf 86' lang='lat' dir='ltr'>quae</span> <span class='ocrx_word' id='word_1_237' title='bbox 1404 4050 1479 4111; x_wconf 88' lang='lat' dir='ltr'>eunt</span> <span class='ocrx_word' id='word_1_238' title='bbox 1494 4042 1626 4131; x_wconf 76' lang='lat' dir='ltr'>spiritua</span> <span class='ocrx_word' id='word_1_239' title='bbox 1643 4040 1728 4113; x_wconf 88' lang='lat' dir='ltr'>Dei⁸.</span> <span class='ocrx_word' id='word_1_240' title='bbox 1760 4042 1814 4110; x_wconf 89' lang='lat' dir='ltr'>In·</span> 
     </span>
     <span class='ocr_line' id='line_1_30' title="bbox 642 4159 1812 4247; baseline -0.003 -18"><span class='ocrx_word' id='word_1_241' title='bbox 642 4164 724 4229; x_wconf 88' lang='lat' dir='ltr'>iecto</span> <span class='ocrx_word' id='word_1_242' title='bbox 747 4162 845 4245; x_wconf 66' lang='lat' dir='ltr'>igitur</span> <span class='ocrx_word' id='word_1_243' title='bbox 867 4180 942 4229; x_wconf 86' lang='lat' dir='ltr'>caeu</span> <span class='ocrx_word' id='word_1_244' title='bbox 963 4161 998 4227; x_wconf 91' lang='lat' dir='ltr'>in</span> <span class='ocrx_word' id='word_1_245' title='bbox 1020 4180 1093 4227; x_wconf 87' lang='lat' dir='ltr'>eum</span> <span class='ocrx_word' id='word_1_246' title='bbox 1117 4159 1216 4243; x_wconf 86' lang='lat' dir='ltr'>vultu,</span> <span class='ocrx_word' id='word_1_247' title='bbox 1240 4160 1417 4247; x_wconf 80' lang='lat' dir='ltr'>epiecopus,</span> <span class='ocrx_word' id='word_1_248' title='bbox 1441 4160 1584 4227; x_wconf 88' lang='lat' dir='ltr'>deridere</span> <span class='ocrx_word' id='word_1_249' title='bbox 1607 4180 1643 4228; x_wconf 84' lang='lat' dir='ltr'>ae</span> <span class='ocrx_word' id='word_1_250' title='bbox 1660 4162 1812 4245; x_wconf 78' lang='lat' dir='ltr'>iuvenem,</span> 
     </span>
     <span class='ocr_line' id='line_1_31' title="bbox 644 4274 1813 4364; baseline -0.004 -17"><span class='ocrx_word' id='word_1_251' title='bbox 644 4276 884 4364; x_wconf 84' lang='lat' dir='ltr'>comprehendit</span> <span class='ocrx_word' id='word_1_252' title='bbox 910 4277 1021 4343; x_wconf 79' lang='lat' dir='ltr'>furtivi</span> <span class='ocrx_word' id='word_1_253' title='bbox 1046 4274 1192 4343; x_wconf 87' lang='lat' dir='ltr'>cachinni</span> <span class='ocrx_word' id='word_1_254' title='bbox 1215 4281 1248 4342; x_wconf 87' lang='lat' dir='ltr'>ct</span> <span class='ocrx_word' id='word_1_255' title='bbox 1269 4278 1391 4343; x_wconf 81' lang='lat' dir='ltr'>susurri</span> <span class='ocrx_word' id='word_1_256' title='bbox 1413 4276 1559 4343; x_wconf 82' lang='lat' dir='ltr'>motibus.</span> <span class='ocrx_word' id='word_1_257' title='bbox 1594 4274 1737 4362; x_wconf 84' lang='lat' dir='ltr'>diotoqne</span> <span class='ocrx_word' id='word_1_258' title='bbox 1756 4292 1813 4340; x_wconf 78' lang='lat' dir='ltr'>eu·</span> 
     </span>
     <span class='ocr_line' id='line_1_32' title="bbox 643 4390 1811 4483; baseline -0.004 -22"><span class='ocrx_word' id='word_1_259' title='bbox 643 4395 722 4483; x_wconf 87' lang='lat' dir='ltr'>pite,</span> <span class='ocrx_word' id='word_1_260' title='bbox 745 4393 829 4461; x_wconf 87' lang='lat' dir='ltr'>aedit</span> <span class='ocrx_word' id='word_1_261' title='bbox 850 4393 1013 4480; x_wconf 72' lang='lat' dir='ltr'>paulisper</span> <span class='ocrx_word' id='word_1_262' title='bbox 1034 4392 1165 4474; x_wconf 81' lang='lat' dir='ltr'>tacitue3</span> <span class='ocrx_word' id='word_1_263' title='bbox 1189 4392 1331 4479; x_wconf 87' lang='lat' dir='ltr'>viditque</span> <span class='ocrx_word' id='word_1_264' title='bbox 1353 4392 1455 4459; x_wconf 84' lang='lat' dir='ltr'>omuie</span> <span class='ocrx_word' id='word_1_265' title='bbox 1470 4392 1613 4477; x_wconf 78' lang='lat' dir='ltr'>conviva,</span> <span class='ocrx_word' id='word_1_266' title='bbox 1637 4392 1717 4479; x_wconf 88' lang='lat' dir='ltr'>quod</span> <span class='ocrx_word' id='word_1_267' title='bbox 1729 4390 1811 4457; x_wconf 88' lang='lat' dir='ltr'>deri·</span> 
     </span>
     <span class='ocr_line' id='line_1_33' title="bbox 644 4506 1810 4596; baseline -0.004 -17"><span class='ocrx_word' id='word_1_268' title='bbox 644 4511 771 4579; x_wconf 85' lang='lat' dir='ltr'>dentem</span> <span class='ocrx_word' id='word_1_269' title='bbox 807 4528 842 4577; x_wconf 90' lang='lat' dir='ltr'>ae</span> <span class='ocrx_word' id='word_1_270' title='bbox 874 4508 1156 4596; x_wconf 86' lang='lat' dir='ltr'>comprehenderat</span> <span class='ocrx_word' id='word_1_271' title='bbox 1182 4508 1312 4595; x_wconf 82' lang='lat' dir='ltr'>eiusque</span> <span class='ocrx_word' id='word_1_272' title='bbox 1339 4508 1386 4577; x_wconf 91' lang='lat' dir='ltr'>rei</span> <span class='ocrx_word' id='word_1_273' title='bbox 1415 4526 1511 4575; x_wconf 83' lang='lat' dir='ltr'>cauea</span> <span class='ocrx_word' id='word_1_274' title='bbox 1537 4512 1666 4577; x_wconf 84' lang='lat' dir='ltr'>taceret</span> <span class='ocrx_word' id='word_1_275' title='bbox 1698 4506 1810 4574; x_wconf 73' lang='lat' dir='ltr'>Omnes</span> 
     </span>
    </p>
   </div>
   <div class='ocr_carea' id='block_1_5' title="bbox 717 4676 921 4726">
    <p class='ocr_par' dir='ltr' id='par_1_6' title="bbox 717 4676 921 4726">
     <span class='ocr_line' id='line_1_34' title="bbox 717 4676 921 4726; baseline -0.015 0"><span class='ocrx_word' id='word_1_276' title='bbox 717 4692 739 4726; x_wconf 72' lang='grc' dir='ltr'>ι</span> <span class='ocrx_word' id='word_1_277' title='bbox 759 4676 887 4725; x_wconf 70' lang='lat' dir='ltr'>«nemun</span> <span class='ocrx_word' id='word_1_278' title='bbox 900 4695 921 4723; x_wconf 80' lang='lat' dir='ltr'>c.</span> 
     </span>
    </p>
   </div>
   <div class='ocr_carea' id='block_1_6' title="bbox 645 4772 1806 4941">
    <p class='ocr_par' dir='ltr' id='par_1_7' title="bbox 645 4772 1806 4941">
     <span class='ocr_line' id='line_1_35' title="bbox 716 4772 1806 4853; baseline -0.011 -13"><span class='ocrx_word' id='word_1_279' title='bbox 716 4784 743 4840; x_wconf 91' lang='lat'>1.</span> <span class='ocrx_word' id='word_1_280' title='bbox 767 4780 916 4839; x_wconf 74' lang='lat' dir='ltr'>lcortntta</span> <span class='ocrx_word' id='word_1_281' title='bbox 928 4780 955 4852; x_wconf 78' lang='lat'>4,</span> <span class='ocrx_word' id='word_1_282' title='bbox 968 4781 1011 4836; x_wconf 80' lang='lat'>13.</span> <span class='ocrx_word' id='word_1_283' title='bbox 1089 4780 1115 4835; x_wconf 61' lang='grc' dir='ltr'>ὓ.</span> <span class='ocrx_word' id='word_1_284' title='bbox 1140 4780 1281 4851; x_wconf 82' lang='lat' dir='ltr'>lPetr.4,</span> <span class='ocrx_word' id='word_1_285' title='bbox 1295 4782 1337 4837; x_wconf 89' lang='lat'>11.</span> <span class='ocrx_word' id='word_1_286' title='bbox 1409 4780 1435 4836; x_wconf 84' lang='grc'>3.</span> <span class='ocrx_word' id='word_1_287' title='bbox 1460 4782 1474 4836; x_wconf 94' lang='lat'>1</span> <span class='ocrx_word' id='word_1_288' title='bbox 1488 4779 1609 4837; x_wconf 65' lang='lat' dir='ltr'>Corinth,</span> <span class='ocrx_word' id='word_1_289' title='bbox 1622 4782 1648 4853; x_wconf 76' lang='lat'>2,</span> <span class='ocrx_word' id='word_1_290' title='bbox 1662 4780 1704 4836; x_wconf 79' lang='lat'>14:</span> <span class='ocrx_word' id='word_1_291' title='bbox 1721 4772 1806 4848; x_wconf 73' lang='lat' dir='ltr'>,dai-</span> 
     </span>
     <span class='ocr_line' id='line_1_36' title="bbox 645 4867 1288 4941; baseline -0.009 -12"><span class='ocrx_word' id='word_1_292' title='bbox 645 4872 725 4929; x_wconf 75' lang='lat' dir='ltr'>mdia</span> <span class='ocrx_word' id='word_1_293' title='bbox 742 4876 836 4927; x_wconf 79' lang='lat' dir='ltr'>autem</span> <span class='ocrx_word' id='word_1_294' title='bbox 852 4869 934 4927; x_wconf 82' lang='lat' dir='ltr'>homo</span> <span class='ocrx_word' id='word_1_295' title='bbox 953 4899 987 4911; x_wconf 93' lang='lat'><em>-</em></span> <span class='ocrx_word' id='word_1_296' title='bbox 1004 4867 1118 4941; x_wconf 67' lang='lat' dir='ltr'>miritae</span> <span class='ocrx_word' id='word_1_297' title='bbox 1135 4868 1220 4925; x_wconf 82' lang='lat' dir='ltr'>Doi“.</span> <span class='ocrx_word' id='word_1_298' title='bbox 1285 4926 1288 4939; x_wconf 63' lang='grc'>,</span> 
     </span>
    </p>
   </div>
   <div class='ocr_carea' id='block_1_7' title="bbox 0 0 2179 6034">
    <p class='ocr_par' dir='ltr' id='par_1_8' title="bbox 0 0 2179 6034">
     <span class='ocr_line' id='line_1_37' title="bbox 0 0 2179 6034; baseline 0 0"><span class='ocrx_word' id='word_1_299' title='bbox 0 0 2179 6034; x_wconf 95' lang='lat' dir='ltr'> </span> 
     </span>
    </p>
   </div>
  </div>
 </body>
</html>
