4342 6034
559 792 765 841 wnursuuur
786 792 866 837 vrrs
890 791 915 838 s.
932 790 1112 839 normann
1132 791 1207 839 coe.
1222 791 1272 839 rur
1431 773 1496 839 457

345 937 449 1002 siarum
481 933 652 1021 populique
685 952 885 1020 perversores
914 932 1069 1016 abigebat.
1121 930 1261 1010 Quorum
1293 932 1348 997 alii
1376 932 1500 1019 pridem
1518 939 1572 995 tae

344 1050 412 1118 fuleo
434 1070 467 1117 se
489 1050 688 1137 episcopatus
710 1049 812 1133 grado
833 1048 1065 1134 praetuderunt3
1090 1046 1145 1114 alii
1159 1048 1255 1115 otiam
1270 1048 1499 1135 presbiteratus

343 1188 372 1235 se
391 1164 488 1235 oilioio
511 1165 719 1253 deputabaut3
743 1164 807 1249 alii,
829 1164 907 1232 haee
929 1170 1023 1249 atque
1046 1164 1365 1232 aliainnumerabdia
1378 1162 1498 1248 lingen-

342 1288 397 1367 tes,
422 1304 537 1368 magua
559 1302 598 1349 ex
620 1286 728 1369 parte·
750 1280 901 1369 populum
923 1279 1126 1347 seduxerunt.
1173 1279 1236 1347 Sed
1258 1280 1350 1366 qnial
1372 1287 1499 1349 sanetus

341 1400 392 1483 sir,
412 1400 475 1465 iarn
486 1400 554 1467 Deo
571 1400 610 1468 ab
624 1399 759 1467 infautia
772 1397 907 1481 deditus,
928 1396 1077 1463 iniuriam
1098 1395 1218 1462 domini
1237 1398 1287 1463 sui
1302 1397 1498 1481 ueniamus,

340 1534 427 1601 supra
456 1516 574 1583 dietum
602 1517 713 1583 dneem
740 1520 949 1599 ornatumque
971 1512 1119 1596 vulgum⁶
1143 1513 1182 1580 ab
1203 1512 1323 1579 iniusta
1343 1512 1499 1580 hereticae

339 1630 478 1697 falsitatis
500 1637 586 1699 seeta
609 1637 640 1698 et
661 1630 832 1698 fomioaria
848 1628 1044 1695 sacerdotum
1061 1628 1428 1715 deeeptioneooherenit
1456 1628 1501 1696 Et

338 1748 525 1832 provintiam
547 1746 793 1832 Baioariornw,
821 1744 962 1814 Otilone·
985 1744 1063 1811 duee
1093 1746 1323 1829 consentiente,
1351 1746 1386 1811 in
1409 1752 1500 1831 qnat-

338 1867 403 1928 toor
428 1862 536 1929 divisit
563 1859 762 1950 parrochias¹
785 1866 994 1948 quattuorque
1020 1861 1082 1927 hiis
1111 1860 1310 1948 praesedere¹
1330 1861 1407 1927 ieeit
1434 1862 1501 1949 epi-

337 1996 452 2064 seopos,
476 1998 564 2065 qnos,
588 1980 785 2046 ordinatione
808 1978 928 2045 eeilioet
948 1978 1046 2061 iacta,
1070 1978 1104 2043 in
1126 1979 1326 2064 episoopatue
1348 1978 1501 2061 gradum¹

337 2092 540 2175 sublevaviti
579 2094 718 2174 Quorum
750 2095 872 2181 primns
906 2094 1033 2159 nomine
1061 2092 1231 2177 lohannes,
1265 2093 1434 2161 aeeclesiae
1465 2095 1500 2160 in

336 2211 445 2298 oppido
468 2210 570 2297 quodl
592 2210 708 2277 dieitur
723 2209 908 2295 Salzporoh¹
930 2209 1129 2296 episeopatns
1149 2209 1330 2277 outhedram
1345 2212 1499 2297 suseepit3

336 2327 503 2393 seourudusk
525 2326 746 2411 Eremberoht,
779 2325 833 2411 qui
855 2324 1049 2409 Frisingensi
1072 2324 1242 2392 aeoolesiae
1263 2326 1500 2413 superspecula-

335 2444 406 2509 toris
428 2444 533 2510 tenuit
553 2443 780 2529 prinoipatum3
805 2441 927 2509 tertioe¹
948 2439 1119 2525 Goibdd',
1142 2442 1197 2527 qui
1218 2442 1368 2510 aeeolesio
1388 2443 1499 2509 uirita-

334 2559 371 2625 tis
392 2559 532 2643 Reginae
559 2558 718 2645 pastorale
747 2557 938 2625 exeubitoris
961 2557 1058 2623 subiit
1079 2554 1325 2641 magisterium*
1357 2558 1499 2644 Cumque

407 2733 426 2771 ¹
447 2735 483 2793 In
504 2736 628 2810 morps'ae
654 2734 681 2790 1⁴¹
699 2754 800 2791 monae
825 2753 897 2792 eaeo.
920 2733 986 2790 XII
1004 2736 1108 2809 poeaa't
1131 2736 1214 2792 laec:
1240 2732 1371 2809 Quartus
1390 2735 1498 2813 Viuite,

447 2832 500 2909 qui
527 2848 615 2907 super
634 2830 841 2890 Patavieusem
867 2830 1041 2889 aeooleeiam
1069 2846 1172 2891 eaorae
1199 2830 1398 2908 indagationis
1424 2834 1497 2893 obti·

446 2928 514 2989 uuit
532 2928 715 3005 dignitatem.

407 3028 442 3087 In
462 3029 491 3088 B
516 3036 672 3107 sequautur
698 3026 765 3085 toea
791 3029 821 3085 ia
847 3026 933 3083 litora
953 3029 1074 3101 aon'ptu:
1101 3023 1244 3099 Quartum
1265 3026 1297 3086 iu
1319 3024 1407 3087 Nora
1427 3026 1498 3087 eiri-

448 3130 511 3187 tate
538 3125 657 3185 nomine
682 3124 875 3200 ldaunonem,
901 3122 950 3183 oui
975 3121 1140 3183 Uodalhart
1162 3124 1319 3200 episeopus
1347 3125 1499 3185 suecessit

447 3224 533 3283 Duas
553 3222 691 3283 videlieet
711 3220 871 3281 aeooleeias
891 3221 1084 3299 conseerarit,
1106 3238 1195 3281 unam
1215 3222 1303 3281 beato
1322 3222 1430 3283 ditono
1449 3242 1499 3284 ve·

447 3320 581 3383 neraudo
609 3320 687 3398 siro,
713 3337 800 3395 qnam
829 3320 859 3379 in
885 3316 996 3379 honore
1016 3318 1072 3378 Dei
1093 3318 1245 3395 genitricis
1265 3320 1377 3381 llariae
1398 3338 1498 3381 eonse-

448 3418 559 3495 eravit3
587 3418 710 3478 alteram
731 3416 969 3478 reverentissimo
991 3416 1055 3476 viro
1075 3414 1231 3476 Lautfuido
1252 3416 1283 3477 in
1304 3418 1369 3478 loeo
1389 3420 1498 3497 Poros,

448 3534 537 3593 quam
556 3515 586 3575 in
600 3514 712 3575 honore
726 3514 904 3575 contessoris
918 3512 1028 3575 Christi
1042 3514 1195 3573 Benedicti
1208 3512 1383 3576 dedicavit&
1414 3516 1500 3577 Duo‘

448 3630 567 3691 qnoque
586 3612 796 3673 monasteriola
816 3612 930 3672 duabus
947 3612 1076 3672 iniunxit
1089 3612 1242 3672 aeoelesiie
1254 3610 1360 3689 hisque
1373 3630 1433 3673 non
1446 3615 1500 3674 mi·

448 3712 560 3773 nimam
588 3710 779 3771 servientium
800 3710 864 3771 Deo
885 3710 1102 3771 multitudinem
1123 3710 1309 3789 subrogavit3
1336 3712 1380 3771 ita
1399 3716 1434 3773 ut
1451 3729 1499 3773 us·

401 3934 420 3967 ι.
443 3935 472 3967 er
487 3921 552 3979 parte
569 3934 611 3965 aas.
627 3920 654 3965 F.
725 3918 748 3965 lo.
768 3930 797 3979 qe
813 3921 838 3974 F,
859 3918 913 3977 quia
928 3922 956 3965 A.
1023 3931 1043 3965 e.
1064 3918 1145 3977 vulgus
1159 3923 1188 3967 A.
1250 3918 1273 3964 el.
1293 3918 1453 3977 Begnariororo
1469 3924 1499 3967 A.

332 4012 351 4043 e.
370 3998 468 4046 odilone
485 4002 514 4046 A.
591 3997 607 4044 l.
632 3996 669 4045 hie
690 3996 821 4057 praesidere
836 4002 864 4045 A.
942 4010 964 4057 g.
989 3996 1076 4055 padari
1091 4000 1117 4045 F.
1194 3996 1219 4044 lu.
1241 3998 1281 4057 qui
1297 4000 1323 4055 F,
1339 4000 1372 4054 B,
1393 4000 1454 4059 quod
1469 4002 1499 4047 A.

331 4077 345 4123 'a
365 4078 480 4139 Bulzpuelr
496 4082 522 4135 F,
539 4076 645 4136 saltburg
660 4080 688 4125 A.
761 4076 783 4123 lu
804 4076 928 4125 seeundum
939 4080 964 4135 F,
980 4078 1094 4125 mundus
1104 4081 1132 4123 Α.
1204 4077 1220 4122 l.
1234 4077 1326 4126 tortian
1336 4081 1364 4131 Ρ,
1379 4079 1460 4125 oreas
1471 4082 1499 4127 A.

332 4170 359 4203 ra
379 4157 478 4205 Gsibald
493 4161 521 4205 A.

401 4265 425 4318 1.
449 4262 529 4318 Haeo
545 4276 636 4318 rerum
652 4261 788 4319 institutio
806 4274 878 4317 anuo
896 4261 948 4317 739
966 4258 1040 4317 iaetu
1051 4265 1103 4332 est,
1120 4264 1186 4331 poet
1195 4261 1328 4331 Bouporti
1339 4261 1417 4317 duoie
1428 4277 1498 4319 mor-

332 4354 398 4420 tem,
421 4366 495 4421 quae
518 4350 554 4405 ad
577 4352 667 4422 ipsum
685 4368 785 4407 aunum
805 4350 857 4407 739
874 4350 994 4420 pertinet
1011 4353 1048 4417 (v.
1067 4366 1152 4421 supra
1168 4367 1196 4421 p.
1208 4351 1263 4406 455
1280 4368 1307 4405 n
1321 4352 1366 4420 l),
1389 4354 1498 4406 etanta

332 4454 451 4493 mousom
464 4438 618 4509 Ootobrem,
637 4444 669 4495 ut
686 4440 768 4495 doset
778 4436 908 4495 Bonifatii
926 4454 968 4509 ep.
981 4440 1016 4495 38
1034 4454 1118 4511 supra
1134 4456 1161 4509 p.
1176 4440 1235 4494 104.
1307 4440 1333 4493 2.
1352 4440 1497 4494 Bovarium

332 4541 348 4579 a
364 4526 503 4583 Bonifatio
521 4528 549 4583 iu
566 4532 684 4599 quatuor
701 4528 843 4598 paroeciae
861 4526 976 4583 disisam
995 4542 1065 4599 esse,
1087 4526 1138 4583 sed
1155 4533 1211 4582 trae
1228 4530 1335 4582 tantum
1353 4528 1497 4597 episeopos

332 4614 482 4687 ordinatos,
501 4632 563 4673 oum
581 4618 635 4672 iam
654 4620 736 4673 antea
753 4616 844 4672 Vivilo
862 4616 1007 4686 episeopus
1025 4632 1042 4671 a
1060 4616 1192 4686 Gregorio
1203 4616 1244 4671 111
1260 4632 1333 4687 papa
1350 4616 1496 4672 ordinatio-

332 4718 391 4759 nem
409 4706 576 4775 aoeepiseet,
600 4705 686 4775 liquet
703 4720 737 4761 ex
754 4703 844 4761 Bonis.
862 4720 906 4775 ep.
919 4706 954 4759 38
972 4706 989 4759 l.
1001 4705 1019 4759 l.
1108 4706 1134 4761 3.
1158 4703 1199 4761 cf.
1218 4704 1316 4761 Chron
1334 4704 1497 4761 Benedieto·

333 4790 465 4849 buranum
482 4794 526 4849 ed.
539 4793 722 4851 wattenbaeh
739 4794 767 4849 in
785 4794 856 4849 llou.
869 4792 960 4849 Germ.
973 4792 1022 4849 SS.
1035 4794 1074 4849 IX
1088 4794 1149 4849 214.
1233 4795 1261 4849 d
1287 4794 1370 4865 „Duo
1388 4809 1497 4863 quoque

335 4910 363 4919 -
382 4880 558 4939 onerante
578 4868 724 4954 desumpta
741 4888 806 4939 sunt
823 4898 858 4939 ex
875 4882 1015 4953 superiore
1032 4882 1106 4939 vitae
1124 4881 1254 4939 Bonifatii
1271 4884 1331 4938 loeo
1348 4898 1376 4953 p.
1388 4884 1450 4938 455.
1500 4937 1504 4943 .
