4342 6034
636 806 703 874 230
886 822 913 871 s.
930 820 1108 870 sonmuun
1130 822 1174 869 nr
1196 822 1299 870 nonu
1320 821 1509 870 memnonia
1532 820 1563 869 sa

639 962 701 1037 83.
726 966 917 1033 Benedictus
940 969 1117 1053 episcopua,
1141 968 1224 1031 aedes
1247 967 1439 1053 apostolieae
1460 967 1684 1046 medanum,
1708 966 1811 1031 Boni·

718 1082 844 1169 fata'um
866 1082 1019 1169 afflictam
1042 1083 1251 1148 emulantur
1425 1080 1461 1163 (S
1479 1082 1554 1165 145,
1576 1078 1617 1147 W
1633 1081 1687 1165 85,
1711 1078 1811 1162 Gis)

566 1225 617 1278 751
727 1214 864 1282 Domino
894 1214 1095 1282 sanctissimo
1130 1219 1225 1299 atque
1255 1214 1471 1282 amantissimo
1500 1215 1592 1282 nobis
1622 1214 1657 1280 in
1686 1212 1813 1280 Christo

562 1297 619 1343 Nor.

637 1331 723 1418 patri
744 1330 904 1397 Bonifatio
927 1330 1165 1418 archiepiscopo
1180 1329 1370 1397 Benedictus
1393 1327 1578 1418 episcopus¹
1600 1335 1632 1397 et
1653 1330 1813 1397 vicedom-

637 1447 716 1514 nusb
740 1446 824 1514 sedis
847 1452 975 1514 sanotae
998 1446 1201 1534 apostolicae.

726 1563 880 1631 Praesens
895 1562 957 1629 Lul
979 1562 1169 1631 venerabilis
1192 1560 1360 1649 presbiter,
1383 1566 1535 1648 paternae
1557 1562 1737 1629 sanctitatis
1760 1582 1813 1629 re-

637 1686 722 1748 strae
751 1680 885 1765 missus,
913 1680 1113 1746 honorandos
1140 1678 1232 1745 nobis
1262 1685 1334 1745 tuos
1365 1676 1472 1745 attulit
1501 1677 1624 1745 affatus.
1670 1678 1812 1757 Quorum

636 1802 743 1864 textus
772 1795 967 1864 continebat:
1002 1794 1112 1861 multis
1146 1800 1179 1861 te
1206 1792 1446 1862 necessitatibus
1475 1799 1508 1861 et
1534 1794 1714 1861 turbinibus
1743 1814 1813 1862 osse

636 1912 799 1979 tristatum
827 1934 886 1999 per
914 1912 1057 1978 homines
1085 1929 1151 1976 non
1172 1910 1321 1976 timentes
1344 1908 1448 1976 Deum
1471 1914 1504 1977 et
1525 1909 1623 1977 falsos
1646 1910 1811 1997 episcopos

623 2016 730 2114 'atque
758 2027 1070 2123 psendopresbiteros
1100 2030 1132 2093 et
1159 2026 1365 2093 fornicatores
1393 2024 1524 2093 clericos
1552 2046 1723 2111 eorumque
1752 2026 1812 2091 ini·

637 2165 715 2231 quas
744 2146 882 2212 actiones
910 2162 1089 2231 pravasque
1110 2142 1313 2208 inmissiones
1321 2153 1343 2225 ⁶,
1372 2142 1500 2228 iamque
1524 2146 1556 2208 et
1577 2142 1811 2208 inimicantium

638 2266 670 2329 et
702 2262 958 2349 persequentium
993 2259 1145 2343 gentium.
1192 2257 1332 2336 Quorum
1367 2259 1544 2344 persecutio
1578 2258 1689 2343 iniqua
1716 2257 1810 2325 finem

637 2378 766 2445 habebit
787 2378 934 2443 interitus
957 2375 1151 2462 sempiterni.
1188 2372 1327 2457 Etenim,
1351 2374 1552 2442 sanctissime
1573 2380 1677 2462 pater,
1702 2396 1811 2443 omnes

637 2493 740 2559 sancti
763 2497 881 2577 quanta
901 2492 989 2578 passi
1012 2496 1086 2557 sunt
1107 2494 1281 2575 tormenta,
1309 2496 1346 2556 ut
1375 2492 1477 2557 securi
1506 2492 1707 2577 possiderent
1727 2492 1812 2559 vitae

639 2614 786 2676 aeternas
809 2604 975 2697 palmam'.
1013 2606 1174 2674 Habemus
1197 2605 1424 2673 consolatorem
1449 2608 1610 2691 egregium
1634 2608 1812 2694 apostolum

637 2724 781 2809 Paulum,
805 2728 859 2810 qui
882 2725 987 2792 docet:
1015 2726 1146 2812 Oportet
1167 2746 1225 2789 noe
1244 2746 1308 2810 per
1327 2724 1445 2789 maleae
1458 2725 1676 2791 tribulationes
1690 2728 1812 2791 innare

637 2846 672 2907 ire
694 2866 825 2930 ceperam
847 2836 938 2908 Ded.
985 2839 1102 2924 Magna
1125 2839 1184 2905 tibi
1207 2844 1255 2905 est
1277 2859 1414 2924 merces,
1445 2840 1686 2907 uenustissime
1709 2845 1811 2926 pater,

639 2962 670 3024 et
693 2977 808 3025 corona
831 2958 950 3042 gloriae
973 2976 1079 3023 eoram
1104 2956 1320 3043 omnipotente
1343 2954 1422 3040 Deo,
1446 2955 1522 3021 dum
1544 2955 1652 3021 omnia
1672 2954 1812 3023 toleran-

638 3079 687 3141 ter
710 3075 845 3141 sustines
868 3080 999 3161 propter
1021 3074 1163 3139 divinum
1184 3072 1370 3138 mandatum
1385 3078 1417 3138 et
1431 3071 1699 3158 praedicationem
1714 3092 1812 3140 enan·

638 3189 712 3275 gelii
735 3190 806 3257 Iesu
828 3190 946 3257 Christi
974 3189 1095 3255 domini
1117 3189 1168 3255 dei
1191 3194 1223 3256 et
1244 3188 1411 3255 salvatoris
1434 3189 1544 3255 nostri.
1591 3188 1709 3273 Cuius,
1738 3188 1812 3256 lieet

637 3312 793 3393 peccator,
816 3306 991 3393 potentiam
1015 3306 1183 3391 deprecor:
1206 3310 1242 3371 nt
1259 3305 1386 3371 domino
1401 3324 1473 3371 meo
1487 3304 1580 3371 beato
1596 3306 1811 3393 apostolorum

638 3422 776 3509 principi
790 3421 884 3489 Petro
906 3420 1131 3505 intercedente,
1155 3421 1243 3488 ouius
1267 3426 1299 3487 et
1320 3420 1422 3486 vicem
1445 3421 1513 3504 agis
1535 3422 1620 3489 inter
1640 3423 1762 3490 feroces
1780 3429 1812 3491 et

638 3539 809 3605 indomitas
832 3542 952 3622 gentes,
977 3542 1013 3603 ut
1034 3538 1105 3625 ipse
1127 3541 1160 3603 to
1181 3556 1240 3603 sua
1254 3537 1373 3624 pietate
1388 3536 1554 3622 custodiat,
1578 3544 1610 3605 et
1625 3538 1811 3607 decursum*

638 3654 806 3721 ministerii
835 3654 883 3719 tui
911 3654 944 3719 in
974 3652 1025 3719 die
1054 3653 1207 3720 adventus
1235 3653 1302 3720 eius
1329 3654 1493 3739 copiosum
1519 3654 1659 3721 fructum
1687 3656 1812 3723 adferre

638 3770 745 3837 valeas
769 3775 801 3838 et
824 3788 843 3836 a
865 3769 1027 3836 conditore
1047 3770 1189 3835 omnium
1204 3768 1273 3835 Deo
1288 3768 1551 3836 remunerationis
1566 3772 1724 3857 premium
1739 3792 1811 3840 con·

639 3886 763 3973 tuplum
792 3886 928 3972 accipias
958 3890 989 3951 et
1017 3886 1116 3952 vitam
1139 3890 1300 3952 aeternam
1322 3886 1495 3973 possideas.
1586 3885 1731 3973 Etenim,
1759 3908 1811 3955 me

638 4004 744 4089 ipsum
772 4002 889 4069 sanctis
919 4002 981 4068 tuis
1006 4002 1200 4069 orationibus
1223 4003 1463 4088 commendans,
1491 4008 1527 4070 ut
1548 4003 1634 4070 valui
1656 4004 1692 4071 in
1714 4004 1810 4072 verbo

639 4124 672 4186 et
693 4138 797 4205 opere,
821 4119 982 4205 praedicto
1006 4124 1060 4185 tuo
1075 4119 1174 4185 misso
1190 4118 1315 4185 adiutor
1330 4120 1474 4207 apparui.
1553 4120 1810 4189 Benedictionem

638 4234 773 4319 denique
796 4240 935 4301 svestra
950 4234 1144 4303 beatitudine
1159 4234 1301 4319 misaam,
1324 4236 1407 4302 siout
1421 4256 1441 4303 a
1456 4243 1547 4323 patre
1560 4256 1642 4321 meo,
1666 4238 1808 4325 suseepi3

638 4356 670 4418 st
692 4350 900 4439 omnipotenti
923 4350 991 4419 Deo
1014 4352 1134 4436 gratias
1158 4350 1208 4434 egi
1231 4356 1263 4417 et
1290 4357 1395 4419 vestm
1422 4354 1642 4420 sanctissimae
1670 4354 1809 4441 paterni·

637 4468 705 4534 tati.
796 4466 935 4553 Etenim,
960 4468 1144 4549 beatissime
1167 4472 1267 4554 pater,
1291 4488 1426 4555 parvum
1448 4468 1670 4536 munusculum
1692 4470 1808 4537 sancti·

710 4679 730 4712 a
753 4684 781 4711 ex
798 4668 827 4713 M
840 4664 969 4717 sl-slo,
992 4662 1173 4711 Mic-460.
1201 4666 1253 4712 Sine
1273 4666 1376 4711 mate
1391 4668 1431 4722 M,-
1453 4664 1557 4725 Epistola
1571 4666 1690 4714 benedicti
1707 4666 1806 4727 episcopi

637 4744 774 4793 vicedomini
790 4742 1005 4803 sedisapostolicae
1022 4742 1052 4789 ad
1067 4742 1204 4791 Bonifatium
1222 4746 1248 4791 C.
1322 4744 1344 4791 b.
1365 4744 1459 4791 rioodie
1476 4748 1510 4793 Μ.
1587 4759 1606 4793 ο.
1628 4746 1763 4793 inmisionm
1773 4748 1806 4793 M.

637 4824 660 4871 d.
681 4844 737 4873 corr.
753 4828 776 4873 in
792 4825 820 4871 (le
837 4836 905 4870 cursu
922 4825 947 4871 C.

710 4930 733 4985 l.
753 4928 948 4998 Nomentanus,
962 4931 994 4983 nt
1005 4926 1123 4983 ridetur.
1190 4929 1216 4983 2.
1235 4925 1278 4985 Gt
1290 4926 1427 4999 Sap.3,4.
1494 4930 1522 4985 3.
1539 4928 1804 5001 Aetspost.14,21.
