4342 6034
639 793 703 859 256
849 810 876 857 s.
892 810 1069 858 noun-*nun
1091 810 1136 856 nr
1158 808 1261 856 nunu
1281 806 1470 855 aristonis
1492 805 1546 853 roe.
1561 804 1608 851 ror

479 962 620 1019 tlt-‘loo
638 952 754 1036 gneris.
800 950 844 1035 Et
866 951 907 1017 ad
929 952 1003 1018 boc·
1026 950 1138 1038 ipsad⁸
1161 948 1319 1032 agendum
1340 947 1431 1030 alios,
1456 964 1670 1030 quoscumque
1691 944 1744 1011 rel
1765 945 1812 1009 iu-

639 1068 741 1134 bendo
765 1066 815 1135 vel
837 1067 1031 1150 suggerendo
1054 1067 1170 1153 possit,
1199 1082 1372 1151 prouocare
1401 1061 1600 1127 auctoritatis
1621 1066 1697 1127 tuac
1718 1080 1812 1127 vene-

639 1182 740 1249 renda
773 1182 897 1248 dilectio
927 1200 1052 1267 semper
1080 1181 1123 1247 sit
1154 1180 1258 1246 vivaci
1290 1177 1445 1244 memoria
1477 1176 1588 1263 plena,
1621 1181 1689 1242 tam
1721 1175 1813 1241 dum‘

641 1298 801 1365 advixisse
830 1317 881 1364 me
909 1297 942 1362 iu
970 1296 1030 1363 bec
1058 1295 1184 1361 mortali
1214 1314 1309 1361 carne
1337 1294 1464 1377 audies,
1494 1312 1590 1377 quam
1616 1292 1715 1359 ctiam
1743 1298 1815 1377 post

640 1412 761 1479 obitum
784 1432 905 1495 meum,
929 1412 957 1478 si
978 1418 1083 1493 tecum
1106 1430 1289 1497 promerear
1311 1409 1428 1476 babere
1451 1408 1664 1494 superstitem.

730 1528 789 1595 llis
815 1528 922 1612 itaque
950 1525 1107 1594 breviterd
1135 1525 1382 1610 summatimque
1409 1524 1592 1611 prelibatis,
1620 1542 1720 1589 anam
1747 1542 1814 1587 rem
1932 1570 1934 1581 ,

641 1650 786 1730 preterea
809 1664 828 1709 a
850 1642 939 1709 vobis
962 1642 1106 1709 desidero
1128 1641 1208 1707 mibi
1230 1640 1388 1723 exbiberi,
1417 1658 1514 1725 quem
1535 1638 1625 1705 vobis
1648 1637 1815 1721 adquirere
1932 1644 1934 1733 ξ

641 1759 733 1827 valde
756 1758 883 1825 difficile
906 1778 991 1842 esse,
1020 1758 1110 1823 iuxta
1132 1756 1216 1842 quod
1239 1756 1318 1822 mibi
1340 1755 1517 1821 indicatum
1538 1760 1606 1837 est,
1634 1752 1815 1819 nullatenus
1932 1734 1934 1795 !

641 1895 727 1957 reor;
756 1873 816 1941 hoc
844 1880 893 1941 est
919 1874 998 1939 duos
1026 1872 1182 1958 falcones,
1210 1892 1345 1957 quorum
1375 1892 1427 1937 ars
1450 1876 1483 1937 et
1505 1870 1583 1936 artis
1607 1868 1738 1935 sodada
1759 1867 1814 1934 sit:
1932 1930 1934 1933 ι

640 2010 734 2073 grues
757 1990 837 2057 velle
858 1990 994 2057 libenter
1015 1989 1172 2075 captando
1195 1988 1337 2073 arripere
1359 1992 1391 2053 et
1413 1985 1595 2072 arripiendo
1614 1989 1816 2051 consternere

641 2105 718 2172 solo.
765 2104 916 2172 Obbane
938 2105 1055 2171 etenim
1077 2124 1206 2171 causam
1228 2104 1268 2170 de
1289 2103 1403 2168 berum
1424 2100 1635 2186 adquisitione
1658 2106 1691 2166 et
1711 2105 1815 2165 trans·

641 2220 885 2287 mittendarum·
909 2220 949 2286 ad
971 2240 1029 2286 nos
1057 2220 1163 2285 avium
1192 2239 1249 2285 vos
1276 2236 1442 2302 rogamus,
1473 2217 1548 2301 qaia
1575 2214 1725 2282 videlicet
1745 2234 1815 2301 per·

642 2336 736 2422 pauci
758 2336 851 2402 huius
873 2336 998 2419 generis
1021 2335 1189 2421 accipitres
1210 2334 1246 2399 in
1267 2333 1385 2399 nostris
1406 2332 1606 2415 regionibus,
1628 2331 1690 2396 boc
1711 2334 1762 2396 est
1783 2330 1817 2395 in
1932 2358 1934 2419 ᾗ

643 2449 766 2534 Gentis,
790 2451 1025 2537 repperiuntur,
1049 2451 1104 2535 qui
1125 2457 1193 2515 tum
1215 2449 1315 2516 bonos
1337 2448 1515 2533 producant
1535 2446 1638 2513 foetis
1661 2452 1695 2512 et
1708 2446 1751 2512 sd
1765 2465 1817 2511 aa·

642 2566 819 2652 pradictum
849 2572 951 2631 artem
979 2566 1085 2632 animo
1114 2565 1212 2649 agiles
1242 2583 1279 2631 ac
1305 2562 1460 2629 bellicosi‘
1482 2562 1656 2628 educentur
1683 2566 1716 2628 et
1743 2560 1817 2627 edo-

643 2688 770 2747 mantur
793 2701 830 2747 ec
852 2681 1030 2747 doceantur.
1110 2680 1275 2747 Postremo
1298 2684 1403 2744 numm
1424 2678 1460 2743 in
1481 2675 1544 2743 line
1567 2676 1723 2763 epistulae
1743 2696 1817 2763 pre-
1932 2748 1934 2751 Α

643 2815 707 2879 cor,
730 2801 766 2861 ut
789 2796 829 2861 ad
853 2796 1042 2863 scribentem
1064 2802 1115 2863 te⁸
1135 2794 1306 2875 rescribam
1330 2798 1363 2859 et
1383 2793 1499 2859 litteris
1521 2794 1585 2859 tuis
1609 2792 1690 2857 mibi
1714 2792 1818 2857 mani·

643 2912 759 2979 testare
788 2911 943 2995 digneris,
980 2917 1017 2977 ut
1046 2932 1099 2995 ee,
1130 2930 1211 2996 qaae
1241 2909 1301 2975 tibi
1330 2908 1448 2992 direxi,
1478 2908 1558 2975 bene
1586 2908 1652 2973 sint
1679 2907 1817 2973 reddita
1932 2966 1934 2969 ι

645 3026 796 3095 Orantem
818 3047 876 3114 pro
898 3026 990 3095 nobis
1012 3026 1240 3094 beatitudinem
1263 3030 1352 3091 tuem
1372 3024 1560 3107 longevum*²
1583 3024 1693 3090 divina
1713 3023 1819 3110 pietas

643 3142 761 3208 fecist'.

650 3353 736 3423 104.
757 3356 943 3439 Bonifatius
965 3354 1117 3439 Optatam
1138 3354 1280 3419 abbatem
1294 3351 1494 3419 (3αεί555555
1508 3355 1547 3418 de
1561 3355 1701 3418 ineunda
1715 3374 1820 3419 secum

748 3470 956 3555 fraternitate
978 3467 1336 3555 spiritualiterque&
1433 3466 1470 3548 (S
1489 3469 1561 3552 106,
1584 3465 1625 3533 W
1640 3470 1695 3551 93,
1717 3465 1819 3547 (382)

487 3612 629 3667 tto-755
735 3600 1001 3669 Reverentissimo
1023 3600 1117 3665 fratri
1138 3601 1236 3666 immo
1251 3600 1456 3667 dilectissimo
1470 3599 1688 3666 consacerdoti
1701 3598 1819 3686 Optato

633 3713 746 3786 ·abba¹
768 3724 800 3784 et
821 3717 987 3783 universae
1010 3720 1139 3782 sanotae
1160 3716 1411 3800 congregationi,
1439 3716 1499 3783 sub
1521 3735 1598 3782 cura
1617 3714 1705 3782 illius
1727 3736 1820 3799 regu·

647 3834 724 3901 laris
752 3834 836 3899 vitae
865 3850 1009 3898 normam
1039 3831 1244 3915 custodienti,
1272 3830 1467 3916 Bonifatius,
1501 3832 1571 3897 sine
1597 3832 1821 3916 praerogativa

647 3950 832 4017 meritorum
862 3948 1043 4014 nominatus
1066 3947 1248 4034 opiscopus,
1279 3946 1450 4014 obtabilem
1472 3948 1507 4012 in
1528 3944 1655 4013 Christo
1677 3947 1821 4014 caritatis

648 4064 792 4131 salutem
1390 4119 1394 4125 .

737 4178 957 4246 venerandam
992 4178 1170 4245 suscitatis
1199 4183 1323 4244 vestrm
1351 4178 1552 4245 clementiam
1578 4177 1701 4243 intimis
1730 4177 1819 4244 obse·

649 4316 773 4364 oremus
796 4294 977 4381 praecibus:
1001 4301 1037 4361 ut
1058 4314 1117 4360 nos
1138 4293 1285 4377 indignos
1300 4293 1463 4361 vobiscum
1477 4294 1512 4359 in
1526 4294 1648 4359 unitete
1660 4293 1819 4359 fraternae

649 4410 825 4479 dilectionis
849 4416 881 4477 et
903 4410 1061 4477 societatis
1084 4408 1238 4495 spiritalis
1259 4410 1420 4496 suscipere
1442 4415 1475 4475 et
1495 4408 1612 4475 babere
1630 4408 1817 4493 dignemini3

722 4566 742 4599 ι
761 4552 807 4599 hut
823 4556 857 4601 Μ.
928 4552 950 4599 b.
970 4570 1027 4597 corr.
1043 4554 1066 4597 r'n
1082 4552 1159 4610 ipsum
1175 4554 1201 4598 C.
1269 4565 1289 4598 t.
1309 4552 1350 4599 (llll
1365 4556 1401 4599 H.
1467 4551 1491 4597 (l.
1511 4551 1587 4610 §viter
1601 4555 1637 4599 H.
1705 4566 1725 4597 ο.
1745 4555 1817 4597 m·

649 4633 763 4681 ruiturum
780 4632 849 4679 codd.
927 4632 943 4677 l.
964 4630 1059 4677 bellicos
1076 4634 1111 4677 M.
1186 4644 1207 4688 g.
1227 4634 1263 4679 sic
1278 4631 1348 4679 cedd.
1361 4647 1405 4690 pro
1419 4630 1470 4679 tibi.
1543 4629 1568 4677 b.
1587 4630 1708 4689 longevum
1723 4647 1781 4678 eurr.
1794 4632 1818 4676 i·

648 4711 767 4771 longevum
783 4714 810 4761 C.
888 4711 903 4757 i.
925 4710 981 4757 lacit
998 4712 1025 4757 V.
1103 4709 1127 4756 ln
1146 4727 1176 4755 es
1194 4712 1218 4759 V
1230 4710 1349 4757 ll—lle.
1371 4712 1425 4759 sim
1439 4711 1551 4756 hm.

721 4808 746 4861 1.
770 4805 922 4873 casinensi,
941 4806 993 4859 too
1009 4809 1074 4873 post
1085 4804 1148 4859 llai.
1162 4806 1179 4859 6
1192 4834 1226 4844 -
1239 4806 1292 4859 760
1308 4804 1367 4859 lan.
1378 4805 1406 4859 4.
1434 4802 1468 4860 V.
1481 4804 1582 4860 Leonis
1593 4803 1686 4860 chron
1703 4807 1817 4859 monast

649 4892 807 4951 eminensis
825 4893 869 4949 ed.
884 4892 1067 4950 Wattenbech
1085 4893 1114 4949 iu
1130 4893 1204 4950 llon.
1222 4892 1315 4949 Germ
1332 4891 1382 4949 stt
1401 4892 1455 4949 vn
1465 4894 1527 4963 585,
1539 4894 1602 4949 586.
