4342 6034
587 782 784 831 mansuram
805 782 1008 831 canonicos
1028 780 1263 831 noenruurun
1440 762 1506 831 683

343 946 399 1013 per
419 944 497 1010 quas
518 926 627 991 vinum
649 931 776 1011 poterat
795 924 904 1007 colari,
926 924 955 989 si
976 942 1104 991 neeesse
1126 923 1252 1003 fuisset3
1276 930 1403 1010 preater
1424 942 1505 1006 eam,

344 1060 420 1127 quse
447 1041 603 1107 attinebat
628 1040 719 1107 calici
741 1060 853 1124 aureo,
882 1046 916 1107 et
935 1039 1014 1106 haec
1035 1060 1132 1107 aurea
1153 1045 1231 1105 orat
1321 1038 1389 1104 Hoc
1411 1058 1506 1105 aureo

343 1155 436 1223 calice
459 1156 544 1223 solue
566 1157 719 1243 pontifex,
742 1156 793 1222 vel
815 1155 976 1242 praelatus
999 1154 1149 1221 ecclesiae
1163 1155 1303 1237 maioris,
1325 1155 1360 1219 in
1375 1154 1508 1221 summis

342 1272 562 1339 festivitatibus
589 1272 746 1339 utebatur.
837 1271 904 1337 Alii
931 1271 993 1337 duo
1022 1271 1135 1337 calices
1165 1274 1272 1337 tantm
1295 1274 1386 1337 erant
1409 1288 1507 1354 quau-

342 1388 450 1470 btatis,
473 1387 556 1471 quod
672 1388 752 1473 ipsis
774 1387 883 1453 diviua
903 1387 1055 1472 mysteria
1075 1403 1274 1470 nequaquam
1297 1390 1443 1471 poterant
1457 1404 1507 1451 ce-

341 1502 463 1570 lebrari
503 1502 584 1569 Erat
616 1504 700 1569 enim
733 1522 816 1569 unus
851 1502 953 1567 maior
989 1502 1098 1567 altero.
1139 1498 1244 1567 Minor
1272 1500 1407 1567 habebat
1436 1520 1506 1567 cum

341 1624 456 1704 patena
483 1636 606 1685 marcas
634 1620 703 1683 anri
731 1618 913 1685 electissimi
943 1617 1131 1697 octodecim3
1160 1618 1195 1683 in
1224 1616 1312 1682 euius
1341 1616 1421 1701 pede
1451 1636 1508 1701 per

341 1734 504 1800 circuitum
531 1734 666 1820 preciosi
695 1740 786 1799 erant
811 1732 933 1819 lapides
962 1732 1072 1815 valde,
1103 1736 1135 1797 et
1163 1732 1196 1797 in
1219 1736 1352 1818 patenae
1375 1733 1508 1797 circuitu

340 1848 454 1916 limbus
482 1849 621 1915 eiusdem
650 1850 755 1934 operis
783 1849 956 1931 ambiebat,
986 1854 1018 1915 et
1039 1849 1109 1934 ipse
1132 1847 1257 1931 quidem
1280 1848 1412 1930 gemmis
1435 1866 1508 1933 pre-

341 1966 432 2031 ciosis
462 1984 526 2030 non
555 1964 690 2031 carebat
780 1963 871 2030 Galia
893 1965 995 2030 maior
1017 1969 1095 2049 quot
1116 1980 1238 2029 marcas
1262 1962 1331 2027 auri
1353 1962 1507 2047 habuerit,

340 2080 459 2159 nessi03
489 2086 609 2146 eertum
638 2086 743 2146 subm
766 2086 829 2161 est,
858 2079 941 2163 quod
963 2078 1136 2165 spissitudo
1160 2078 1227 2143 eius
1251 2084 1319 2144 erat
1340 2078 1446 2163 digiti,
1476 2084 1509 2145 et

340 2214 396 2281 per
411 2200 525 2278 totum,
548 2200 616 2262 tam
630 2196 664 2261 in
678 2194 759 2281 pede
774 2214 868 2279 quam
884 2214 991 2279 supra,
1013 2194 1148 2278 gemmis
1164 2198 1234 2259 erat
1247 2194 1508 2278 praeciosissimis
1579 2262 1581 2271 ,

341 2310 520 2377 adornatus.
554 2310 700 2377 Habebat
722 2310 818 2376 etiam
840 2310 925 2377 idem
948 2308 1031 2375 calix
1046 2308 1125 2376 duas
1141 2328 1245 2393 ansas,
1269 2328 1348 2395 quae
1363 2314 1509 2395 poteraut

340 2446 450 2493 manus
474 2426 597 2512 replere
618 2426 767 2506 levantis3
796 2426 879 2491 sieut
900 2424 1002 2491 solent
1022 2424 1139 2492 habere
1162 2426 1316 2509 mortarii,
1338 2426 1372 2491 in
1396 2424 1508 2509 quibus

340 2542 485 2629 piperata
513 2548 545 2608 et
571 2540 657 2607 salse
677 2545 918 2627 praeparantur.
952 2540 1053 2607 Huius
1076 2547 1193 2627 patena
1215 2541 1288 2607 talis
1311 2547 1381 2607 erat
1400 2540 1509 2607 latitu-

341 2658 421 2724 dinis
443 2662 478 2723 et
499 2656 724 2743 spissitudinis,
747 2654 831 2739 quod
853 2656 915 2741 ipsi
938 2655 1140 2739 congruebat,
1163 2662 1197 2723 et
1218 2658 1289 2743 ipsa
1304 2656 1436 2741 gemmis
1452 2678 1509 2742 per

340 2774 504 2840 circuitum
526 2773 683 2839 desorata
717 2770 779 2837 llic
801 2770 883 2837 calix
905 2770 1041 2837 habebat
1063 2772 1264 2839 altitudinem
1286 2772 1380 2838 unius
1403 2772 1507 2855 ulnae,

341 2895 372 2955 et
391 2908 506 2976 capere
527 2892 653 2974 poterat
675 2886 839 2953 dimidium
862 2887 1030 2953 sestarium
1046 2888 1129 2968 vini;
1152 2908 1211 2955 nec
1226 2889 1265 2955 ab
1282 2889 1368 2954 omni
1382 2888 1509 2955 homine

340 3009 465 3089 poterat
485 3003 584 3070 levari
607 3009 734 3069 eterra
756 3003 927 3069 commode.

426 3118 541 3185 Nullus
561 3138 614 3185 me
635 3118 670 3183 in
692 3118 752 3183 hoc
773 3118 892 3203 scripto
916 3124 1043 3202 arguat,
1066 3117 1211 3203 obsecro,
1234 3118 1392 3185 faldtatis.
1425 3118 1507 3185 Nam

340 3234 470 3302 ecelesia
490 3234 563 3321 ipsa
584 3238 617 3301 et
636 3234 727 3301 sodes
742 3234 782 3300 ab
797 3234 942 3300 omnibus
956 3234 1082 3318 regibus
1099 3238 1131 3301 et
1143 3234 1397 3319 imperatoribus,
1421 3235 1509 3320 prin-

340 3352 471 3437 cipibus,
494 3350 671 3434 comitibus,
694 3350 874 3433 baronibus,
897 3349 1022 3416 liberis·
1044 3356 1077 3416 et
1099 3350 1185 3416 omni
1207 3350 1323 3436 populo
1346 3350 1508 3417 venorabi-

339 3466 377 3533 lis
399 3467 574 3534 habebatur
596 3471 726 3552 propter
748 3464 931 3550 pontificum
953 3467 1170 3549 sanctitatem,
1200 3466 1274 3533 oleri
1298 3466 1506 3548 devotionem,

340 3582 455 3649 civium
477 3584 638 3668 pietatem.
721 3580 782 3659 Qui
805 3584 911 3646 tamen
933 3583 967 3647 in
988 3582 1127 3665 rigorem
1149 3582 1322 3667 pessimum
1345 3588 1377 3647 et
1397 3600 1506 3667 super-

339 3697 421 3764 biam
450 3699 544 3764 modo
575 3703 607 3764 et
633 3697 787 3763 duriciam
810 3702 885 3762 sunt
906 3699 1064 3778 conversi3
1093 3696 1216 3763 minus*
1239 3698 1321 3763 iuste
1344 3697 1410 3762 dixi
1433 3714 1506 3763 con·

340 3814 437 3899 rasi,
466 3814 571 3879 aversi
592 3814 711 3879 dixisse
733 3812 912 3879 debueram.
946 3813 972 3879 0
995 3812 1173 3896 Maguntis·
1195 3812 1271 3879 felix
1279 3812 1301 3897 ²¹,
1328 3810 1506 3878 tetdonis·

341 3929 467 4017 inclyta,
490 3930 519 3995 si
541 3935 577 3995 tu
598 3933 737 3995 mubres
759 3935 896 4011 gentem,
917 3929 1050 3994 rationis
1072 3948 1110 3995 ao
1131 3928 1275 3994 lionorisr
1297 3931 1456 4012 egenteml

428 4046 529 4129 Igitur
557 4064 647 4127 cnm,
676 4042 757 4111 sieut
777 4046 842 4110 iem
865 4044 1104 4130 supradictum
1127 4048 1190 4127 est,
1219 4045 1265 4111 sic
1287 4044 1450 4131 pontifices
1473 4064 1507 4111 se

341 4162 492 4229 haberent
513 4168 545 4227 et
566 4160 720 4227 clericalis
743 4160 910 4247 disciplina
932 4160 1051 4247 optimo
1072 4164 1262 4243 servaretur,
1285 4160 1331 4227 ita
1350 4166 1385 4226 ut
1399 4160 1507 4247 plebes

342 4278 442 4363 dero,
470 4277 572 4344 clerus
594 4276 746 4363 praelatis
776 4276 986 4343 obedientiam
1015 4282 1047 4342 et
1074 4276 1286 4342 reverentiam
1310 4276 1505 4361 exhiberent,

342 4393 476 4459 invicem
497 4392 702 4475 honorantes,
731 4392 867 4458 invicem
894 4392 1076 4475 diligentes,
1105 4392 1304 4477 praesidente
1329 4398 1404 4457 tuno
1430 4412 1507 4476 quo·

343 4508 414 4574 dam
436 4502 590 4575 Henrico¹
611 4507 863 4594 archiepiscopo,
886 4508 953 4573 viro
975 4508 1084 4591 utique
1106 4506 1235 4593 pacifico
1259 4513 1291 4573 et
1312 4507 1446 4590 benigno
1470 4521 1673 4577 sollte-1153

413 4699 434 4731 a.
454 4688 497 4733 ete.
513 4686 571 4733 οδδ.
586 4687 623 4732 ιδ.
714 4685 738 4731 b.
759 4686 834 4731 minua
847 4708 871 4717 -
885 4684 1007 4731 debueram
1026 4685 1085 4731 add.
1102 4688 1132 4741 7,·
1153 4700 1196 4731 om.
1212 4685 1248 4731 ιδ.
1341 4696 1360 4730 e
1381 4684 1505 4742 lloguntia,

344 4764 459 4825 limantio
474 4768 498 4813 1.
560 4764 582 4811 δ,
603 4764 658 4811 villa
673 4765 768 4811 ιδιΗ.
829 4778 851 4809 e.
870 4764 936 4811 bonis
951 4765 995 4820 ιδ,
1011 4764 1078 4811 denis
1094 4768 1118 4811 1.
1180 4764 1196 4811 i.
1215 4764 1310 4811 rollonis
1325 4762 1411 4811 bonore
1427 4767 1451 4811 T.

413 4870 438 4924 1.
461 4868 483 4939 1,
502 4868 691 4924 usa-nse
