4342 6034
667 772 735 843 854
1009 791 1197 841 arreuouau
1219 790 1448 841 moeuamnarc
1470 790 1500 839 ar

580 941 650 997 10⁰⁷
668 930 764 1001 velim
792 930 892 997 nolim
920 931 1108 999 inerrabile·
1130 930 1223 999 modo
1252 930 1360 999 iudicii
1382 930 1480 999 vestri
1503 948 1639 997 examen
1661 926 1832 996 tremebuu

668 1048 728 1114 dus
743 1046 923 1133 suscipiam.
950 1046 1040 1125 Quod
1056 1048 1126 1131 etsi,
1142 1048 1281 1134 peccatis
1295 1047 1373 1115 mibi
1390 1045 1597 1128 obstantibus,
1613 1043 1833 1131 prescientes*

669 1167 793 1231 vestrae
814 1181 949 1229 censura
969 1182 1022 1230 me
1043 1184 1109 1229 non
1130 1162 1235 1231 fulciri
1250 1164 1421 1245 contingat,
1445 1162 1568 1245 saltem,
1592 1159 1683 1227 vobis
1698 1158 1759 1227 tali
1774 1164 1836 1225 tan·

668 1278 773 1345 tillum
795 1298 847 1344 me
869 1279 1080 1365 scriptitasse,
1108 1279 1142 1344 in
1165 1284 1328 1365 posterum
1349 1277 1508 1344 iactitabo.
1543 1277 1589 1343 At
1611 1276 1640 1342 si
1660 1276 1747 1341 forte
1771 1274 1836 1341 ado

668 1393 797 1460 lationis
820 1414 841 1459 a
862 1394 972 1479 quovis
994 1379 1102 1478 noter,
1132 1394 1212 1461 nihil
1233 1414 1305 1460 mea
1326 1394 1467 1460 interest.
1502 1391 1619 1471 Quanti
1642 1410 1717 1475 ergo
1743 1390 1837 1474 vobis,
1919 1452 1920 1495 ,

668 1530 728 1596 per
753 1529 806 1577 me
835 1508 966 1577 extolli?
994 1530 1088 1595 quom
1118 1515 1247 1577 eotenus
1270 1508 1437 1593 utrobique
1459 1507 1545 1595 Deus
1568 1509 1637 1594 ipse
1660 1527 1719 1595 per
1745 1512 1839 1574 semet

669 1623 897 1693 honorificavit
931 1624 1041 1710 Neque
1062 1626 1165 1709 euim,
1189 1626 1249 1693 etei
1265 1631 1467 1711 peccatorem
1490 1644 1541 1691 me
1563 1642 1670 1707 gemo,
1694 1622 1769 1689 oleo
1791 1622 1838 1689 ad

670 1740 855 1807 tentationis
877 1740 1057 1807 venerabile
1079 1740 1183 1827 capud
1205 1746 1346 1807 vescum
1360 1740 1549 1826 inpinguare
1563 1738 1634 1805 volo
1650 1744 1707 1805 aut
1719 1745 1838 1825 potero.

757 1855 1001 1926 Potentissimae
1025 1858 1165 1942 primum
1187 1856 1249 1923 Dei
1271 1857 1383 1943 pietati
1405 1856 1523 1940 gratias
1545 1874 1604 1941 pro
1626 1855 1753 1922 viribus
1777 1874 1838 1939 ago,

670 1971 754 2057 quod
773 1971 1027 2039 benedictionum
1041 1992 1172 2039 suarum
1187 1992 1296 2041 omncs
1311 1971 1560 2055 aecclesiasticos
1574 1969 1691 2053 gradm
1706 1971 1841 2037 mundae

669 2108 783 2154 manus
796 2092 921 2155 vestrae
935 2087 1128 2174 inpositione
1142 2087 1364 2171 indignissimo
1377 2086 1456 2153 mibi
1470 2086 1613 2153 conterre
1623 2086 1778 2170 diguatus
1789 2092 1839 2153 est.
1919 2080 1920 2123 l

760 2202 938 2287 Caeterum,
961 2207 1053 2289 pater
1075 2203 1220 2287 amande,
1244 2202 1320 2289 quia
1341 2202 1520 2289 epistolaris
1544 2202 1681 2271 brevitas
1705 2222 1763 2271 me
1779 2222 1841 2267 cur·

670 2319 732 2385 sim
753 2318 894 2405 paudere
916 2323 1017 2402 vetat,
1041 2319 1125 2403 quod
1148 2319 1259 2402 gestio,
1282 2306 1455 2385 scolasticis
1478 2318 1718 2403 allegationibus
1744 2324 1841 2385 matu·
1919 2372 1920 2407 ,

669 2433 799 2500 ritatem
834 2438 971 2501 vestam
1004 2454 1139 2517 gravare
1172 2454 1292 2501 vereor.
1345 2432 1408 2501 Sed
1434 2435 1497 2501 iam
1527 2434 1690 2501 sanctitati
1718 2438 1842 2501 vestrae

671 2548 805 2635 supplex
828 2549 997 2634 intimabo,
1019 2550 1097 2634 quid
1119 2550 1225 2617 velim.

759 2663 911 2733 Recolem
934 2666 1158 2752 paternitatem
1181 2670 1330 2749 vestram,
1354 2669 1473 2749 quauta
1495 2664 1534 2731 ab
1556 2664 1653 2731 inicio
1676 2663 1845 2731 sedulitate
1919 2648 1920 2693 ³

672 2780 846 2848 excoluerit
874 2782 1029 2848 amaverit
1056 2787 1089 2848 et
1111 2786 1261 2848 venerata
1283 2782 1326 2848 sit
1347 2780 1431 2847 hunc
1453 2800 1651 2847 communem
1675 2786 1844 2867 patronum

670 2901 815 2963 noenum
838 2898 974 2965 amicum
997 2896 1058 2963 Dei
1080 2894 1269 2980 Nazarium,
1298 2916 1454 2982 quamque
1475 2896 1529 2982 pie
1551 2916 1676 2983 semper
1699 2896 1845 2963 omnibus
1919 2972 1920 2977 ἵ

671 3011 836 3079 eventibus
861 3014 980 3080 nostis
1007 3014 1170 3099 prosperis
1199 3011 1249 3078 vel
1278 3012 1418 3079 adversis
1446 3010 1532 3079 illius
1560 3018 1708 3097 respectu
1731 3011 1843 3079 conde·
1919 3020 1920 3023 ’

672 3103 874 3213 scenderitis,
903 3129 932 3195 ri
961 3128 1037 3213 quid
1063 3127 1157 3194 modo
1186 3128 1312 3195 favente
1334 3128 1402 3196 Deo
1430 3128 1548 3195 laetam
1576 3128 1667 3194 uobis
1691 3128 1844 3209 arriserit,
1919 3168 1920 3211 3

672 3244 762 3311 vobis
784 3244 905 3330 pariter
919 3244 1214 3313 communicandum
1230 3244 1418 3328 censuimus,
1441 3250 1487 3327 ut,
1510 3244 1592 3311 sicut
1605 3242 1844 3311 tribulationum
1919 3218 1920 3297 l

672 3359 788 3443 fuisa’s,
811 3360 882 3427 sitis
904 3360 1064 3445 particeps
1089 3364 1121 3427 et
1143 3359 1408 3442 consolationum
1431 3365 1544 3446 utpute
1565 3359 1654 3427 cuius
1674 3360 1802 3427 meritis
1816 3364 1846 3425 ot

673 3484 819 3562 coeptum
847 3475 881 3543 id
909 3474 1117 3543 adscribimus
1146 3482 1179 3543 et
1200 3475 1413 3561 peragendum
1435 3481 1542 3543 vestra
1564 3476 1754 3543 auctoritate
1776 3494 1845 3561 spe·

673 3610 782 3657 ramus
803 3592 838 3657 in
852 3590 999 3658 Domino.
1078 3590 1176 3657 Novit
1197 3592 1348 3659 sanctitas
1370 3595 1477 3659 vestra
1499 3592 1538 3659 de
1560 3591 1619 3659 hoc
1635 3590 1747 3658 eodem
1762 3610 1845 3657 mar·

674 3706 735 3774 tire
757 3706 876 3775 Christi
895 3706 1047 3773 Nazario:
1071 3708 1183 3791 quanti
1205 3728 1302 3793 penes
1325 3706 1427 3773 Deum
1450 3706 1557 3775 meriti
1578 3726 1704 3794 semper
1727 3707 1771 3773 sit
1793 3706 1845 3773 dc-

674 3822 822 3907 claratua,
844 3822 1045 3907 maximeque
1067 3822 1178 3890 diebus
1196 3822 1246 3889 lais
1262 3822 1363 3891 felicis
1378 3822 1547 3891 sacerdotii
1561 3823 1675 3905 vostri3
1698 3822 1809 3908 nilque
1828 3842 1846 3888 a

674 3938 901 4007 veterioribus·
923 3938 1024 4007 docta
1052 3942 1160 4025 preter
1187 3938 1271 4005 solas
1298 3938 1443 4005 missales
1469 3938 1628 4006 orationes
1650 3938 1845 4007 elaboratum

674 4054 767 4121 uobis
789 4075 829 4122 vo
849 4054 1011 4138 relictum,
1035 4074 1097 4140 quo
1119 4054 1171 4121 vel
1192 4054 1327 4121 lectione
1348 4054 1399 4121 vel
1418 4060 1516 4121 cautu
1538 4055 1632 4139 digne
1654 4054 1756 4141 possit
1778 4055 1846 4121 eiua

675 4168 844 4253 singularis
866 4171 1020 4236 memoria
1041 4190 1100 4257 per
1123 4168 1306 4236 aecclesiam
1322 4170 1483 4237 celebrari.
1522 4169 1624 4237 Huius
1639 4172 1687 4237 rei
1702 4169 1847 4237 molestia

675 4286 818 4351 maxima
844 4286 996 4371 parvitati
1023 4306 1114 4352 meae
1143 4290 1175 4351 et
1202 4285 1278 4353 olim
1308 4290 1418 4373 ceptae
1448 4290 1481 4353 et
1502 4306 1628 4374 semper
1651 4284 1846 4355 desideratae

675 4402 940 4489 peregrinationis
963 4422 1060 4469 causa
1081 4400 1189 4468 extitit
1211 4438 1253 4448 —
1278 4420 1371 4487 quum
1396 4420 1455 4469 nec
1476 4422 1533 4469 vos
1556 4402 1719 4469 dominum
1740 4422 1846 4468 meum

676 4516 866 4583 omnimedis
899 4517 1030 4584 latuisse
1063 4537 1136 4583 reor
1158 4538 1217 4583 -ι
1247 4516 1417 4603 sialiquid
1449 4518 1532 4585 forta
1566 4518 1749 4606 disponente
1775 4516 1846 4585 Deo

1919 4834 1920 4877 t

676 4634 803 4720 uspiam
825 4632 865 4699 de
887 4632 1005 4699 sanctis
1028 4632 1096 4700 eius
1117 4624 1301 4700 martiribus
1325 4634 1442 4720 scripto
1465 4634 1515 4701 vel
1537 4634 1641 4702 relatu
1663 4632 1845 4717 investigari

677 4748 854 4834 contigerit
899 4746 990 4817 Unde
1017 4748 1094 4816 dum
1115 4768 1367 4835 quaquaversum
1389 4770 1446 4837 spe
1467 4750 1620 4819 nauata
1641 4748 1720 4819 nihil
1739 4748 1844 4837 prola·
1919 4824 1920 4833 ἵ

749 4904 771 4938 ι
789 4890 940 4938 mmmubile
957 4908 978 4938 c.
1054 4891 1078 4938 b.
1098 4890 1228 4951 Μῶα
1243 4908 1265 4938 s.
1341 4904 1362 4939 a.
1382 4891 1411 4939 ab
1425 4891 1573 4940 interioribus
1588 4910 1610 4941 e.
