4342 6034
688 761 754 827 488
989 777 1037 823 nx
1059 774 1214 823 ormnoru
1236 774 1316 823 vrrs
1339 776 1366 821 s.
1383 775 1558 823 normann

689 920 777 986 diurn
805 917 1021 985 obcecationee
1049 916 1309 1001 inlustrarentur,
1344 914 1542 1003 protulisset,
1571 917 1656 983 inter
1681 916 1830 983 hmnsmodi

689 1035 810 1102 lumina
839 1038 983 1100 sanctum
1011 1053 1134 1117 qnoque
1155 1030 1368 1117 Bonifaciurn‚
1396 1031 1484 1099 velut
1509 1032 1676 1099 lucilerum
1703 1032 1831 1117 quendam

690 1150 822 1217 caeteris
845 1149 1009 1236 syderibus
1032 1148 1208 1232 clariorem,
1231 1148 1304 1215 hnic
1318 1148 1435 1215 mundo
1451 1148 1542 1215 edere
1557 1148 1683 1215 meruit
1716 1147 1776 1231 Qui,
1793 1148 1832 1213 oi·
1909 1211 1910 1247 ,

689 1268 807 1334 mirum
829 1284 946 1349 magna
967 1270 1135 1352 parantum
1159 1263 1370 1331 sollieitudine
1390 1264 1528 1331 nutritus
1551 1312 1647 1329 .....

881 1380 1095 1467 Apostolicus
1114 1400 1203 1465 vero,
1232 1380 1369 1467 acceptis
1397 1378 1549 1465 lectisque
1575 1379 1692 1446 litteris
1720 1384 1750 1446 et
1768 1398 1835 1445 oon
1909 1402 1910 1424 i

689 1502 780 1585 perte
803 1501 912 1563 sancto
936 1496 996 1562 viri
1018 1495 1185 1579 desiderio,
1208 1494 1352 1563 sedulum
1366 1496 1514 1583 deinceps
1530 1514 1603 1561 cunr
1618 1515 1655 1561 eo
1670 1494 1836 1579 colloquium

688 1612 809 1695 habuit,
831 1616 1073 1698 reverenterque
1096 1631 1168 1677 eum
1191 1612 1235 1678 ibi
1259 1616 1506 1679 commorantem
1528 1611 1679 1695 retinens,
1702 1631 1756 1697 pro
1776 1629 1835 1695 qua
1910 1670 1911 1687 2

689 1728 896 1813 libuscunque
911 1733 1093 1794 sanctorum
1108 1726 1249 1811 reliquiis
1265 1726 1454 1813 postulabat,
1477 1725 1524 1791 illi
1541 1726 1683 1793 tradidit
1718 1726 1838 1793 Adbaec
1910 1748 1911 1764 ¹

690 1845 786 1910 etiam
809 1844 1010 1910 committens
1033 1843 1063 1908 ei
1084 1842 1119 1907 in
1142 1842 1264 1911 eunctis
1280 1840 1468 1909 Germaniae
1489 1842 1616 1929 populis
1638 1862 1746 1909 curam
1765 1860 1837 1929 prae·
1910 1886 1911 1923 3

601 1969 654 2053 tte
689 1958 832 2043 diomdi,
860 1957 993 2025 tradidit
1015 1956 1192 2044 epistolam,
1215 1958 1304 2025 euius
1327 1957 1489 2045 exemplar
1510 1958 1576 2025 tale
1595 1958 1777 2025 invenitnr·.

582 2041 673 2089 Μ
690 2074 749 2141 llis
770 2074 869 2159 igitur
891 2072 1006 2139 litteris
1029 2074 1166 2159 acceptis
1189 2094 1208 2139 a
1230 2073 1401 2143 venerabili
1424 2094 1518 2162 papa,
1541 2074 1701 2162 profectus
1724 2071 1839 2141 estmde

690 2190 731 2257 ad
752 2188 1032 2273 Longobardorum
1053 2208 1162 2273 regern
1184 2186 1416 2277 Liutprandum

597 2314 650 2369 aaa
778 2304 976 2371 Adveniente
999 2325 1072 2388 ergo
1096 2305 1304 2373 ordinationis
1328 2305 1395 2373 eiua
1416 2304 1477 2389 die,
1501 2324 1582 2391 quae
1596 2310 1665 2373 erat
1679 2302 1840 2393 pridiella

576 2388 674 2434 ΝΜΟ
689 2420 856 2487 landarum
877 2420 1116 2505 Decembrium,
1147 2421 1207 2487 hoc
1235 2427 1284 2489 est
1309 2422 1344 2487 in
1369 2420 1468 2487 natali
1491 2421 1592 2487 sancti
1614 2421 1762 2489 Andreae
1782 2440 1840 2508 apo

690 2534 780 2621 stoli,
809 2536 963 2622 imposuit
990 2536 1020 2603 ei
1048 2536 1236 2605 venerabilis
1263 2557 1348 2624 papa
1376 2542 1409 2605 et
1437 2536 1634 2623 episcopatus
1662 2538 1843 2605 ordinemet

691 2650 821 2717 alteriue
847 2652 999 2736 nominis,
1029 2651 1112 2738 quod
1142 2658 1191 2719 est
1212 2652 1407 2737 Bonilacins,
1438 2652 1639 2737 dignitatem
1670 2673 1746 2721 narn
1767 2656 1843 2721 ambr

691 2765 828 2833 Winlrid
851 2767 1023 2834 dicebatur.
1057 2767 1190 2851 Deinde,
1213 2773 1250 2833 ut
1272 2788 1344 2835 curn
1361 2768 1401 2835 ad
1415 2768 1645 2835 oboedientiam
1662 2768 1723 2837 sibi
1739 2787 1843 2835 succes

691 2882 877 2967 aeribusque
898 2884 964 2949 suis
987 2882 1197 2949 exhibendam
1219 2902 1277 2950 nec
1300 2904 1362 2951 non
1385 2884 1426 2951 ad
1443 2904 1569 2951 omnem
1584 2904 1692 2953 sacrae
1707 2882 1781 2951 fidei
1794 2888 1843 2949 tro

691 2998 843 3066 ditionem
865 2998 1094 3066 observandam
1118 2998 1217 3065 artius
1239 3000 1476 3084 conemingeret,
1500 3001 1605 3085 exegit
1627 3006 1660 3067 et
1682 2997 1843 3088 accepitab
1915 3026 1916 3067 r

692 3134 729 3181 eo
751 3115 974 3199 iuramentum,
997 3115 1081 3200 quod
1104 3114 1225 3181 scilicet
1244 3114 1279 3181 in
1301 3116 1439 3200 antiquie
1455 3116 1688 3203 exemplaribus
1703 3116 1844 3183 invenitur

690 3231 738 3297 ita
759 3228 940 3317 scriptum'.

780 3344 952 3431 Postquam
985 3344 1083 3427 igitur
1116 3345 1295 3412 huiusmodi
1326 3347 1568 3433 promissionem
1595 3346 1729 3415 iurando
1757 3365 1846 3413 coram

693 3460 846 3545 Gregorio
875 3480 961 3547 papa
987 3461 1125 3546 peregit,
1154 3466 1230 3527 tunc
1252 3466 1284 3527 et
1304 3463 1374 3548 ipse
1396 3482 1468 3528 eum
1490 3462 1524 3529 in
1546 3464 1692 3531 omnibus
1715 3463 1847 3531 affluam

694 3577 855 3665 praeferre
878 3582 911 3643 et
926 3577 1070 3643 venerari
1086 3575 1216 3643 studuit.
1252 3576 1500 3662 Nam-libellum,
1522 3578 1557 3645 in
1572 3599 1633 3665 quo
1649 3578 1848 3647 sacratissime
1915 3604 1916 3607 ¹

694 3692 944 3759 aecclesiasticae
970 3692 1179 3759 institutionis
1207 3694 1278 3761 iura
1303 3692 1534 3779 pontificalibus
1558 3694 1682 3778 digesta
1702 3693 1848 3761 conventi-

693 3808 752 3875 bus
781 3807 993 3891 habebantur,
1021 3807 1051 3874 ei
1079 3808 1222 3893 donavit3
1255 3809 1468 3897 praecipiens,
1497 3814 1533 3875 ut
1554 3816 1620 3877 tarn
1642 3810 1744 3877 clerus
1766 3826 1849 3894 quan

693 3923 810 3990 caeteri
832 3922 959 4009 populi,
983 3944 1040 3989 suo
1062 3925 1209 4008 regimini
1232 3925 1420 4009 subiciendi,
1443 3925 1597 3993 institutis
1620 3924 1734 3993 talibus
1757 3922 1850 3991 erudi·

693 4045 813 4106 rentur.
848 4038 911 4106 Sed
933 4044 966 4106 et
987 4039 1236 4109 familiaritatem
1258 4040 1342 4108 sedis
1365 4040 1556 4127 apostolicae
1578 4040 1640 4107 sibi
1657 4040 1850 4124 omnibusque

694 4155 755 4223 sibi
778 4154 928 4223 subiectis
943 4157 1125 4243 perenniter
1139 4157 1362 4224 resonandam
1378 4156 1541 4243 privilegio
1557 4155 1761 4225 confirmarit
1792 4154 1850 4222 Sic

695 4292 756 4357 que
785 4292 857 4339 enm
883 4272 998 4339 litteris
1026 4273 1221 4339 tranemissis
1248 4292 1312 4339 non
1340 4272 1442 4341 solum
1470 4271 1585 4340 Karolo
1614 4272 1687 4341 duci
1714 4272 1848 4358 glorioso,
1915 4316 1916 4323 κ

695 4388 750 4473 qui
770 4408 829 4473 per
850 4387 935 4453 idern
957 4394 1083 4474 tempus
1098 4387 1291 4455 Francorum
1313 4409 1445 4473 regnum
1467 4389 1672 4475 gubernabat,
1695 4388 1747 4457 sed
1763 4389 1849 4455 etiam
1914 4330 1916 4437 l

695 4502 850 4571 universis
879 4502 1118 4571 aecclesiasticis
1147 4503 1223 4571 viria
1252 4504 1508 4592 principibusque
1535 4507 1570 4573 in
1592 4504 1759 4573 Germania
1784 4522 1848 4571 con·

696 4620 816 4686 stitutio
843 4618 1049 4686 muniendum
1072 4618 1313 4688 commendavit.
1346 4620 1540 4691 Litterarum
1562 4626 1668 4691 autem
1689 4628 1760 4689 tunc
1780 4619 1847 4686 mie

767 4810 788 4842 ι
813 4800 912 4858 requirar
932 4798 957 4846 S·
972 4798 1050 4855 Bonif.
1070 4814 1105 4858 φ.
1117 4798 1147 4845 la
1168 4814 1239 4859 cupra
1256 4800 1330 4859 padi.
1418 4798 1441 4847 b.
1467 4804 1566 4863 requitur
1586 4802 1699 4859 Bondelir'
1715 4802 1846 4847 arnan·

695 4892 766 4935 upra
779 4892 804 4935 p.
815 4875 853 4923 76.
1354 4882 1359 4890 ’
