4342 6034
583 806 611 856 s
626 806 804 856 sonnium
824 809 868 854 nr
890 807 993 855 nuum
1013 808 1201 855 arrerounu
1223 807 1261 854 41.
1276 807 1306 854 ss
1467 789 1529 856 111

357 948 468 1014 audire
489 947 714 1032 gratulabundi
737 949 919 1032 satagimus.
954 947 1043 1033 Vale,
1066 949 1176 1016 vivens
1199 947 1267 1014 Deo
1291 967 1367 1015 aevo
1389 947 1565 1033 longiores.
1580 952 1699 1008 732-742

357 1069 389 1130 et
410 1063 480 1130 uita
499 1063 656 1149 feliciore,
678 1064 876 1131 intercedens
899 1085 958 1151 pro
980 1065 1081 1133 nobis.

355 1273 420 1345 42.
442 1278 629 1364 Bonifatius
652 1279 833 1346 Zachariae
861 1290 964 1344 creato
987 1301 1098 1364 papae
1118 1279 1308 1364 postulator.
1345 1279 1466 1365 Ropat,
1497 1292 1532 1344 at

445 1396 533 1459 eadee
555 1397 758 1482 apdcopalee,
782 1419 803 1460 a
824 1418 889 1460 aesc
902 1395 1099 1481 Wrzibarpi
1120 1395 1308 1481 Barabarps'
1326 1394 1534 1481 Brpberffcrte'

445 1514 641 1591 cmwtatctaa,
665 1511 832 1595 confirmet.
868 1509 990 1577 Scribit
1010 1512 1049 1575 de
1070 1513 1201 1597 synodis
1224 1511 1393 1588 caladia·
1417 1513 1456 1575 da
1477 1533 1530 1576 sa·

445 1627 621 1693 cerdotrbae
642 1627 814 1713 improbae3
836 1627 875 1691 de
897 1649 953 1692 sao
976 1648 1150 1692 successore
1166 1629 1419 1713 praestitaccd0;
1442 1628 1481 1690 de
1498 1648 1533 1692 rc

444 1743 691 1820 matrimonc'crli3
714 1744 753 1808 de
773 1744 909 1808 insanitis
931 1743 1149 1808 Kalendas-rom
1166 1743 1395 1808 Ianuariarum
1411 1743 1532 1808 Romae

445 1861 594 1925 maaca
629 1859 767 1924 Munera
788 1861 909 1924 mittr't'.
1146 1857 1274 1944 (8132,
1298 1855 1337 1926 W
1352 1860 1406 1942 bl,
1430 1855 1530 1938 (349)

444 1990 584 2058 Domino
606 1991 791 2076 karissimo,
814 1990 931 2058 summi
952 1989 1153 2077 pontificatus
1176 1991 1277 2058 infula
1299 1989 1438 2078 predita,
1463 1989 1531 2056 viro
1600 1995 1653 2050 742

357 2105 532 2194 apostolico
554 2106 725 2174 Zachariae
746 2106 924 2174 Bonifatius
947 2127 1057 2174 seruus
1080 2127 1244 2175 servorum
1266 2107 1336 2174 Dei.

446 2221 657 2307 Confitemur,
685 2223 812 2290 domine
833 2228 941 2309 pater,
969 2223 1109 2307 quia-
1133 2227 1300 2310 postquam
1324 2243 1382 2310 per
1404 2221 1531 2288 nuntios

357 2340 530 2406 referentes
545 2339 733 2423 audivimus,
750 2338 834 2423 quod
848 2338 1027 2406 venerande
1041 2339 1213 2406 memorias
1229 2339 1422 2426 apostolatus
1434 2337 1532 2405 vestri

357 2475 542 2542 praecessor
562 2454 732 2540 Gregorius
741 2450 759 2539 ¹,
783 2453 925 2540 pontifex
949 2455 1258 2543 apostolicaesedis,
1283 2456 1440 2540 ergastulo
1463 2475 1532 2522 cor·

1551 2067 1699 2115 lan-Mart

357 2592 454 2658 pareo
478 2571 654 2656 absolutus,
686 2571 727 2638 ad
748 2569 921 2636 Dominum
943 2567 1111 2655 migravit²
1127 2607 1169 2618 -—
1187 2571 1270 2656 quod
1292 2573 1443 2640 maiorem
1467 2571 1533 2639 lae-

358 2688 463 2754 titiam
485 2693 519 2755 et
538 2687 641 2754 maius
663 2688 814 2772 gaudium
835 2687 926 2754 nobis
949 2707 1013 2753 non
1035 2687 1214 2754 audivimus
1230 2693 1271 2772 et,
1295 2687 1476 2775 suspansisl
1493 2687 1534 2754 ad

359 2804 488 2872 aethera
508 2803 635 2891 palmis,
657 2803 725 2871 Deo
748 2804 867 2887 gratias
889 2803 1022 2888 egimm,
1046 2823 1142 2889 quam
1166 2803 1250 2889 qnod
1272 2803 1458 2872 clementem
1476 2824 1533 2891 pa·

357 2921 541 2988 temitatem
568 2926 707 2988 vestram
733 2920 906 2987 altissimus
928 2919 1059 2987 Arbiter
1087 2919 1239 2986 canonica
1265 2919 1336 2986 iura
1363 2940 1473 3003 regere
1502 2925 1534 2987 et

360 3035 552 3123 apostolicae
581 3037 665 3104 sedis
688 3035 900 3120 gubernacula
921 3036 1097 3120 gubernare
1120 3031 1301 3102 concessis.
1335 3035 1439 3120 Ergo,
1469 3055 1532 3102 nan

361 3151 453 3218 ubter
480 3173 576 3236 quam
604 3157 642 3219 ut
669 3157 742 3220 ante
767 3153 902 3237 vestigia
923 3157 1030 3218 vestra
1050 3150 1282 3237 geniculantes,
1313 3153 1434 3218 intimis
1458 3151 1532 3218 sub-

359 3268 435 3351 nixe
456 3265 636 3352 flagitamus
658 3268 820 3356 precibus:
843 3273 889 3352 ut,
912 3269 995 3334 sicut
1015 3287 1254 3354 praecessorum
1275 3273 1451 3335 vestrorum
1473 3287 1532 3355 pro

361 3384 548 3451 auctoritate
574 3385 676 3451 sancti
696 3383 784 3452 Petri
806 3385 890 3451 servi
911 3384 1017 3451 devoti
1040 3389 1072 3451 et
1094 3384 1213 3452 subditi
1236 3384 1383 3472 discipuli
1403 3384 1532 3468 fuimus,

361 3500 406 3567 sie
427 3505 462 3568 et
482 3505 607 3568 vestae
628 3501 757 3588 pietatis
780 3501 864 3567 servi
886 3500 1103 3586 oboedientes,
1127 3501 1245 3568 subditi
1268 3501 1326 3568 sub
1349 3501 1418 3568 iure
1439 3521 1533 3567 cano-

360 3617 441 3702 nico,
464 3615 534 3683 fieri
556 3637 734 3683 mereamur
756 3621 912 3704 optantes,
936 3615 1123 3683 catholicam
1145 3615 1240 3684 fidem
1255 3623 1287 3684 et
1301 3617 1456 3683 unitatem
1471 3615 1532 3682 Ro-

360 3753 454 3800 mene
482 3731 633 3800 ecelesiae
660 3732 825 3800 servando.
864 3731 908 3799 Et
936 3738 1205 3819 quantoscumque
1228 3733 1390 3800 audientes
1412 3731 1463 3799 vel
1485 3733 1533 3798 di·

361 3847 499 3936 scipulos
520 3850 556 3916 in
576 3850 641 3915 ista
660 3848 818 3932 legatione
838 3848 918 3916 mibi
933 3848 1019 3916 Deus
1043 3849 1218 3934 donaverit,
1242 3850 1282 3917 ad
1301 3848 1531 3916 oboedientiam

361 3964 658 4052 apostolicaesedis
680 3965 816 4031 invitare
838 3969 871 4032 et
891 3964 1045 4034 inclinare
1065 3984 1132 4032 non
1154 3985 1251 4032 cesso.

448 4080 584 4149 Necesse
607 4102 731 4168 quoque
752 4082 904 4150 habemus
926 4081 1067 4149 indicare
1082 4081 1267 4169 paternitati
1285 4086 1423 4148 vestrae:
1448 4081 1531 4166 quia,

361 4219 418 4284 per
435 4197 498 4265 Dei
519 4199 655 4282 gratiam
670 4197 859 4266 Germaniae
880 4197 1025 4285 populis⁰
1048 4197 1280 4283 aliquantulum
1301 4197 1459 4284 percussis
1481 4195 1533 4264 vel

361 4315 520 4399 correctis,
542 4319 608 4380 tres
630 4315 844 4382 ordinavimus
867 4315 1031 4403 episcopos
1054 4320 1087 4382 et
1109 4314 1305 4401 provinciam
1327 4315 1361 4380 in
1379 4319 1444 4380 tres
1459 4333 1532 4400 par-

361 4430 484 4498 rochiae
513 4429 729 4498 discremmus.
762 4431 807 4498 Et
830 4430 888 4498 illa
907 4431 972 4498 tria
993 4431 1113 4518 oppida
1134 4431 1201 4498 sive
1222 4430 1332 4514 arbes,
1361 4429 1395 4495 in
1419 4429 1533 4514 quibus

363 4547 524 4614 constituti
552 4542 585 4614 et
613 4547 750 4614 ordinati
778 4552 868 4632 sunt,
897 4547 1023 4634 seriptis
1051 4547 1248 4613 auctoritatis
1270 4549 1393 4612 vestrae
1420 4543 1532 4611 confir·

431 4740 453 4774 a.
472 4743 503 4774 et
517 4729 550 4774 n
563 4726 709 4783 llo-tio,
726 4729 748 4776 ι’
756 4727 852 4774 'la-8.
874 4727 928 4775 sae
942 4727 1046 4772 mare
1057 4729 1099 4783 Mt
1114 4725 1198 4785 Incipit
1213 4723 1311 4784 epistola
1324 4722 1433 4770 Bonifatii
1448 4722 1479 4770 ad
1489 4721 1531 4768 Za·

364 4805 459 4854 ὼτίιιι
475 4810 503 4856 ι’.
581 4805 605 4852 b.
625 4823 684 4853 corr.
699 4808 722 4853 ἡ
737 4807 857 4866 mapensls
873 4809 901 4855 ι’.
978 4819 999 4852 c.
1018 4804 1118 4866 populus
1135 4809 1169 4852 M.

431 4914 456 4967 1.
477 4909 529 4968 111.
619 4911 868 4967 adalricum.
957 4911 984 4965 3.
1008 4909 1060 4964 '141
1079 4909 1185 4964 Dead.
