4342 6034
599 758 626 805 s.
643 759 819 806 nourrcrrr
841 761 885 807 nr
906 762 1010 809 nurus
1030 762 1218 810 nrmuonsn
1241 763 1271 809 aa
1456 747 1520 814 105

358 919 459 964 corum
480 919 652 983 aggregare
673 900 820 984 dignatus
843 910 907 986 est,
930 903 986 969 sed
1009 903 1096 968 etin
1119 902 1337 970 Baioariorum
1358 907 1522 992 provincia
1555 914 1607 968 739

357 1034 432 1098 quae
454 1035 473 1080 a
493 1020 527 1082 te
550 1021 621 1085 acta
643 1021 718 1083 sunt
739 1022 959 1102 agnoscentes,
990 1018 1094 1085 datori
1123 1019 1262 1086 omnium
1289 1021 1444 1088 bonorum
1466 1023 1520 1090 do·
1539 987 1630 1034 ΟΜ

355 1130 437 1196 mino
451 1130 519 1198 Deo
541 1139 661 1217 nostro,
685 1135 823 1200 extensis
846 1135 887 1200 ad
910 1133 1031 1201 caelum
1053 1134 1180 1221 palmis,
1203 1137 1323 1220 gratias
1345 1138 1519 1206 retulimus.

356 1246 411 1324 Qui
437 1247 567 1314 ianuam
594 1249 828 1316 misericordiae
857 1257 889 1318 et
910 1251 1038 1337 pietatis
1061 1251 1096 1316 in
1119 1251 1182 1318 illis
1205 1254 1349 1339 partibus
1373 1253 1520 1341 Speriis·,

356 1363 393 1427 ed
413 1363 662 1446 cognoscendam
678 1365 764 1430 riam
779 1365 901 1449 salutis,
924 1366 1041 1432 ostium
1058 1368 1312 1436 misericordiaeb
1328 1371 1467 1456 aperuit3
1491 1376 1523 1438 et

356 1477 439 1545 misit
460 1479 608 1563 angelum
630 1501 734 1564 suurn,
757 1482 811 1566 qui
832 1484 1036 1570 praeparavit
1058 1485 1143 1550 mam
1167 1489 1254 1550 tuam
1271 1490 1344 1552 ante
1359 1491 1391 1553 te
1400 1483 1417 1551 ¹.
1457 1486 1521 1574 Ipsi

355 1593 451 1677 gloria
471 1595 507 1661 in
530 1595 636 1662 secula
658 1597 843 1663 seculorum.

438 1710 549 1795 Igitur,
573 1712 647 1798 quia
669 1713 834 1780 indicasti:
857 1715 1036 1800 perrexisse
1057 1721 1090 1781 ta
1107 1715 1147 1782 ad
1161 1721 1288 1799 gentem
1304 1716 1522 1784 Baioariorum

355 1832 385 1894 et
403 1828 563 1894 inuenisse
592 1847 645 1895 eos
673 1834 766 1895 extra
793 1829 936 1897 ordinem
964 1830 1230 1898 aecclesiasticum
1259 1833 1417 1917 viventes,
1447 1834 1523 1901 dum

356 1945 517 2032 episcopos
538 1964 603 2010 non
625 1944 784 2012 habebant
805 1946 840 2011 in
861 1946 1034 2033 provincia,
1056 1947 1120 2012 nisi
1134 1967 1232 2013 unum
1246 1949 1374 2016 nomine
1389 1947 1522 2034 Vivilo’,

355 2081 444 2146 quem
457 2081 519 2128 nos
535 2065 609 2128 ante
626 2067 752 2148 tempus
767 2061 999 2143 ordinavimus3
1022 2068 1055 2129 et
1069 2063 1161 2147 quia⁰
1177 2083 1249 2130 cum
1264 2085 1396 2132 assensu
1411 2065 1523 2150 Otilei,

355 2178 438 2244 ducis
459 2177 645 2244 eorumdem
667 2177 901 2262 Baioariorum,
931 2199 987 2246 seu
1013 2178 1201 2265 optimatum
1230 2181 1412 2266 provinciae
1439 2181 1524 2250 illius

356 2300 415 2360 tres
437 2294 520 2361 alios
543 2274 722 2361 ordinasses
743 2295 922 2382 episcop0s3
947 2300 979 2362 et
994 2295 1028 2360 in
1043 2299 1192 2380 quattuor
1206 2301 1313 2382 partes
1328 2296 1524 2385 provinciam

355 2410 438 2477 illam
460 2410 628 2494 divisistis,
650 2410 685 2476 id
701 2416 751 2477 est
765 2416 914 2497 quattuor
928 2411 1140 2498 parrochiae,
1163 2417 1199 2478 ut
1213 2431 1294 2480 unus
1311 2413 1443 2498 quisque
1459 2415 1525 2500 epi·

356 2546 464 2614 scopus
489 2547 583 2594 suum
606 2527 721 2594 hebeat
742 2527 974 2613 parrocbium¹3
997 2527 1077 2595 benc
1101 2533 1133 2594 et
1154 2529 1232 2595 satis
1248 2529 1421 2616 prudenter
1435 2551 1525 2618 pere-

357 2643 437 2729 gisti,
459 2645 572 2712 frater.
607 2643 763 2723 Quoniam
786 2643 992 2731 apostolicam
1014 2645 1251 2732 preceptionem
1274 2665 1313 2712 ex
1334 2651 1444 2712 nostra
1459 2647 1526 2714 vice

357 2759 493 2846 inplesti
518 2765 566 2844 et,
589 2759 751 2826 sicuttibi
773 2760 989 2847 precepimus,
1012 2759 1059 2826 ita
1079 2759 1240 2847 peregisti.
1331 2761 1440 2848 Itaque
1463 2783 1526 2830 non

358 2876 498 2960 desinas,
521 2876 622 2943 frater
643 2876 912 2961 reverentissime,
936 2876 1075 2942 docendo
1099 2897 1152 2943 eos
1176 2881 1318 2944 sanctam
1340 2878 1526 2946 catholicam

359 2999 388 3059 et
403 2993 612 3080 apostolicam
626 2992 786 3061 Romanae
801 2993 885 3060 sedis
899 2993 1118 3075 traditionem
1141 2997 1178 3059 ut
1190 2993 1419 3061 inluminentur
1433 2995 1527 3063 rudes

359 3115 388 3175 et
408 3111 492 3176 dam
517 3109 631 3176 salutis
653 3113 798 3193 teneant,
827 3129 885 3196 per
907 3129 1002 3194 quam
1024 3109 1148 3195 possint
1171 3109 1211 3176 ad
1235 3115 1363 3177 aeterne
1385 3111 1528 3198 praemia

358 3227 531 3312 pervenire.

441 3341 641 3410 Presbiteros
671 3338 774 3426 vero',
810 3361 888 3427 qnos
916 3341 1034 3408 ibidem
1061 3341 1231 3428 repperisti
1255 3377 1296 3386 —
1321 3342 1349 3408 si
1375 3343 1528 3427 incogniti

360 3460 472 3526 fuerint
493 3459 558 3525 viri
580 3458 638 3543 illi,
662 3479 682 3524 a
704 3459 818 3544 quibus
841 3463 915 3524 sunt
935 3457 1082 3541 ordinati,
1107 3461 1139 3523 et
1159 3457 1288 3524 dubium
1304 3465 1362 3542 est,
1386 3478 1439 3525 eos
1461 3460 1528 3546 epi-

361 3594 466 3662 scopos
489 3575 590 3642 fuisse
613 3595 654 3640 an
676 3596 751 3659 non,
775 3576 828 3660 qui
852 3595 905 3641 eos
928 3574 1154 3640 ordinaverunt
1178 3609 1218 3619 -
1242 3573 1269 3639 si
1292 3574 1373 3640 bone
1396 3575 1528 3642 actionis

361 3696 390 3755 et
415 3689 565 3757 catholici
596 3691 657 3756 viri
684 3697 759 3758 sunt
786 3691 849 3778 ipsi
875 3689 1045 3778 presbiteri
1073 3690 1166 3756 etin
1193 3689 1369 3756 ministerio
1399 3689 1527 3774 Christi,

361 3827 546 3894 omnemque
567 3807 669 3892 legem
692 3813 832 3876 sanctam
851 3806 999 3891 edocatiss,
1023 3805 1109 3892 apti'¹
1133 3805 1340 3893 abepiscopo
1362 3826 1418 3872 suo
1434 3807 1528 3874 bene·

362 3923 529 3992 dictionem
551 3924 780 4011 presbiteratus
802 3923 978 4010 suscipiant
999 3930 1032 3991 et
1052 3927 1289 4006 consecrentur,
1313 3925 1345 3988 et
1368 3923 1413 3988 sic
1435 3921 1529 3990 mini·

362 4043 452 4108 sterio
475 4061 568 4108 sacro
590 4041 771 4124 longantur.

446 4157 499 4224 Illi
522 4157 650 4244 quippe,
674 4157 729 4240 qui
751 4155 905 4243 baptizati
928 4161 1002 4222 sunt
1022 4175 1080 4242 per
1103 4155 1321 4222 diversitatem
1344 4160 1376 4220 et
1392 4153 1529 4221 declina·
1575 4219 1578 4226 .

363 4273 487 4341 tionem*
510 4273 691 4357 linguarum
711 4272 907 4356 gentilitatis,
930 4277 1037 4338 tanim
1057 4269 1159 4358 quodk
1174 4271 1208 4338 in
1223 4270 1349 4338 nomine
1365 4269 1530 4336 Trinitatis

430 4457 451 4491 ι
466 4463 526 4492 m.
541 4447 564 4492 a
580 4443 698 4504 nepus
710 4446 736 4492 c.
797 4442 820 4488 a.
837 4443 921 4489 ostium
935 4441 1105 4489 miscernus
1121 4441 1233 4487 tortu..
1247 4441 1307 4486 zoa
1319 4415 1414 4486 astaus
1426 4447 1459 4488 m
1469 4441 1492 4484 o
1505 4441 1531 4486 c.

365 4536 383 4568 e
401 4526 439 4584 qui
455 4530 491 4580 M,
506 4525 562 4584 quis
578 4527 604 4572 C.
681 4524 704 4571 d
725 4523 823 4570 Otilonis
841 4526 867 4572 C.
944 4536 965 4568 e.
986 4521 1120 4583 parrochiae
1138 4525 1171 4575 M,
1188 4519 1320 4580 parrochiae
1337 4522 1363 4568 C.
1440 4519 1456 4565 l.
1473 4537 1531 4566 corr.

366 4607 387 4648 ῐι
404 4617 467 4652 mm
485 4629 511 4637 -
529 4603 672 4664 parrochiam
688 4608 715 4653 C.
792 4617 814 4662 g.
834 4620 892 4649 corr·
908 4606 930 4649 br
947 4603 1053 4662 omnique
1068 4603 1119 4660 lege
1135 4603 1214 4648 sancte
1229 4599 1319 4646 educati
1336 4601 1362 4647 C.
1439 4598 1463 4645 h.
1483 4600 1531 4646 ebtl

367 4685 404 4740 ¹¹2·
418 4686 466 4745 opti
481 4703 540 4732 corr.
550 4688 573 4732 ln
589 4688 667 4744 aperte
679 4688 706 4734 c.
767 4685 783 4730 i.
802 4701 860 4731 corr.
875 4685 899 4730 in
913 4696 955 4743 pro
972 4682 1104 4729 diversitate
1116 4683 1139 4729 et
1150 4681 1300 4728 declinatione
1313 4681 1338 4726 C.
1400 4678 1423 4724 k.
1440 4679 1494 4739 quia
1504 4682 1530 4727 C.

433 4792 457 4844 1.
474 4790 510 4846 V.
523 4789 620 4844 nette
634 4791 676 4859 11,
689 4791 731 4844 10.
821 4779 847 4843 2.
870 4803 914 4858 ep.
926 4788 1127 4842 Pataviensem.
1211 4787 1236 4840 3.
1262 4781 1443 4855 „Presbyteri
1461 4797 1531 4852 quos

369 4905 399 4915 -
415 4875 579 4949 hrngauhrr“
599 4878 709 4934 suntin
727 4876 851 4933 Gratiani
869 4877 950 4932 Decr.
969 4876 1027 4932 P.l
1044 4875 1079 4930 D.
1093 4877 1128 4931 68
1147 4889 1206 4930 cen.
1220 4875 1245 4928 2.
