4342 6034
677 729 744 798 492
977 746 1026 793 nx
1047 744 1202 793 ormont
1224 745 1303 791 vrrs
1326 744 1352 791 s.
1368 744 1544 791 nourrsrn

608 896 661 952 739
677 909 742 957 non
763 886 899 954 multum
920 906 995 953 vero
1016 886 1169 972 temporis
1190 886 1306 971 omnio,
1331 904 1411 969 quse
1432 890 1508 952 tune
1527 886 1563 953 in
1577 884 1723 955 Reioorie
1740 889 1821 955 enrri-

678 1004 780 1089 gendo
801 1004 908 1087 gessit,
931 1002 1045 1069 litteris
1067 1002 1273 1085 transmissis,
1296 1000 1435 1088 praesuli
1450 1002 1621 1088 apostolico
1636 1002 1822 1071 denuntiauit

677 1120 724 1187 At
743 1098 919 1203 ille'geste
941 1118 1009 1185 eius
1030 1117 1174 1198 laudons,
1197 1117 1321 1185 remisit
1341 1116 1520 1184 huiusmodi
1542 1118 1688 1204 seripta·.

765 1234 827 1301 Per
859 1234 944 1301 idem
977 1240 1102 1321 tempus
1131 1232 1247 1301 Korolo
1276 1234 1354 1301 duee
1381 1232 1517 1317 glorioso
1546 1233 1730 1320 temporalis
1756 1234 1827 1302 vitoe

677 1371 805 1418 onrsum
827 1355 1075 1434 eonsummonte,
1097 1348 1155 1417 filii
1177 1350 1245 1417 eins
1260 1348 1490 1417 Karlomennus
1513 1354 1546 1415 et
1558 1348 1714 1436 Pippinus
1734 1350 1827 1437 inpe-

677 1468 735 1533 tris
764 1471 981 1533 sueeessernnt
1008 1465 1187 1552 imperium.
1227 1464 1290 1533 Sed
1318 1464 1393 1549 quie
1419 1464 1460 1531 ed
1487 1469 1601 1531 nutum
1626 1465 1828 1551 Ksrlomunni,

678 1583 732 1668 qui
754 1582 883 1649 meionis
907 1581 1020 1648 aetatis
1037 1585 1116 1664 erut,
1139 1582 1245 1647 omnis
1258 1581 1384 1669 paterni
1397 1581 1487 1663 regni
1500 1581 1570 1647 iure
1584 1582 1829 1668 disponebantur,

679 1697 763 1765 huno
793 1702 921 1765 sanetus
948 1696 1128 1763 Bouifeoins
1156 1696 1265 1763 adiens
1292 1696 1508 1782 praesulisque
1535 1697 1701 1783 apostolici
1726 1698 1831 1785 scriptu

677 1814 831 1897 deferens,
854 1812 1034 1879 omnimodo
1055 1812 1210 1899 poposeit,
1233 1816 1270 1878 ut
1291 1811 1479 1879 ohrbbsnee
1500 1811 1664 1897 religionis
1678 1813 1830 1899 enltnrun,

676 1950 771 2016 quem
799 1933 890 2015 poter
918 1928 986 1995 eius
1014 1928 1251 2016 promptissimo
1280 1927 1386 1994 enimn
1414 1928 1518 2014 eoepit
1539 1934 1572 1995 et
1594 1928 1749 2014 emoluit,
1773 1931 1830 2015 ipse
1889 1990 1890 2025 p

675 2066 800 2132 quoque
832 2064 891 2133 pro
919 2043 981 2110 Dei
1015 2063 1122 2110 umore
1154 2044 1265 2130 suique
1293 2044 1383 2127 regni
1409 2042 1580 2111 stabilitans
1606 2066 1668 2113 neo
1695 2065 1759 2113 non
1783 2066 1830 2133 pro
1889 2120 1890 2137 χ

675 2160 834 2228 eommnni
856 2159 997 2225 omnium
1018 2159 1080 2226 sibi
1103 2160 1312 2227 subiectorum
1336 2158 1438 2225 salute
1460 2160 1569 2227 eodem
1592 2162 1701 2227 auimo
1724 2160 1830 2227 exonie
1889 2140 1890 2155 ¹

675 2283 733 2345 ret
767 2276 827 2343 His
847 2275 903 2342 ille
918 2274 1065 2361 precibus
1083 2276 1175 2362 quusi
1189 2275 1295 2343 divino
1311 2272 1408 2341 effatu
1422 2281 1638 2363 compunctus,
1661 2296 1771 2343 omnes
1784 2276 1830 2343 snb

674 2393 808 2479 imperio
831 2412 888 2458 suo
912 2391 1070 2475 degentes,
1093 2390 1190 2457 leieos
1213 2391 1307 2457 simul
1329 2397 1362 2459 et
1382 2390 1523 2475 olerieos
1546 2391 1743 2476 rereligione
1764 2392 1830 2459 obri·
1889 2406 1890 2473 3

675 2508 779 2577 stione
800 2507 973 2590 deviantes,
994 2511 1061 2573 tom
1081 2506 1181 2591 regali
1204 2527 1298 2592 quem
1320 2508 1471 2573 onnonioa
1493 2508 1682 2575 anctoritate
1705 2508 1747 2575 ad
1760 2509 1831 2573 nen

674 2624 819 2691 instioiue
840 2642 987 2689 revocure
1009 2622 1139 2689 studuit
1174 2622 1372 2713 Preoipiebet
1392 2624 1486 2709 enim,
1510 2629 1554 2708 ut,
1577 2628 1738 2693 eonventn
1751 2644 1830 2711 syno

675 2738 741 2806 deli
754 2738 873 2822 habito,
887 2739 932 2805 ibi
948 2738 1055 2805 omnis
1067 2738 1159 2805 iuxto
1173 2758 1327 2807 cononum
1343 2742 1469 2808 deorsto
1482 2741 1725 2824 corrigerentur.
1748 2739 1830 2806 Guiue

674 2855 824 2921 nimirum
846 2860 1017 2922 eonventns
1040 2854 1200 2941 synodalis
1223 2860 1352 2940 statute,
1376 2858 1535 2942 quianon
1557 2854 1661 2922 solnm
1676 2854 1831 2925 seeenluri
1889 2852 1890 2855 ’

675 2970 749 3055 bns,
771 2970 827 3037 sod
848 2971 945 3037 etiem
966 2970 1205 3037 oeeolesiostieis
1227 2971 1401 3039 rectoribus
1423 2970 1672 3039 eedifiootionem
1696 2990 1830 3056 magnum

674 3087 817 3153 conferre
838 3106 931 3173 posse
953 3086 1115 3170 uidentur,
1137 3092 1232 3173 prout
1252 3087 1288 3153 in
1310 3088 1447 3171 antiquis
1470 3086 1705 3173 exemplaribus
1726 3088 1831 3173 scripte
1889 3164 1890 3173 ἶ

675 3203 863 3287 invenimus,
878 3202 931 3268 bie
943 3222 1062 3288 ponere
1075 3201 1230 3269 uolumus.
1255 3202 1308 3271 Sio
1322 3204 1406 3271 enim
1421 3204 1540 3290 scripto
1553 3202 1828 3271 inveniunturl....

764 3318 885 3385 Tontne
901 3318 999 3402 igitur
1017 3317 1179 3401 religionis
1194 3322 1323 3403 statute,
1347 3338 1367 3385 e
1386 3318 1581 3405 prineipibus
1595 3319 1755 3405 neophitis
1768 3326 1831 3385 tune

675 3435 769 3518 laeto,
791 3435 820 3499 ei
842 3438 1063 3519 eomperentnr
1084 3431 1206 3517 legibus
1229 3434 1289 3519 bis,
1313 3455 1393 3519 quoe
1414 3434 1507 3501 modo
1531 3456 1550 3501 n
1572 3435 1761 3520 quibusdem
1774 3453 1830 3501 reo
1889 3450 1890 3477 i

675 3551 796 3617 toribus
817 3549 935 3616 nostris
956 3584 999 3595 —
1020 3569 1041 3614 a
1062 3550 1204 3634 puericie
1224 3570 1324 3635 usque
1345 3551 1379 3617 in
1402 3556 1562 3617 seneotom
1583 3551 1618 3617 in
1640 3552 1727 3617 omni
1749 3549 1830 3617 dbei·

674 3666 763 3752 plina
784 3665 957 3731 obriotieno
977 3665 1140 3731 instructis
1155 3702 1196 3712 —
1212 3667 1431 3753 proferuntur,
1458 3666 1551 3733 ieoile
1572 3670 1679 3753 potest
1698 3666 1828 3751 agnosei:

676 3786 827 3867 quantum
850 3781 1052 3866 perfectiores
1073 3781 1193 3849 fuerint
1213 3782 1261 3848 illi
1282 3782 1424 3870 neophiti
1446 3782 1516 3849 istis
1538 3782 1682 3869 putribus
1697 3780 1830 3849 doetissi-

673 3897 751 3978 mis;
774 3896 914 3981 quinon
935 3896 1036 3963 solnm
1060 3897 1146 3984 epod
1167 3918 1257 3982 reges
1280 3904 1312 3965 et
1333 3899 1493 3985 prinsipes
1515 3918 1573 3985 pro
1595 3898 1736 3967 looerum
1750 3916 1829 3965 seno·

674 4019 780 4079 torum
800 4011 938 4081 utibtete
958 4013 1170 4081 intereedere⁶
1193 4014 1365 4099 negligunt,
1389 4014 1445 4081 sed
1460 4016 1555 4081 etiem
1570 4015 1634 4101 ipsi
1648 4014 1717 4083 loos
1730 4017 1829 4081 ennete
1889 4096 1890 4101 ἵ

674 4129 736 4197 sibi
749 4130 919 4195 eommisse
932 4131 1112 4197 omnimodo
1126 4131 1301 4198 destruunt
1325 4130 1828 4217 Omorespruvieunetisomnino

675 4244 812 4330 dolendi,
834 4266 853 4311 o
875 4246 1057 4313 miserendo
1077 4248 1173 4313 nimis
1195 4267 1319 4313 morum
1341 4247 1475 4313 mutatio
1490 4244 1575 4331 telis,
1598 4268 1669 4314 eum
1685 4246 1772 4335 pueri
1785 4264 1827 4311 ee·
1889 4228 1890 4313 i

674 4361 778 4444 neus
801 4360 886 4429 eece
908 4362 1097 4447 euoluens,
1119 4362 1259 4449 imperiti
1280 4363 1403 4450 peritis,
1425 4362 1498 4429 nse
1521 4362 1644 4431 neruos
1666 4362 1826 4447 rannone
1889 4346 1890 4437 ἒ

673 4496 724 4545 res
752 4477 964 4545 inveniuntur.
1005 4477 1168 4556 Quondam
1196 4500 1333 4565 nemque
1361 4480 1395 4545 in
1424 4479 1595 4566 provinciis
1622 4480 1743 4563 multis,
1770 4474 1825 4557 ubi,

673 4598 802 4661 eunome
830 4592 997 4661 seeolesiae
1025 4594 1119 4661 vineo
1145 4596 1269 4663 nouiter
1295 4594 1457 4682 plantate,
1485 4596 1621 4663 nendum
1650 4596 1702 4663 vel
1725 4592 1825 4661 notitia

744 4785 767 4817 ι
788 4774 888 4832 nquior
902 4773 927 4819 S.
937 4773 1053 4828 Bonifatii
1070 4772 1145 4831 quob
1166 4790 1237 4832 εφη,
1249 4790 1274 4833 p.
1285 4772 1339 4820 104.
1432 4772 1455 4820 b.
1478 4776 1578 4835 equit
1592 4774 1618 4823 S·
1630 4774 1741 4833 Bullatit'
1757 4768 1823 4833 2.ss

672 4868 743 4911 upra
755 4868 782 4910 p.
793 4852 845 4897 12¹1.
922 4864 942 4897 t.
961 4852 1103 4899 intendero
1118 4869 1161 4899 οι.
1178 4870 1198 4899 c.
