4342 6034
652 762 720 831 324
981 778 1170 827 semrom
1192 777 1422 828 noonnrmsn
1444 778 1466 825 s.
1483 778 1498 825 ι

491 926 634 983 tao—888
651 920 840 1004 dedignatus
862 938 928 987 non
948 919 1063 1004 fueris,
1085 918 1214 987 domine
1235 918 1434 1004 dulcissime,
1463 918 1555 987 vaide
1576 938 1682 987 meam
1704 918 1813 1003 exigni-

651 1041 752 1103 tatem
779 1034 974 1105 laetificabis.
1021 1035 1146 1103 Salutat
1172 1041 1312 1103 vestram
1339 1036 1543 1103 sanctitatem
1570 1035 1703 1103 domnas
1726 1031 1815 1103 abba¹

652 1157 778 1237 noster,
800 1172 865 1219 nna
886 1172 960 1219 cnm
982 1151 1128 1219 omnibus
1150 1151 1303 1221 fratribus
1325 1152 1452 1236 nostris,
1476 1150 1669 1219 fidelissimis
1689 1151 1816 1219 oratori·

650 1269 710 1336 bns
732 1269 856 1336 veseis.
890 1267 1027 1335 Multum
1048 1268 1085 1335 in
1098 1266 1235 1335 Domino
1258 1274 1291 1337 et
1313 1268 1428 1337 vestris
1445 1268 1543 1335 sacris
1558 1267 1752 1336 orationibus
1766 1288 1816 1353 op·

651 1384 728 1472 pido
751 1405 787 1453 se
808 1383 1040 1452 commendant

740 1500 859 1569 Mittite
892 1490 973 1569 mihi
1006 1501 1045 1567 de
1076 1518 1269 1587 pergameno
1300 1500 1381 1567 bono
1411 1500 1452 1567 ad
1481 1520 1578 1567 unum
1605 1499 1820 1569 lectionarium

652 1609 912 1704 perscribendum
941 1623 975 1683 et
1002 1617 1044 1683 ad
1065 1636 1165 1683 nnssm
1186 1615 1348 1685 missalem
1371 1612 1629 1701 Gregoriannm¹.
1676 1614 1822 1694 Quemsi

651 1754 710 1821 per
737 1740 878 1801 vestrum
907 1732 1100 1799 adiutorium
1122 1732 1299 1819 perfecero,
1327 1732 1404 1799 dnm
1427 1733 1552 1817 vixero,
1582 1751 1708 1819 semper
1733 1730 1821 1799 vesci

652 1868 773 1917 memor
802 1870 865 1917 ero.
912 1848 1054 1917 Litterae
1075 1854 1202 1916 vestrae
1224 1849 1417 1933 dignationis
1439 1848 1518 1915 mihi
1541 1868 1598 1935 per
1620 1848 1736 1915 horum
1756 1868 1822 1935 per-

651 1966 785 2033 latorem
806 1966 945 2051 veniant,
970 1971 1007 2033 ut
1028 1965 1142 2049 norim,
1167 1966 1194 2031 si
1218 1964 1321 2031 adhoc
1342 1970 1450 2031 vestra
1473 1964 1599 2032 almitas
1615 1964 1741 2051 antiqui
1755 1982 1821 2031 con-

652 2077 807 2150 tubernii⁸
828 2102 951 2149 memor
973 2102 1044 2149 esse
1065 2082 1223 2165 dignetur.
1270 2080 1428 2167 iubeoque
1449 2076 1584 2149 fidenter
1605 2100 1693 2149 more
1726 2080 1822 2163 solito,

653 2205 689 2265 nt
710 2219 809 2285 snpra
830 2199 916 2265 diota
938 2198 1125 2265 membrana
1146 2218 1204 2284 per
1226 2203 1426 2285 praesentem
1440 2198 1572 2265 manem
1588 2202 1736 2265 nostrum
1749 2195 1823 2263 miii

652 2316 791 2383 veniant
870 2314 1062 2381 Incolomem
1084 2314 1262 2381 sanctitatis
1285 2318 1409 2384 vestrae
1431 2332 1581 2381 coronam
1596 2315 1637 2382 ad
1651 2316 1824 2403 proiectam
1930 2367 1931 2371 ,

653 2451 729 2499 snae
749 2435 879 2498 sanotae
894 2429 1045 2497 ecclesiae
1060 2429 1205 2497 Christos
1221 2429 1298 2497 deos
1313 2434 1422 2497 noster
1437 2450 1561 2518 semper
1576 2437 1609 2499 et
1623 2431 1743 2517 ubique
1757 2450 1824 2499 con·
1930 2424 1931 2489 Ῐ

654 2566 782 2616 smisso
802 2546 964 2631 dignetur,
987 2545 1187 2614 sanctissime
1210 2550 1304 2632 atque
1327 2546 1544 2615 amantissime
1566 2552 1668 2635 pater.
1715 2548 1824 2615 Amen
1930 2634 1931 2637 Ἴ

657 2732 692 2803 7.
721 2736 798 2801 Aoo
819 2735 983 2822 presbyter
1004 2734 1204 2801 Ladoor'com
1219 2734 1243 2799 I
1259 2738 1481 2823 imperatorem
1504 2748 1613 2803 eoerra
1630 2734 1825 2801 Frotaos'rrom
1930 2722 1931 2727 ἵ

722 2852 868 2917 clericam
888 2848 1087 2941 iospiorot⁸‘.

993 2983 1284 3051 Reclamatoric
1311 2983 1492 3072 epistole

495 3110 637 3167 814-840
744 3099 782 3167 In
803 3100 932 3168 nomine
954 3099 1075 3165 domini
1097 3100 1198 3167 nostri
1220 3098 1291 3166 Iesu
1306 3099 1433 3167 Christi.
1468 3098 1673 3185 Hlodowigus
1696 3120 1827 3187 magnas
1930 3102 1931 3108 ’

654 3214 839 3305 imperator.
1930 3202 1931 3205 ¹

743 3330 962 3398 Dominationi
989 3336 1129 3415 vestrae,
1157 3330 1283 3399 domine
1310 3332 1372 3417 mi,
1401 3331 1485 3419 qnod
1511 3330 1598 3417 loqni
1626 3352 1692 3399 non
1720 3333 1826 3417 audeo,

655 3446 712 3515 sed
734 3467 793 3535 pro
814 3466 933 3531 magna
953 3448 1142 3515 necessitate
1164 3468 1237 3514 mea
1258 3454 1332 3534 peto
1355 3448 1556 3521 sanctitatem
1577 3453 1728 3515 vestram.
1762 3448 1827 3534 Ego

656 3562 733 3631 Atto
756 3567 823 3629 tam
845 3562 994 3647 indignus
1016 3563 1174 3649 presbiter
1196 3568 1228 3631 et
1251 3564 1290 3631 de
1311 3565 1478 3632 nativitate
1500 3584 1572 3633 mea
1594 3584 1704 3631 servus
1728 3570 1828 3633 vester

729 3720 751 3753 a.
771 3724 801 3753 οε
816 3708 842 3755 S.
852 3708 968 3762 Bonilatis'
981 3706 1127 3765 psalm
1144 3706 1196 3753 cod.
1210 3707 1502 3763 Vrirdotome'lol.71o.

729 3793 755 3847 1.
777 3792 941 3847 Erlebaldns
963 3789 1051 3847 abbas
1074 3790 1224 3861 Augiensis
1242 3793 1402 3848 822-838.
1493 3794 1518 3847 2.
1541 3792 1573 3847 In
1591 3792 1753 3863 Reginberti
1775 3807 1828 3849 mc
1930 3866 1931 3871 η

657 3878 738 3936 nachi
755 3880 882 3952 eataiogo
899 3880 1028 3937 librorum
1046 3879 1228 3951 Aegiensium
1244 3882 1377 3951 (Neugart
1394 3880 1515 3951 episcop.
1532 3880 1675 3937 Constant
1688 3880 1702 3937 Ι
1713 3882 1766 3937 547
1778 3884 1828 3950 so.)
1930 3882 1931 3959 i

657 3970 728 4025 vetii
745 3985 764 4025 a
780 3970 901 4026 Tattone
918 3970 1012 4026 donati
1029 3969 1092 4025 libri
1109 3974 1309 4041 memorantem
1332 3974 1362 4025 et
1379 3970 1461 4035 (ibid.
1479 3986 1507 4039 p.
1521 3970 1589 4036 545)
1611 3970 1673 4041 „Do
1691 3970 1767 4027 libris
1784 3970 1828 4025 ate

658 4057 888 4115 haeresiotam
906 4062 949 4126 (v.
967 4074 1052 4129 supra
1068 4062 1142 4127 nl)
1161 4059 1363 4115 metensium
1381 4074 1465 4115 nnnm
1483 4058 1520 4115 ad
1536 4058 1699 4131 legendnm
1723 4060 1829 4118 masas
1930 4114 1931 4141 ἶ

661 4163 746 4202 unum
763 4146 971 4217 Gregorianum
990 4162 1046 4216 quo
1061 4147 1174 4217 publica
1192 4149 1276 4203 missa
1294 4148 1431 4203 oanitm“.
1512 4148 1537 4203 3.
1562 4147 1622 4213 Quo
1639 4148 1750 4219 qnidam
1769 4163 1828 4203 con·

660 4234 787 4291 tnbernio
805 4235 946 4304 Otgarinm
969 4240 998 4291 et
1015 4234 1162 4291 Tattonem
1186 4236 1214 4291 in
1232 4237 1296 4291 aula
1313 4236 1471 4291 Ludovioii
1489 4236 1660 4305 imperatoris
1678 4254 1744 4293 usos
1762 4252 1828 4304 esse,

660 4338 706 4379 me
723 4322 818 4379 docuit
834 4324 983 4379 Dttmmler.
1011 4324 1054 4379 De
1072 4324 1185 4394 otgario
1203 4342 1229 4381 v.
1248 4324 1371 4379 Annales
1388 4324 1545 4381 xantenses
1564 4326 1652 4389 (Mon.
1671 4324 1764 4383 Germ.
1783 4323 1829 4380 88.

660 4414 687 4468 11
705 4415 774 4482 225)
793 4414 859 4469 825:
880 4412 1019 4484 „Otgerus
1036 4413 1195 4482 capellanus
1218 4412 1392 4469 dominious“
1417 4416 1446 4469 ct
1463 4428 1506 4483 ep.
1522 4414 1540 4469 5
1557 4428 1642 4483 supra
1658 4430 1687 4485 p.
1701 4416 1761 4473 eat.
1789 4414 1829 4468 De

661 4502 780 4559 Tattone
802 4518 830 4557 v.
848 4502 990 4558 Visionem
1007 4502 1124 4558 Wettini
1148 4518 1192 4573 ap.
1215 4500 1345 4557 tiabiiion
1369 4500 1441 4557 Acta
1466 4501 1514 4559 88.
1538 4502 1596 4559 ord.
1615 4504 1684 4561 Bon.
1703 4518 1775 4561 saec
1792 4500 1829 4557 IV

661 4590 691 4647 P.
703 4591 718 4646 ¹
732 4592 803 4693 ¹²9⁰³
873 4624 991 4691 Quinam
1008 4624 1090 4681 met
1106 4626 1190 4683 Tecto
1209 4664 1619 4685 ..........

873 4696 980 4767 Nempe
1001 4698 1139 4767 patan'nus
1160 4712 1229 4767 puer
1251 4702 1295 4754 est
1312 4698 1461 4753 translatos
1479 4697 1515 4754 ad
1533 4700 1619 4755 aulas.

661 4786 688 4840 t
712 4784 792 4840 Hanc
808 4784 953 4854 epistotam
971 4786 1093 4855 signavit
1103 4784 1227 4843 Seranm
1244 4786 1395 4858 (Epistolae
1407 4786 1435 4843 8.
1448 4786 1589 4857 Bonifatii)
1601 4804 1628 4843 n.
1643 4788 1704 4860 107,
1721 4785 1827 4844 worce-

661 4873 777 4928 weinins
795 4890 821 4927 ιι.
837 4873 897 4943 141,
915 4872 1034 4930 Gileains
1051 4892 1079 4931 n.
1094 4876 1153 4931 131.
