4342 6034
579 742 740 791 nonnoni
761 742 950 791 somnusue
972 744 1053 791 vrrs
1074 742 1247 791 assuerus
1432 728 1497 793 549

324 885 424 951 trater
447 883 625 952 voluntaria
646 884 840 967 conditione,
869 884 961 970 parvi
984 884 1142 969 pendebat
1164 884 1286 968 umeri,
1314 904 1408 968 agens
1431 906 1499 953 ma·

324 1020 463 1086 gnopere
490 999 589 1084 diligi
680 999 810 1067 Talibus
839 1000 906 1066 eius
934 1000 1048 1067 studiis
1075 1000 1238 1084 invidens,
1269 999 1412 1068 diabolus
1439 1002 1499 1069 etsi

324 1117 451 1182 unoere
472 1116 560 1181 illum
585 1136 649 1182 non
671 1115 805 1198 valebat,
829 1115 884 1181 sed
907 1117 1093 1203 temptabat
1129 1116 1277 1183 Incitevit
1298 1116 1332 1183 in
1348 1136 1420 1183 eum
1435 1117 1499 1183 dis·

323 1231 466 1298 cordiam
487 1232 624 1317 proteris
638 1232 727 1300 urbis
741 1230 952 1315 Mogontinae,
976 1232 1031 1317 qui
1045 1252 1197 1316 maguum
1213 1232 1349 1317 aliquem
1365 1231 1500 1299 arbitra·

324 1349 417 1415 batur
440 1368 475 1415 se
496 1348 648 1432 futurum,
672 1348 700 1415 si
722 1368 779 1434 pre
796 1348 909 1416 ceteris
924 1347 1099 1431 negligeret
1114 1348 1307 1435 episcopum.
1341 1346 1501 1417 Patientia

323 1464 409 1529 enim
430 1464 573 1551 episcopi
586 1464 646 1531 boc
660 1463 722 1529 sibi
736 1464 840 1529 visum
855 1468 905 1529 est
918 1484 1011 1549 posse
1026 1462 1109 1545 fieri3
1135 1468 1166 1531 et
1181 1464 1264 1531 unde
1278 1463 1376 1531 miser
1391 1464 1500 1531 debuit

322 1580 447 1663 melior,
470 1579 545 1647 iude
567 1579 669 1645 factus
692 1584 742 1646 est
763 1579 910 1657 deterior.
947 1579 1125 1647 Observaus
1148 1580 1246 1663 igitur
1269 1580 1321 1647 die
1342 1584 1500 1666 noctuque

324 1696 518 1781 episcopum,
542 1696 570 1761 si
592 1695 674 1761 forte
697 1694 817 1780 aliquid
838 1694 985 1761 illicitum
1001 1695 1192 1779 admitteret,
1217 1715 1289 1761 cum
1304 1697 1339 1763 iu
1354 1696 1499 1763 omnibus

323 1831 393 1877 eum
417 1812 578 1878 inveniret
597 1810 916 1896 irreprehensibilem,
941 1812 981 1877 ad
1003 1816 1182 1879 commenta
1204 1810 1348 1879 fallaciae
1369 1832 1500 1879 conver-

322 1948 386 2009 sus,
415 1946 480 2011 qua
502 1948 543 1993 ex
564 1947 600 1993 re
621 1927 738 2009 nescio,
765 1928 924 1994 maiestati
947 1948 1037 1994 reum
1059 1926 1154 1993 tinxit
1176 1927 1261 2013 apud
1284 1948 1400 2021 regem.
1437 1927 1500 1995 Sed

323 2062 392 2110 cum
416 2041 493 2109 talis
514 2026 671 2109 mendacii
694 2042 813 2128 stipula
835 2044 978 2109 veritatis
996 2044 1070 2126 igne
1083 2042 1237 2109 citissime
1252 2048 1499 2128 consumeretur,

322 2178 393 2225 cum
417 2159 517 2225 etiam
540 2159 724 2245 episcopum
742 2158 844 2225 adbuc
857 2159 1037 2245 pacientem
1052 2158 1142 2241 uidit,
1166 2178 1259 2244 quem
1276 2158 1409 2225 credidit
1423 2159 1499 2225 totis

321 2294 355 2341 se
382 2273 507 2341 viribus
530 2274 612 2341 velle
633 2274 757 2356 ulcisci,
789 2274 935 2360 despexit
958 2296 1045 2357 eum3
1075 2294 1133 2341 sua
1155 2294 1190 2341 se
1212 2278 1369 2360 potestate
1391 2274 1499 2343 deleu-

321 2410 390 2457 sum
421 2390 573 2474 credidit,
601 2391 728 2475 iamque
755 2411 813 2476 per
841 2412 876 2458 se
903 2391 1009 2477 ipsum
1037 2392 1071 2455 in
1098 2392 1282 2477 episcopum
1304 2390 1412 2457 conari
1435 2412 1499 2458 nun

321 2506 458 2573 distulit
531 2505 632 2590 lgitur
654 2526 870 2592 quemcunque
893 2506 1030 2592 amplius
1051 2505 1241 2573 familiarem
1258 2506 1393 2573 antistiti
1408 2507 1498 2591 vidit,

321 2623 453 2691 sibimet
478 2620 573 2689 finxit
599 2622 803 2706 contrarium,
831 2628 877 2706 ut,
904 2642 976 2688 cum
999 2623 1033 2687 in
1054 2620 1203 2707 pontifice
1225 2620 1346 2689 nullum
1368 2622 1500 2691 haberet
1614 2626 1616 2633 “

321 2738 517 2820 subsidium,
546 2738 579 2803 vi
607 2745 639 2804 et
667 2744 735 2805 arte
762 2736 935 2805 offenderet
956 2739 990 2804 iu
1014 2738 1208 2824 episcopum.
1242 2736 1329 2822 Ergo
1351 2758 1403 2805 res
1425 2759 1498 2825 pro-

320 2855 417 2921 cessit
448 2852 589 2937 longius,
617 2853 797 2919 ulciscenda
824 2854 973 2919 severius.
1015 2852 1263 2939 Comprehendit
1291 2859 1398 2921 autem
1426 2852 1498 2921 licto

321 2970 485 3037 mendatio
507 2969 666 3054 quendam
687 2968 938 3055 dispensatorem
962 2968 1117 3055 episcopi3
1142 2988 1276 3053 eumque
1298 2968 1498 3037 nullomodo

321 3084 482 3152 dimittere
504 3084 661 3171 disposuit
681 3085 745 3151 nisi
766 3086 801 3151 in
820 3089 1029 3172 purgamento
1048 3084 1168 3151 iudicii.
1203 3082 1266 3151 Sed
1287 3089 1415 3153 sauctus
1432 3086 1499 3173 epi·

322 3220 446 3287 scopus,
473 3201 584 3268 videus
607 3222 681 3267 eum
703 3201 821 3285 absque
843 3201 966 3268 radone
988 3199 1076 3267 abuti
1099 3220 1157 3267 sua
1179 3200 1338 3287 pacientia
1359 3201 1498 3286 itemque

322 3323 441 3400 quanta
469 3316 538 3383 sine
565 3336 661 3383 causa
689 3322 873 3403 paterentur
902 3318 936 3383 iu
965 3337 1023 3382 sua
1052 3316 1187 3383 studiosi
1215 3316 1363 3400 servicia,
1398 3317 1497 3385 semel
1589 3399 1595 3411 ι

322 3434 492 3519 sepiusque
512 3433 638 3516 rogavit
658 3438 749 3499 tanta
770 3438 929 3519 pretorem
944 3452 1068 3499 emsare
1083 3431 1243 3515 molestia3
1267 3437 1303 3499 ut
1323 3432 1417 3499 etiam
1434 3433 1495 3519 bic,

323 3549 374 3632 qui
400 3548 485 3615 laiso
512 3547 756 3631 criminabatur,
785 3549 932 3615 evaderet
955 3547 1073 3633 absque
1095 3547 1220 3613 iniuria.
1254 3546 1367 3615 Pretor
1389 3556 1494 3617 summ

322 3663 402 3731 letus
425 3662 557 3731 effectus
580 3669 639 3749 est,
662 3664 745 3751 quod
770 3664 890 3751 aliquid
911 3664 1078 3747 invenerit,
1103 3683 1163 3748 quo
1187 3682 1241 3729 cor
1263 3664 1421 3750 pontificis
1440 3666 1495 3733 do-

323 3779 397 3847 loris
425 3780 556 3847 vulnere
583 3781 738 3864 tetigerit,
767 3780 851 3866 quod
880 3780 1006 3867 penitus
1033 3778 1263 3847 invulnerabile
1285 3781 1433 3865 credidit3
1465 3787 1496 3849 et

323 3896 385 3963 iam
413 3896 502 3963 omni
530 3900 636 3963 amoto
663 3896 758 3964 dubio
781 3896 934 3963 iudicium
956 3895 1136 3981 exquisivit.
1171 3894 1256 3979 Ergo
1281 3896 1321 3963 ad
1343 3897 1495 3965 iudicium

324 4018 451 4079 ventum
473 4018 531 4079 est
565 4012 653 4079 Tunc
668 4013 717 4079 vir
730 4012 802 4096 Dei,
825 4011 964 4099 pacienti
979 4030 1173 4098 compassus,
1196 4012 1314 4079 iustum
1329 4012 1399 4081 fieri
1413 4014 1495 4081 iudi-

323 4128 403 4193 cium
419 4127 482 4195 Dei
504 4128 607 4215 petiit,
629 4133 667 4195 ut
688 4133 818 4195 eventus
841 4128 965 4214 probat,
988 4148 1052 4192 uon
1075 4132 1199 4195 tantum
1223 4128 1262 4195 de
1285 4148 1322 4195 eo
1346 4128 1400 4214 qui
1421 4148 1495 4215 pas·

324 4263 375 4309 sus
398 4249 458 4326 est,
480 4244 535 4311 sed
560 4244 653 4311 etde
677 4264 714 4310 eo
737 4245 791 4328 qui
813 4243 889 4311 lecit
910 4244 1070 4309 iniuriam.
1106 4242 1187 4309 Nam
1211 4248 1243 4310 et
1265 4242 1329 4329 ille,
1353 4244 1408 4329 qui
1427 4264 1495 4311 mo·

323 4356 511 4443 laetabatur,
539 4358 609 4427 Deo
631 4359 815 4444 adiuvante,
845 4360 946 4425 sancti
970 4359 1031 4425 viri
1052 4358 1199 4445 precibus
1221 4358 1438 4446 inculpabilis,
1463 4367 1496 4427 et

322 4474 391 4558 ille,
418 4475 535 4543 iudicio
563 4474 670 4543 divino
694 4480 879 4562 preventus,
909 4474 1062 4541 abscessit
1082 4474 1278 4543 insanabilis.
1313 4473 1385 4543 Etsi
1408 4476 1493 4544 euim

324 4610 385 4686 nou
407 4592 516 4659 statim
538 4592 654 4678 sensit,
682 4592 738 4659 sed
761 4593 869 4659 statim
891 4570 999 4657 tamen
1020 4596 1191 4678 preventus
1213 4590 1282 4657 suit
1319 4590 1414 4677 Quia,
1439 4592 1493 4677 qui

325 4714 432 4774 contra
453 4710 557 4775 uirum
571 4707 632 4775 Dei
654 4708 806 4773 iudicium
827 4712 1006 4795 paraverat,
1028 4712 1174 4794 paratum
1196 4708 1347 4774 iudicium
1362 4708 1493 4775 minime

326 4830 479 4907 evaserat3
508 4828 541 4891 et
568 4825 623 4909 qui
649 4823 744 4908 longo
771 4824 837 4890 iam
864 4829 1009 4910 tempore
1038 4824 1143 4891 virum
1170 4822 1231 4891 Dei
1258 4823 1492 4910 molestaverat,
