4342 6034
660 756 726 825 862
1000 774 1188 823 mmroasn
1209 773 1437 823 moderamen
1461 774 1491 820 ao

589 924 641 981 att
660 915 801 1002 episcopi
829 912 931 982 officio
961 914 1181 1001 suspendatur.
1229 915 1427 983 Auctoritate
1454 914 1527 981 Iulii
1549 934 1652 1001 papae
1674 914 1816 981 sandtum

659 1037 718 1116 est,
741 1031 796 1116 qui
818 1032 915 1097 etiam
937 1031 1105 1099 orientales
1127 1032 1303 1119 episcopos,
1327 1032 1368 1097 ad
1390 1032 1537 1099 sinodum
1556 1031 1665 1099 venire
1680 1050 1816 1117 spernen-

658 1154 724 1231 tes,
760 1147 967 1234 depositionis
994 1166 1064 1215 reos
1092 1146 1259 1229 iudicavit3
1289 1146 1361 1213 illos
1391 1168 1481 1231 vero,
1512 1147 1632 1233 absque
1659 1145 1819 1233 apostolica
1906 1170 1907 1203 ι

660 1262 847 1329 anctoritate
880 1262 1058 1349 depositos,
1094 1262 1276 1330 innocentes
1309 1282 1483 1331 remanere.
1578 1262 1748 1329 Decretum
1779 1267 1820 1327 est
1906 1304 1907 1307 =

659 1381 767 1463 etiam,
789 1384 826 1446 ut
846 1374 922 1445 rex¹
943 1378 1131 1463 Robhertus,
1155 1378 1210 1464 qui
1232 1380 1498 1464 consanguineam
1521 1374 1631 1445 suam'
1653 1383 1763 1445 contra
1779 1378 1820 1443 iu-
1906 1442 1907 1451 ,

659 1496 880 1563 terdictionem
902 1493 1108 1582 apostolicam
1128 1494 1163 1560 in
1185 1494 1367 1580 coniugium
1389 1494 1495 1577 duxit,
1520 1494 1562 1569 ad
1583 1494 1821 1561 satisfactionem
1906 1534 1907 1541 ι

659 1616 848 1678 convocetur
869 1630 942 1677 cum
964 1610 1140 1698 episcopis,
1168 1610 1217 1677 his
1245 1612 1366 1699 nuptiis
1395 1612 1523 1679 incestis
1552 1608 1820 1677 consentientibus

661 1726 696 1793 Si
711 1732 816 1794 autem
829 1726 1003 1810 renuerint,
1026 1728 1245 1795 communione
1264 1727 1438 1814 priventur.
1517 1726 1598 1793 Item
1613 1732 1723 1792 sancta
1736 1746 1822 1811 syno—

661 1843 719 1909 dus
742 1842 891 1911 sancivit:
916 1847 952 1909 nt
973 1842 1222 1930 Neappolitanus
1245 1844 1384 1928 invasor,
1407 1844 1462 1929 qui
1483 1842 1569 1909 illius
1591 1842 1654 1909 loci
1677 1841 1822 1927 archiepi-

661 1978 792 2045 scopum
819 1959 1056 2046 apprehendere
1083 1959 1159 2025 iecit
1189 1964 1221 2025 et
1250 1978 1284 2026 sc
1305 1960 1340 2025 in
1364 1960 1498 2026 eundem
1520 1956 1624 2023 locum
1646 1978 1704 2045 per
1727 1976 1823 2043 syme

659 2075 785 2141 niacam
806 2074 944 2141 heresim
965 2075 1114 2142 constitui
1135 2074 1220 2159 toda
1243 2075 1306 2141 nisi
1328 2075 1512 2158 satisfaciat„
1537 2074 1822 2140 anathematizetur.

750 2190 938 2257 Constituit·
961 2191 1073 2258 edam:
1098 2195 1142 2275 ut,
1167 2190 1195 2257 si
1218 2192 1288 2276 quis
1303 2192 1468 2278 episcopus
1485 2189 1641 2277 presbiter
1658 2196 1713 2257 aut
1728 2189 1823 2255 diaeo

661 2326 721 2372 nus
744 2313 799 2372 aut
820 2306 962 2391 eletione,
985 2322 1071 2393 pape
1092 2306 1258 2391 incolume,
1282 2312 1315 2373 et
1337 2327 1373 2374 eo
1389 2304 1575 2390 inconsulto,
1599 2311 1656 2373 aut
1670 2305 1823 2391 subscrip-
1906 2354 1907 2395 J

661 2422 782 2488 tionem
803 2442 862 2508 pro
876 2422 1019 2489 Romarm
1040 2420 1226 2508 pontificatu
1248 2421 1449 2489 commedere
1471 2428 1527 2489 aut
1541 2422 1746 2508 pictationem
1760 2440 1825 2507 pro·
1906 2400 1907 2495 Ξ

662 2538 788 2604 mittere
810 2542 866 2603 aut
886 2542 1118 2603 sacramentum
1140 2536 1291 2624 praebere
1312 2538 1517 2625 temptaverit
1536 2542 1593 2603 aut
1606 2537 1734 2623 aliquod
1747 2542 1826 2603 certe
1906 2590 1907 2599 ,

663 2650 847 2736 suffragium
874 2652 1034 2739 pollicitus
1063 2653 1176 2737 fuerit,
1205 2653 1267 2720 loci
1290 2654 1339 2720 sui
1363 2653 1516 2737 dignitate
1539 2658 1571 2719 et
1593 2653 1735 2719 omnium
1757 2650 1826 2719 fide
1906 2650 1907 2695 ³

662 2766 742 2834 lium
776 2768 995 2835 communione
1022 2769 1165 2855 privetur
1193 2774 1225 2836 ct
1252 2769 1544 2837 anathematizetur.
1576 2768 1722 2855 Synodus
1750 2768 1826 2835 Sim·
1906 2790 1907 2867 y

661 2882 767 2950 machi
789 2878 918 2972 papae⁸.
1007 2882 1155 2952 Decrevit
1177 2886 1462 2971 sanctasynodus:
1486 2891 1523 2952 ιιι
1536 2904 1629 2952 nemo
1645 2886 1747 2952 sancti
1763 2884 1826 2971 Spi·
1906 2868 1907 2907 Ξ

661 3000 743 3066 ritus
765 2999 883 3067 donum
904 3002 1040 3069 vendere
1061 3008 1254 3089 praesumat,
1278 3006 1334 3068 aut
1355 3020 1413 3087 pro
1437 3000 1569 3069 alicuius
1590 3002 1731 3089 episcopi
1746 3020 1826 3089 pres·

663 3116 757 3183 biteri
785 3116 909 3184 diacom
935 3116 987 3184 vel
1009 3116 1140 3185 alicuius
1164 3118 1284 3185 ordinis
1308 3120 1542 3185 consecratione
1564 3119 1732 3205 pecuniam
1754 3116 1826 3184 soci·
1906 3100 1907 3155 ι

663 3252 755 3319 pere3
779 3238 812 3300 et
833 3234 888 3319 qui
907 3234 963 3299 dat
982 3235 1082 3319 etqui
1099 3235 1213 3322 accipit
1229 3238 1261 3301 et
1275 3233 1331 3320 qui
1345 3234 1501 3301 mediator
1517 3246 1574 3319 cst,
1599 3234 1768 3301 anathema
1781 3234 1824 3299 sit

752 3347 877 3415 Placuit
898 3350 995 3415 etiam
1014 3350 1170 3434 omnibus,
1193 3356 1230 3417 ut
1246 3348 1434 3418 Gisilharius
1456 3350 1634 3437 episcopus,
1657 3350 1712 3437 qui
1727 3354 1827 3417 contra

664 3484 800 3531 oenones
822 3464 930 3531 sedem
951 3462 1060 3531 suam⁴
1082 3466 1204 3533 dimisit
1226 3473 1258 3533 et
1286 3462 1399 3533 aliem⁵
1422 3466 1553 3551 invasit,
1582 3467 1616 3532 in
1644 3464 1750 3533 namle
1770 3464 1826 3531 Do

664 3576 762 3646 mini*
784 3579 917 3647 Remum
940 3587 1068 3648 vocatus
1092 3580 1133 3648 ad
1155 3582 1412 3649 satisfaciendum
1434 3584 1555 3664 veniat3
1580 3581 1663 3667 quod
1682 3582 1709 3649 si
1724 3600 1826 3649 renue
1906 3658 1907 3663 η

665 3696 719 3781 ιιι,
744 3716 765 3763 a
786 3696 974 3763 sacerdotali
996 3696 1099 3764 officio
1115 3698 1334 3785 suspendatur.
1412 3698 1531 3765 Notum
1545 3698 1635 3765 vobis
1650 3698 1747 3765 etiam
1758 3696 1827 3763 faoi·
1906 3676 1907 3751 Ῐ

665 3832 753 3879 mus:
781 3812 917 3898 qualiter
938 3833 996 3899 per
1018 3834 1217 3881 communem
1239 3834 1426 3881 consensum
1453 3815 1586 3881 fratrum
1609 3813 1825 3895 crescentium,

667 3934 796 3995 sanctae
818 3926 978 3996 Romanae
1001 3930 1170 3997 aecclesiae
1192 3930 1371 3997 invasorem
1394 3936 1426 3997 at
1440 3930 1710 4017 depraedatorem,
1733 3948 1826 4013 agre-

666 4044 730 4110 mio
759 4050 886 4111 sanctm
914 4045 1083 4112 eecclesiae
1107 4050 1139 4112 et
1161 4046 1301 4113 omnium
1322 4044 1463 4127 fidelium
1486 4048 1704 4115 communione
1731 4062 1825 4129 segre-

666 4161 825 4247 gavimus3
856 4168 888 4228 et
914 4166 950 4228 ut
976 4182 1057 4228 unus
1086 4162 1218 4247 qsaisque
1246 4168 1386 4230 vestrum
1414 4162 1449 4229 in
1477 4182 1533 4229 suo
1557 4164 1741 4251 episcopatu
1761 4158 1824 4227 huic
1906 4170 1907 4175 ’

666 4276 750 4344 facto
773 4278 942 4345 adsensum
963 4278 1130 4364 praebeat,
1154 4279 1319 4346 caritative
1341 4298 1499 4364 rogamus.

756 4392 825 4478 Ego
848 4392 1019 4478 Gregorius
1048 4400 1175 4461 sanctae
1203 4394 1375 4463 catholicae
1404 4400 1437 4463 et
1464 4394 1656 4483 apostolicae
1678 4394 1824 4462 Romam
1906 4370 1907 4381 Ξ

823 4509 993 4577 aecclesiae
1014 4509 1144 4598 praesul
1165 4510 1347 4598 subscripsi.

739 4642 925 4785 [gfff
959 4728 985 4784 2.
1003 4729 1143 4785 Bertham.
1203 4732 1228 4786 3.
1248 4730 1282 4787 V.
1295 4728 1453 4803 Symmachi
1470 4730 1605 4801 synodum
1624 4728 1652 4785 d.
1665 4732 1681 4787 1
1694 4724 1823 4786 Marassa

667 4814 798 4873 habitam.
825 4819 946 4888 Regesta
957 4818 1123 4889 pontitom.
1143 4836 1170 4889 p.
1183 4820 1226 4875 61.
1298 4820 1325 4875 4.
1349 4816 1611 4889 hierseburgcnsem.
1684 4824 1709 4876 5.
1727 4816 1823 4888 hiagde·

667 4903 842 4977 burgensem.
913 4908 939 4964 6.
963 4908 999 4963 25
1016 4907 1083 4963 Dec.
1102 4908 1164 4964 997.
