4342 6034
664 766 693 814 s.
708 766 883 815 someron
904 766 949 813 nn
970 768 1073 815 nonni
1094 767 1282 816 nmsronsn
1539 754 1560 818 9
1678 751 1685 765 ’

480 909 611 975 Maior
633 910 836 996 epe'stolarum
851 931 990 991 acernus,
1010 930 1203 996 quamquam
1216 932 1281 977 non
1294 933 1426 997 prorsus
1442 932 1560 999 aequa·

392 1024 464 1091 belis
485 1046 614 1092 numero
638 1026 809 1111 ordineque
831 1028 970 1112 capitum
992 1038 1036 1091 est
1056 1029 1093 1091 iu
1110 1028 1210 1093 tribus
1225 1028 1393 1109 codicibus,
1417 1050 1489 1093 cnm
1497 1051 1561 1115 per

390 1154 496 1229 por-tes
524 1154 627 1209 tomen
650 1164 717 1228 pur
745 1136 876 1227 diaestio
901 1144 936 1207 in
963 1144 1077 1208 eusdem
1099 1146 1279 1209 inueniatur
1301 1145 1485 1230 eaedemque
1507 1145 1558 1211 lt-

392 1270 474 1323 tcrae
495 1257 683 1345 plerumque
710 1270 766 1323 aut
793 1261 899 1325 ecdem
927 1259 1068 1325 lnnmate
1090 1261 1259 1345 praeditae
1284 1262 1349 1325 sint
1370 1273 1427 1326 aut
1448 1260 1561 1327 lemma

393 1376 517 1439 musmo
539 1396 604 1439 non
626 1372 769 1455 labeant,
792 1378 871 1441 istas
894 1378 998 1441 trium-
1012 1378 1155 1442 codicum
1177 1376 1326 1463 epistolas
1346 1399 1412 1443 non
1434 1377 1509 1444 latet
1524 1381 1559 1444 in

391 1512 455 1555 una
478 1502 507 1555 et
528 1492 636 1555 eodem
655 1492 833 1577 prinm'poli
854 1492 1031 1558 collectione
1050 1494 1171 1557 maiore
1180 1492 1258 1578 plns
1272 1496 1413 1559 minusve
1426 1498 1558 1561 uersari

391 1606 434 1672 Et
455 1606 504 1671 liis
528 1608 654 1692 quidem
675 1612 881 1674 monumentis
900 1608 1214 1695 ternporeBomJatii
1228 1621 1257 1673 et
1269 1606 1361 1674 Lolli
1375 1614 1560 1698 conscriptis

391 1724 574 1808 mn'quioro
596 1724 752 1808 quaedam
772 1726 892 1791 inserta
913 1736 1000 1805 sunt,
1029 1727 1065 1789 in
1082 1726 1202 1811 primis
1222 1725 1378 1790 nonnulla
1398 1726 1562 1793 Aldleelmi

391 1838 513 1903 ablatis
535 1838 825 1905 Malmesluricnsis
848 1853 1022 1927 posteaque
1050 1843 1192 1927 episcopi
1213 1839 1469 1907 scireburnensis
1492 1846 1559 1929 epi·

390 1954 488 2021 stolrse
516 1976 587 2019 enum
612 1955 812 2021 comninibus.
851 1954 940 2038 Quae
962 1978 1024 2042 quo
1041 1968 1140 2043 parto
1161 1959 1197 2021 in
1222 1953 1413 2023 Germaniae
1433 1958 1561 2023 tutelam

388 2072 603 2157 pervenerint,
634 2092 672 2136 eu
701 2071 834 2157 epistola
857 2071 901 2138 76
929 2073 1142 2138 animaduerti
1162 2085 1282 2159 potest,
1313 2094 1378 2159 qua
1399 2072 1513 2139 Lullia
1539 2099 1561 2138 a

389 2187 559 2253 Dealroino
588 2190 739 2273 maqistro
764 2190 874 2276 petiit,
904 2201 940 2254 ut
962 2188 1147 2267 „Alellelmi
1172 2190 1285 2276 aliqua
1307 2189 1475 2275 opusculo,
1506 2212 1561 2255 seu

389 2326 560 2391 prosarum
588 2326 643 2369 seu
668 2318 839 2370 metrorum
867 2316 923 2369 aut
949 2304 1181 2386 mimicorum,
1212 2306 1349 2391 diriaere
1376 2307 1561 2391 dianaretur

390 2422 434 2485 od
456 2420 698 2486 consolationem
715 2422 981 2508 pmeqrinutimm
1003 2420 1112 2485 snoe“.

480 2536 629 2623 Ipsorum
650 2549 754 2603 autem
776 2538 918 2602 coelicum
939 2558 1037 2601 uranu
1059 2539 1249 2623 scm'yrtorum
1270 2539 1354 2603 ratio
1376 2537 1452 2602 laec
1474 2550 1535 2603 est:

480 2650 561 2735 (M)
612 2650 716 2719 Coelen
748 2653 865 2719 latium
894 2652 1143 2718 Monacensis
1170 2652 1261 2719 8112
1289 2649 1398 2739 (Mac.
1415 2652 1481 2735 12)
1499 2654 1560 2738 so·

392 2768 611 2850 liorum128,
632 2768 746 2855 foruna
775 2769 936 2856 quadrato
962 2771 1098 2850 nmiore,
1131 2768 1385 2835 nunbranaesus
1411 2791 1492 2833 saec.
1515 2768 1559 2850 X,

391 2898 471 2952 tenet
497 2888 605 2973 capita
627 2886 686 2966 82,
718 2888 753 2951 in
782 2908 916 2972 quorum
944 2887 1079 2951 dimidia
1097 2888 1210 2971 priore
1230 2888 1336 2950 minor
1358 2885 1562 2971 epistolemm

391 3006 485 3090 copia
498 3002 574 3087 sere
593 3014 657 3068 tota
675 3005 763 3068 inest.
800 3001 994 3069 Semabatm
1010 3014 1136 3067 eaeunte
1150 3023 1229 3066 saec.
1246 3000 1362 3066 XVin
1376 3000 1562 3067 bibliotheca

392 3119 537 3185 eccleciae
564 3119 834 3206 Mequntinoe,
865 3132 900 3185 ut
922 3119 1058 3207 planum
1077 3119 1119 3202 fit
1148 3140 1186 3183 ee
1205 3117 1329 3203 foliii
1357 3118 1562 3204 inscriptione

392 3236 465 3299 lsac:
495 3234 587 3314 „Iste
616 3235 694 3301 liber
715 3238 854 3322 pertinet
880 3236 924 3299 ad
947 3235 1113 3300 librariam
1134 3237 1238 3299 saneti
1258 3234 1397 3299 Martini
1417 3233 1562 3299 eccleciae

392 3352 656 3438 Maquntinensis.
698 3352 745 3416 M.
773 3352 914 3415 sindicus
943 3350 989 3416 iit
1017 3351 1148 3417 1479‘2
1183 3350 1364 3437 Eodemque
1393 3348 1456 3415 loci
1481 3350 1562 3414 vidit

393 3469 529 3533 codicem
555 3488 639 3533 anno
664 3466 751 3533 1786
773 3466 946 3553 Philippus
972 3460 1129 3534 θπίἸππι
1151 3478 1180 3532 et
1205 3487 1290 3530 anno
1313 3466 1402 3531 1789
1425 3464 1560 3552 Supin-

392 3606 451 3649 nas
472 3584 655 3649 Alexander
675 3582 875 3663 Wercsnetn,
900 3584 1046 3670 epistolas
1064 3582 1227 3667 Bonifatii
1247 3604 1477 3669 recoanosoeus.
1513 3579 1560 3645 ll·

395 3700 475 3767 lanes
496 3712 606 3787 postea
628 3712 672 3765 est
693 3701 799 3785 reciae
822 3698 1021 3765 bibliothecae
1043 3700 1243 3779 Monaesum,
1274 3701 1362 3763 cuias
1383 3697 1561 3783 praefectus

394 3816 525 3883 Carolus
544 3814 651 3896 Halm,
675 3828 711 3881 ut
733 3837 770 3881 ee
787 3838 873 3903 puro
896 3816 954 3881 loc
966 3816 1062 3901 fonte
1083 3815 1243 3881 haurirem
1257 3813 1413 3894 Berolini,
1437 3835 1561 3877 conces·

394 3936 434 4001 sit
455 3934 688 3999 humanissime.
708 3970 748 3981 -—
773 3932 827 3998 Ea
850 3934 955 3998 eodem
977 3934 1082 4015 coelice
1104 3933 1278 4018 descriptae
1301 3942 1345 3996 est
1366 3951 1450 3994 anno
1473 3928 1562 3995 1497

395 4052 490 4116 codsa
512 4050 673 4135 quondam
695 4048 1045 4135 Inqolstadiensis,
1070 4048 1163 4114 leodic
1187 4050 1261 4113 item
1282 4046 1482 4112 Monacensis
1506 4045 1559 4109 lat.

394 4166 469 4247 830,
494 4166 685 4246 chartaceus,
701 4165 815 4251 foruna
835 4158 1003 4231 maaima².

465 4342 489 4395 l.
513 4340 613 4395 Reisen
630 4340 663 4394 T.
675 4340 716 4395 111
733 4340 776 4409 37,
801 4338 848 4394 ubi
872 4338 959 4395 codex
981 4352 1124 4409 perperam
1150 4338 1260 4392 saeculo
1278 4336 1319 4391 XI
1337 4333 1493 4391 stmsiuimn
1510 4334 1563 4389 hoc

395 4429 487 4485 modo:
508 4428 664 4499 „Epistolae
682 4428 710 4484 S.
722 4426 865 4498 Boniiscii,
884 4429 944 4485 ood.
965 4427 1077 4483 membr.
1096 4426 1125 4481 in
1142 4427 1195 4482 din
1213 4440 1285 4481 soso.
1297 4426 1346 4480 XI.
1374 4424 1442 4480 God.
1459 4423 1562 4493 optime

395 4522 571 4574 conservatus
589 4522 619 4573 ot
635 4516 774 4587 elegeam.
864 4519 889 4572 2.
913 4518 941 4573 in
959 4518 1054 4573 ultimo
1072 4517 1133 4573 eius
1149 4516 1215 4571 folio
1233 4516 1362 4584 leguntur
1373 4512 1456 4568 hisso:
1475 4512 1562 4583 „Gon-

394 4608 465 4679 plevi
487 4607 540 4662 hoo
563 4620 633 4677 opus
657 4606 833 4677 epistolarum
851 4606 1015 4661 sanctissimi
1034 4606 1163 4676 martyris
1181 4601 1329 4672 Boniiecii,
1351 4602 1432 4672 primi
1448 4602 1562 4669 Mogon-

395 4696 522 4752 tiseensis
541 4694 657 4751 ecclesis
675 4694 897 4765 archipraesulis,
921 4699 950 4749 et
967 4694 1156 4750 nonnullorum
1175 4694 1289 4747 oliorum
1308 4706 1360 4760 ego
1377 4688 1462 4744 instes
1479 4688 1562 4743 Fron·

394 4786 482 4841 oisous
500 4784 620 4857 Hoiyrer
637 4784 672 4839 de
690 4782 923 4855 Kornomnheym‚
941 4798 991 4853 pro
1008 4788 1075 4838 tuno
1092 4782 1231 4850 novicius,
1250 4782 1327 4835 iussu
1344 4776 1564 4834 reverendissimi

394 4876 477 4947 petris
494 4880 524 4932 et
535 4874 730 4944 scripturorum
743 4872 936 4929 studiosissimi
948 4872 1060 4927 cultoris
1072 4870 1182 4927 Ioannis
1194 4868 1318 4925 Tritomii
1329 4866 1438 4923 abbatis
1449 4864 1564 4922 secundi
