4342 6034
650 652 719 723 500
952 672 1000 722 un
1022 670 1178 719 oruuosr
1200 672 1280 719 vrri
1302 670 1330 719 e.
1347 670 1523 717 normann

651 832 732 900 quae
760 832 825 879 nou
854 812 1013 881 auferetur
1043 813 1083 879 ab
1114 808 1177 879 eo¹.
1213 810 1295 879 Nam
1321 810 1450 897 reliquit
1472 810 1578 897 ampla
1599 816 1735 879 terrenae
1753 832 1798 897 po

650 928 776 996 testatis
798 948 897 1013 regua
919 934 961 1013 et,
989 928 1029 995 ad
1051 928 1219 995 Caeninum
1242 933 1381 994 montem
1405 927 1439 993 in
1462 936 1541 1011 quo·
1563 932 1640 994 tune
1662 926 1801 993 artisdua
1884 927 1888 1011 l

650 1044 844 1111 monasticae
865 1045 949 1112 vitae
972 1044 1141 1130 disciplina
1162 1043 1336 1111 habebatur
1353 1043 1492 1126 veniens,
1516 1042 1686 1109 monachus
1707 1042 1747 1109 ibi
1765 1042 1802 1109 ei-
1886 1026 1888 1072 ³

650 1158 770 1243 ficitur,
799 1157 936 1246 Pippiuo
961 1160 1054 1225 fratri
1077 1160 1277 1227 committens
1300 1159 1409 1225 munia
1426 1160 1531 1243 regui
1622 1158 1682 1225 Hic
1701 1159 1803 1242 itaque,

651 1280 782 1361 accepta
808 1280 960 1361 pateruae
989 1282 1021 1341 et
1047 1275 1207 1343 fraternae
1229 1274 1395 1361 potestatis
1418 1274 1617 1359 monarchia,
1645 1294 1723 1360 quae
1742 1280 1806 1339 tuuc

650 1392 752 1457 maior
774 1390 886 1457 domus
908 1390 1088 1474 dicebatur,
1115 1391 1245 1458 eandem
1270 1390 1466 1458 devotionem
1491 1390 1684 1475 eandemque
1705 1388 1806 1457 solliei-

650 1506 803 1591 tudiuem,
827 1526 922 1593 quam
944 1512 977 1574 et
998 1507 1097 1573 irater
1120 1508 1197 1589 eius,
1221 1505 1359 1573 excoluit
1379 1510 1445 1573 tam
1467 1506 1502 1571 in
1524 1506 1640 1573 divinis
1663 1526 1753 1591 quam
1767 1526 1806 1571 se

651 1621 809 1689 cularibus
834 1623 990 1707 negociis,
1019 1627 1145 1689 secutus
1167 1642 1225 1709 per
1247 1622 1355 1689 omnia
1377 1623 1479 1689 sancti
1502 1621 1657 1689 Bouiiaeii
1679 1620 1806 1689 cousiba

651 1736 719 1816 Qua
744 1738 784 1805 de
806 1758 841 1806 re
865 1738 1013 1823 contigit,
1041 1743 1092 1821 ut,
1121 1758 1194 1805 cum
1216 1758 1251 1804 se
1273 1737 1356 1822 Deo,
1387 1738 1442 1821 qui
1465 1738 1594 1824 deponit
1616 1742 1757 1825 potentes
1777 1734 1808 1801 de

652 1854 726 1920 sede
748 1858 782 1921 et
802 1852 923 1921 exaltat
944 1850 1108 1938 humiles¹,
1132 1854 1318 1920 submittere
1332 1854 1448 1937 iugiter
1462 1854 1613 1937 studeret,
1636 1852 1750 1937 regalis
1763 1870 1809 1937 po-

650 1969 770 2036 tentiae
791 1969 1011 2036 excellentiam
1033 1971 1200 2056 optineret.
1237 1969 1339 2035 Tanta
1361 1990 1435 2035 vero
1452 1970 1607 2053 dignitate
1626 1968 1808 2049 sublimatus,

650 2085 761 2151 eodem
783 2085 878 2151 modo
901 2104 963 2170 quo
986 2089 1019 2151 et
1041 2092 1135 2152 autea
1157 2090 1300 2152 sanetum
1316 2084 1513 2151 Bonifatium
1535 2085 1667 2169 diligere
1683 2082 1811 2151 simulet

649 2201 795 2267 venerari
823 2200 980 2268 studebat
1016 2201 1106 2268 Unde
1135 2202 1232 2268 etiam
1260 2201 1463 2267 traditionem
1485 2200 1660 2268 fraternam
1683 2201 1749 2267 suis
1768 2200 1810 2265 lit
1889 2182 1890 2185 ¹

650 2316 727 2381 teris
756 2316 787 2383 ei
814 2316 963 2383 roborare
989 2316 1121 2383 curavit
1156 2316 1295 2395 Quarum
1318 2316 1495 2383 litterarum
1519 2316 1681 2403 exemplar
1704 2316 1755 2383 hic
1774 2316 1811 2381 iu

650 2450 756 2498 serere
778 2432 887 2518 cupio,
917 2438 954 2498 ut
974 2430 1083 2499 lideles
1107 2433 1223 2517 quique
1245 2432 1318 2499 iude
1340 2433 1554 2515 instruantur,
1580 2436 1728 2519 raptores
1749 2450 1811 2497 uero

649 2546 752 2632 iniqui
775 2547 904 2614 uideant
926 2552 959 2615 et
980 2548 1228 2615 confundantur:
1661 2546 1662 2551 ’

741 2658 934 2749 ,Pippiuus⁸
955 2684 1013 2731 rex
1035 2662 1245 2747 Francorum,
1274 2664 1323 2729 vir
1351 2664 1499 2747 illustris,
1528 2662 1693 2730 Bouiiacio
1723 2663 1813 2731 archi·

650 2776 798 2865 episeopo
819 2784 853 2846 et
874 2779 978 2864 legato
994 2778 1182 2847 Germanico
1203 2779 1242 2845 ab
1259 2778 1431 2866 apostolica
1445 2778 1519 2846 sede
1535 2780 1665 2845 directo.
1744 2778 1813 2857 Quin

650 2894 831 2961 veneranda
861 2896 1037 2982 paternitas
1065 2901 1121 2961 tua
1148 2900 1289 2961 nostram
1318 2894 1535 2961 excellentiam
1563 2894 1739 2981 postulauit
1765 2912 1811 2981 pro

650 3010 853 3094 monasterio,
876 3011 961 3096 quod
983 3032 1003 3085 a
1025 3016 1057 3077 ta
1078 3012 1203 3079 noviter
1226 3016 1440 3079 constructum
1463 3017 1512 3077 est
1526 3012 1561 3077 iu
1576 3009 1812 3079 solitudiueBc
1896 2990 1897 3025 ³

651 3124 765 3193 cbouia
792 3126 884 3193 iuxta
908 3124 1038 3193 fluvium
1062 3126 1197 3211 Fuldae,
1227 3128 1261 3193 iu
1289 3127 1373 3212 loco,
1403 3148 1495 3213 quem
1519 3128 1630 3195 beatae
1653 3126 1812 3195 memoriae

651 3239 884 3308 Karlomauuus
905 3262 1074 3325 germanus
1097 3249 1205 3311 noster
1227 3243 1369 3327 legitima
1390 3244 1559 3311 donatione
1579 3242 1639 3311 tibi
1659 3242 1812 3323 concessit,

650 3361 696 3441 nt,
720 3357 803 3424 sicut
825 3378 865 3425 ex
889 3358 1076 3425 auctoritate
1099 3361 1201 3426 sancti
1224 3358 1311 3426 Petri
1333 3360 1487 3447 principis
1512 3359 1742 3446 apostolorum,
1763 3376 1813 3445 pro
1894 3404 1895 3412 ι

651 3492 713 3559 quo
738 3472 895 3559 legatione
915 3474 1068 3558 fungeris,
1092 3474 1257 3561 privilegio
1281 3476 1364 3543 sedis
1388 3476 1579 3563 apostolicae
1601 3472 1813 3543 sublimatum*

651 3610 721 3657 esse
742 3596 876 3674 constat,
898 3590 945 3656 ita
967 3590 1064 3657 etiam
1086 3596 1214 3659 nostae
1238 3593 1435 3659 auctoritatis
1458 3596 1627 3679 praecepto
1647 3591 1814 3671 roboretur,

650 3705 771 3792 placuit
791 3705 883 3772 nobis
906 3706 1111 3791 petitionibus
1133 3708 1198 3774 tuis
1222 3728 1384 3775 assensum
1403 3708 1563 3795 praebere.
1598 3707 1643 3775 Et
1657 3706 1727 3775 ideo
1741 3706 1815 3773 bauo

650 3825 778 3887 nostrae
805 3822 1037 3908 praeceptionis
1065 3822 1179 3891 seriem
1207 3823 1248 3889 ob
1278 3824 1428 3891 bonorem
1451 3824 1511 3891 Dei
1534 3829 1566 3891 et
1589 3824 1814 3891 venerationem

651 3936 754 4003 saneti
780 3935 868 4004 Petri
901 3937 1057 4005 conscribi
1086 3939 1247 4006 iussimus.
1288 3938 1350 4007 Per
1383 3958 1478 4025 quam
1511 3938 1712 4027 priuilegium
1737 3936 1815 4006 sedis

652 4052 859 4139 apostolicae,
882 4074 902 4121 a
923 4053 1015 4122 beato
1037 4052 1191 4122 Zacharia
1214 4056 1273 4123 tibi
1296 4054 1460 4140 nodatum,
1485 4074 1556 4122 oum
1579 4074 1732 4124 consensu
1754 4053 1814 4139 epi·

651 4186 819 4254 scoparum
841 4175 1097 4256 caeterorumque
1119 4170 1258 4239 fidelium
1282 4178 1461 4239 nostrorum
1485 4192 1543 4259 per
1565 4172 1673 4239 omnia
1693 4170 1813 4238 robora

652 4302 738 4365 mus3
761 4286 1002 4373 praecipientes,
1026 4292 1062 4353 ut
1084 4286 1190 4353 nullus
1213 4288 1412 4357 sacerdotum
1434 4288 1469 4355 iu
1491 4308 1588 4372 reguo
1610 4292 1719 4355 uostm
1739 4284 1814 4351 disi·

651 4398 737 4467 uitus
765 4400 856 4469 uobis
884 4422 1032 4469 oenomao
1059 4403 1094 4469 in
1121 4404 1265 4490 praefato
1293 4403 1484 4472 monasterio
1509 4404 1661 4473 ditionem
1684 4402 1813 4489 aliquam

724 4582 745 4616 a.
765 4583 811 4631 qua
825 4588 846 4617 c.
923 4570 946 4617 b.
966 4570 1102 4619 subbmatuu
1118 4590 1139 4619 a.

722 4674 748 4729 1.
771 4674 839 4730 nuo.
853 4674 952 4745 roca.
1053 4678 1080 4732 a
1104 4674 1139 4733 v.
1158 4676 1225 4733 nae.
1239 4678 1264 4747 1,
1276 4678 1319 4733 aa.
1417 4679 1443 4734 a.
1467 4678 1502 4736 v.
1520 4680 1696 4750 menapum
1713 4669 1812 4743 rupim

651 4762 725 4833 ‘08⁵¹
742 4778 787 4834 Ψ·
805 4762 920 4819 Drouke
938 4762 1007 4820 (lod.
1025 4762 1136 4835 diplom.
1155 4764 1300 4823 rutenus
1316 4782 1345 4837 p.
1356 4766 1383 4822 4.
