4342 6034
591 795 619 842 s.
635 793 811 841 eoumann
831 793 877 840 an
898 793 1001 841 noum
1022 793 1211 841 nnmnouun
1235 793 1265 840 os
1450 777 1513 842 169

435 934 625 1002 Confitemur
647 954 753 1001 coram
769 933 836 1000 Deo
856 939 888 1002 et
902 935 1019 1000 sanctis
1035 933 1170 1018 angelis:
1194 937 1278 1020 quia,
1302 935 1514 1021 quandocum-
1532 942 1673 999 744-747

356 1071 409 1136 que
433 1052 676 1138 prosperitatem
697 1055 837 1116 ommam
866 1055 899 1116 et
919 1049 1014 1115 iidem
1036 1051 1070 1116 in
1093 1050 1161 1117 Deo
1185 1057 1217 1117 et
1239 1070 1336 1138 opera
1357 1052 1440 1118 bona
1462 1071 1514 1117 co·

355 1185 416 1232 ram
443 1165 511 1233 Deo
539 1172 572 1234 et
598 1165 778 1232 hominibus
805 1185 863 1251 per
891 1165 1019 1231 nuntios
1047 1165 1156 1232 fideles
1186 1167 1390 1250 audivimus,
1420 1167 1513 1251 quod,

355 1281 420 1347 inde
440 1281 611 1365 gaudentes
635 1288 667 1348 et
689 1301 747 1367 pro
769 1280 858 1346 vobis
881 1286 1018 1364 orantes,
1044 1281 1120 1349 lacti
1143 1283 1262 1365 guatias
1286 1283 1408 1366 agimus
1430 1281 1514 1363 Deo;

356 1397 541 1482 postulantes
569 1403 602 1464 et
631 1397 831 1463 obsecrantes
854 1395 1044 1462 salvatorem
1066 1397 1192 1481 mnndi,
1220 1402 1257 1463 ut
1278 1417 1350 1482 ves,
1380 1397 1514 1484 sospites

356 1513 435 1578 etin
456 1511 519 1580 tide
542 1513 671 1580 stabiles
694 1514 781 1579 etin
803 1511 951 1599 operibus
974 1531 1080 1579 eoram
1104 1513 1171 1580 Deo
1193 1519 1311 1596 rectos,
1339 1513 1373 1578 in
1395 1513 1514 1600 princi-

355 1635 422 1714 patu
443 1629 610 1695 christiani
632 1628 742 1715 populi
764 1627 857 1713 longo
880 1634 1022 1714 tempore
1044 1628 1209 1694 custodiat
1255 1628 1386 1706 Quando
1410 1635 1515 1695 autem

355 1744 450 1828 eliqua
463 1745 642 1812 dilectionis
657 1750 782 1811 vestrae
794 1744 922 1826 iniuuia,
945 1743 985 1809 de
999 1749 1085 1809 statn
1099 1745 1189 1826 regni
1204 1744 1321 1810 ursatiib
1336 1745 1387 1810 vel
1402 1751 1516 1812 eventu

354 1858 497 1926 bellorum
521 1860 615 1944 faeta,
639 1866 704 1942 ant,
727 1861 811 1944 quod
832 1860 936 1925 mains
959 1863 1016 1942 est,
1040 1858 1079 1924 de
1103 1859 1203 1926 salute
1221 1861 1344 1926 animae
1360 1859 1514 1947 periculo·

354 1995 415 2041 sum
437 1976 590 2042 damnum
611 1981 829 2062 perpetratum
850 1995 909 2061 per
926 1973 1068 2040 auditum
1084 1974 1125 2041 ad
1140 1995 1197 2042 nos
1213 1995 1312 2060 usqne
1326 1977 1516 2062 pervenerit,

353 2113 466 2160 merore
489 2096 524 2159 et
546 2092 678 2158 tristitia
699 2111 757 2156 nos
779 2085 931 2172 cruciat¹3
956 2090 1030 2175 quia
1052 2090 1167 2173 gaudio
1190 2097 1314 2158 vesmo⁶
1336 2092 1370 2158 in
1386 2091 1446 2158 Dei
1461 2111 1516 2156 vo·

354 2207 465 2275 lmtate
487 2208 722 2292 congaudemus
745 2212 777 2273 et
799 2205 1002 2272 adversitatid
1025 2207 1258 2273 connistamur.

432 2325 625 2390 Audivimus
648 2323 743 2406 enim,
767 2321 851 2407 quod
873 2321 1108 2387 elimosinarum
1131 2321 1270 2409 plurima
1283 2323 1391 2390 facias.
1425 2323 1469 2390 Et
1483 2324 1517 2390 in

353 2439 405 2505 loc
430 2438 705 2523 congratulamnr3
734 2438 822 2522 qaia,
851 2438 906 2522 qni
928 2437 1110 2504 elimosinas
1132 2439 1273 2505 minimis
1295 2440 1446 2506 fnanibus
1468 2441 1517 2506 in·

353 2555 526 2638 agentibus
554 2554 712 2637 tribuunt,
741 2555 830 2620 iuxta
856 2553 1021 2620 veritatem
1044 2554 1260 2637 euangelicam
1281 2555 1315 2620 in
1338 2555 1389 2622 die
1410 2556 1520 2622 iudicii

353 2671 536 2739 clementem
558 2671 748 2737 sententiam
772 2689 792 2734 a
812 2668 950 2735 Domino
973 2669 1110 2736 audituri
1134 2676 1222 2755 sunt,
1253 2669 1389 2738 dicente:
1416 2671 1519 2754 Quom

354 2790 404 2854 dio
415 2791 545 2875 sectatae
567 2791 628 2853 cni
649 2811 687 2852 ec
707 2786 1015 2872 micimiafrototdaa
1030 2790 1117 2868 mdo,
1141 2781 1386 2873 midisociatta²3
1408 2792 1517 2868 venite,

353 2905 515 2971 benedicti·
533 2907 641 2992 paceo
662 2906 734 2984 ma,
753 2905 911 2990 percipite
931 2925 1072 2989 requam,
1098 2905 1184 2988 qood
1205 2903 1291 2969 vobo
1308 2916 1461 2990 paratam
1476 2915 1521 2968 cet

353 3021 388 3086 od
409 3024 536 3108 angiae
556 3012 694 3084 mondi⁸.
763 3017 952 3084 Audivimus
975 3037 1114 3102 quoque:
1138 3018 1222 3103 quod
1243 3017 1328 3084 lauta
1351 3023 1383 3084 et
1403 3017 1519 3102 iniqui-

352 3141 442 3220 tates,
468 3135 614 3222 perinria
635 3138 669 3198 et
690 3132 818 3218 rapinae
840 3133 965 3200 fortiter
986 3133 1165 3219 prohibeas,
1188 3139 1221 3200 ct
1242 3133 1387 3201 defensor
1409 3131 1520 3198 vidua·

351 3271 416 3316 rom
438 3257 472 3318 et
496 3269 673 3337 pauperum
696 3267 765 3314 csse
787 3249 970 3332 dinosceris,
994 3254 1027 3315 et
1047 3269 1158 3336 pacem
1182 3249 1354 3316 stabilitam
1374 3249 1408 3314 in
1422 3267 1519 3331 regno

353 3369 402 3432 tuo
421 3366 553 3434 habeas.
587 3364 631 3431 Et
651 3366 686 3430 in
708 3365 768 3430 hoc
790 3383 923 3449 quoqne,
946 3364 1112 3431 laudantes
1134 3365 1247 3449 Deum,
1271 3364 1372 3450 gavisi
1394 3383 1518 3445 sumus3

354 3483 422 3566 quia
448 3485 524 3569 ipsa
551 3481 669 3547 veritas
696 3486 729 3546 et
755 3499 820 3566 pax
846 3484 971 3563 nostra,
1001 3501 1082 3565 quae
1107 3480 1170 3548 est‘
1192 3479 1352 3564 Chiistus,
1380 3479 1518 3546 dicebat:

353 3599 442 3666 Beati
461 3599 619 3685 pacifici⁸‚
644 3599 796 3682 quomam
810 3597 878 3680 fito·
899 3597 966 3662 Dei
987 3592 1208 3663 oocodoator⁴.

435 3713 502 3780 Sed
523 3714 609 3778 inter
629 3711 724 3777 haec¹²
747 3731 810 3777 una
831 3711 934 3778 malae
958 3711 1187 3779 aestimationis
1208 3711 1295 3778 fama
1316 3711 1356 3777 de
1373 3711 1439 3776 vita
1453 3710 1521 3796 pie-

353 3829 423 3895 tatis
438 3834 566 3895 voetrae
581 3827 622 3894 ad
637 3827 780 3892 auditum
795 3832 939 3893 nostrum
953 3829 1107 3913 peruenit,
1132 3847 1194 3912 qua
1209 3826 1326 3910 audita,
1343 3825 1521 3892 contiistati

354 3963 468 4010 sumus.
503 3943 547 4010 Et
569 3943 657 4008 illam
680 3947 827 4028 optamm
849 3961 913 4008 non
935 3943 1034 4011 fnisse
1055 3962 1174 4010 veram.
1209 3941 1318 4009 Multis
1341 3943 1425 4008 enim
1447 3962 1520 4008 nar·

354 4061 502 4143 rantibus,
526 4063 713 4145 conpertum
735 4063 785 4124 est
797 4057 905 4123 nobis:
929 4059 1013 4143 qnod
1027 4079 1200 4143 numquam
1215 4059 1390 4142 legitimam
1404 4058 1437 4123 in
1452 4077 1520 4123 ma-

353 4175 534 4242 trimonium
554 4194 687 4240 uxorem
701 4173 855 4240 duxisses.
891 4170 996 4252 Quod‘
1012 4195 1033 4240 a
1046 4174 1173 4241 domino
1189 4173 1256 4240 Deo
1272 4174 1311 4240 ab
1326 4175 1396 4260 ipso
1411 4172 1522 4239 muudi

355 4291 525 4373 primordio
547 4291 754 4356 constitutam
776 4294 834 4373 est,
857 4294 894 4355 nt
914 4309 973 4376 per
996 4291 1171 4377 apostolum
1196 4290 1257 4356 Dei
1274 4289 1407 4356 Paulum
1429 4309 1521 4375 prae-

423 4543 445 4576 a.
464 4529 570 4576 andimus
586 4532 613 4577 C.
675 4528 698 4575 b.
717 4529 765 4575 vim
780 4532 816 4584 M,
831 4529 855 4574 vi
871 4531 898 4583 C,
913 4527 939 4575 ἦ
949 4529 977 4576 7.
1039 4542 1060 4575 c.
1078 4530 1158 4576 nostro
1175 4532 1209 4574 M.
1272 4527 1294 4574 d.
1316 4527 1453 4574 :laenitate
1464 4527 1521 4574 MV.

357 4623 376 4652 a
394 4613 490 4670 seq-iu:
505 4623 579 4669 neque
598 4607 679 4656 muudi
693 4611 716 4654 ln
732 4609 790 4656 MV.
867 4607 884 4654 t
904 4625 947 4654 on.
964 4611 991 4655 c.
1067 4621 1090 4666 g.
1111 4607 1201 4667 pacifici
1220 4620 1293 4667 usqne
1308 4605 1448 4654 vocabuntur
1465 4607 1522 4654 MV.

356 4684 379 4732 b.
397 4705 440 4734 οι.
453 4691 511 4738 MV.

426 4795 450 4848 1.
467 4811 506 4849 sc.
517 4793 617 4848 iniuria
627 4791 822 4847 vacaneum.
894 4793 920 4844 2.
938 4789 1034 4846 llatth.
1047 4791 1091 4861 25,
1103 4791 1147 4846 40.
1218 4791 1245 4846 3.
1264 4788 1305 4846 Os.
1318 4787 1413 4844 Matth.
1424 4789 1467 4858 25,
1478 4789 1521 4844 34.

358 4879 534 4952 tuscos,
547 4883 573 4936 9.
663 4882 689 4936 5.
712 4879 923 4936 matrimonium.
