4342 6034
639 780 706 847 260
882 797 911 844 s.
925 797 1103 845 normann
1124 798 1168 844 nn
1190 798 1294 845 annm
1315 797 1503 845 nrrsrouaa
1527 798 1571 843 ror

638 939 750 1005 limina
772 944 954 1005 sanctorum
977 938 1193 1025 apostolorum
1214 939 1372 1025 presbiter
1393 939 1522 1024 quidam
1537 938 1638 1005 mirae
1653 937 1815 1003 abstinen-

638 1056 703 1121 tiae
725 1059 758 1121 et
780 1055 974 1138 sanctitatis,
1004 1056 1128 1139 generis
1152 1054 1324 1139 Saxonum,
1347 1055 1475 1120 nomine
1497 1053 1674 1120 Wilbrord·
1696 1060 1731 1119 et
1753 1053 1814 1119 alio

638 1170 766 1237 nomine
790 1170 934 1237 Clemens
963 1175 1112 1252 vocatus3
1143 1190 1235 1256 quem
1263 1171 1427 1257 praefatus
1450 1190 1535 1257 papa
1556 1171 1742 1255 episcopum
1765 1190 1815 1234 or-

567 1291 620 1345 696
639 1282 778 1352 dinavit¹
801 1290 833 1353 et
855 1286 895 1352 ad
917 1286 1180 1373 praedicandam
1203 1306 1361 1372 paganam
1384 1292 1510 1369 gentem
1525 1285 1695 1351 Fresorum
1711 1290 1815 1351 trans

638 1402 728 1468 misit
749 1402 783 1467 in
805 1401 981 1469 littoribus⁶
1005 1402 1135 1469 oceani*¹
1158 1401 1289 1469 occidui.
1336 1402 1412 1485 Qui,
1440 1422 1499 1488 per
1526 1403 1572 1467 50
1598 1421 1699 1467 annos
1723 1421 1815 1487 prae-

639 1518 758 1601 dicans,
783 1518 960 1603 praefatam
983 1523 1108 1602 gentem
1125 1518 1295 1584 Fresornm
1317 1517 1459 1583 maxima
1481 1538 1520 1583 ex
1542 1522 1634 1603 parte
1657 1516 1816 1582 convertit
1929 1529 1930 1560 t

640 1634 680 1699 ad
709 1632 802 1699 fidem
827 1632 961 1717 Christi,
990 1634 1064 1700 fana
1094 1640 1126 1701 et
1154 1634 1294 1700 dilubra·
1318 1632 1476 1699 destruxit
1500 1638 1533 1699 et
1554 1631 1720 1699 ecclesias‘
1742 1651 1815 1697 ron-

639 1750 771 1832 struxit,
806 1754 838 1814 et
873 1749 980 1815 sedem
1009 1748 1220 1835 episcopalem
1249 1756 1281 1815 et
1310 1748 1474 1815 ecclesiam
1502 1750 1536 1814 in
1564 1748 1685 1814 honore
1714 1747 1815 1814 sancti
1929 1719 1930 1792 i

639 1863 813 1931 salvatoris
836 1864 1030 1931 constituens
1053 1864 1087 1929 in
1109 1863 1177 1930 loco
1201 1870 1234 1931 et
1248 1864 1377 1931 castello
1392 1864 1477 1949 qnod
1491 1863 1607 1930 dicitur
1623 1863 1814 1929 Traiectum.

637 1979 681 2046 Et
702 1981 736 2047 in
758 1980 815 2047 illa
837 1981 911 2047 sede
935 1985 983 2046 et⁸
1007 1980 1158 2045 ecelesiah
1182 1982 1283 2046 sancti
1300 1979 1485 2063 salvatoris,
1509 2000 1603 2064 quam
1626 1980 1815 2061 construxit,

637 2096 824 2183 praedicans
853 2116 953 2181 usque
982 2096 1020 2161 ad
1050 2095 1186 2161 debilem
1222 2102 1415 2162 senectutem
1448 2096 1634 2182 permansit
1680 2096 1727 2162 Et
1756 2094 1816 2161 sibi

638 2212 889 2299 corepiscopum*
913 2212 952 2277 ad
981 2212 1190 2277 ministerium
1223 2212 1419 2297 implendum
1448 2212 1626 2292 substituit3
1655 2216 1688 2278 et
1715 2210 1816 2276 finitis

568 2334 619 2387 739
638 2326 791 2411 longevae
814 2328 898 2394 vitae
922 2327 1048 2411 diebus,
1072 2328 1106 2392 in
1128 2346 1207 2413 pace
1229 2328 1379 2411 migravit
1400 2328 1440 2393 ad
1462 2327 1645 2393 Dominum.

727 2442 878 2529 Princeps
902 2449 1008 2509 autem
1030 2442 1224 2508 Francorum
1247 2442 1457 2509 Carlmannus
1479 2442 1715 2509 commendavit
1737 2441 1816 2507 mihi

639 2558 746 2625 sedem
768 2558 857 2625 illam
880 2558 920 2625 ad
935 2558 1189 2625 constituendum
1210 2564 1243 2625 et
1263 2558 1473 2625 ordinandum
1494 2560 1689 2646 episcopum.
1726 2556 1818 2636 Quod

639 2680 671 2741 et
692 2669 780 2741 feci'.

568 2803 620 2858 755
726 2790 818 2857 Nunc
853 2794 958 2857 autem
988 2788 1190 2856 Colonensis¹
1218 2790 1385 2876 episcopus
1419 2790 1508 2855 illam
1542 2790 1650 2857 sedem
1677 2790 1819 2877 praefati

638 2906 778 2993 episcopi
801 2904 987 2990 Clementis,
1013 2925 1032 2970 a
1055 2905 1165 2988 Sergio
1187 2925 1273 2992 papa
1295 2881 1449 2989 ordinati,
1474 2906 1535 2972 sibi
1557 2911 1693 2993 usurpat
1716 2911 1751 2972 et
1776 2905 1818 2972 ad

638 3041 672 3087 se
694 3022 853 3108 pertinere
876 3022 953 3088 dicit
975 3027 1106 3108 propter
1127 3021 1334 3088 fundamenta
1348 3022 1513 3087 cuiusdam
1527 3022 1707 3089 destructae
1722 3042 1743 3088 a
1759 3043 1819 3109 pa·

637 3138 728 3221 ganis
756 3137 959 3221 ecclesiolae¹,
988 3158 1082 3223 quam
1106 3135 1303 3203 Wilbrordus
1332 3137 1476 3203 demtum
1498 3158 1598 3223 usqne
1621 3137 1663 3203 ad
1685 3138 1818 3203 solum·¹

636 3256 671 3321 in
698 3255 827 3322 castello
851 3254 995 3320 Treiecto
1022 3254 1180 3339 repperit,
1208 3258 1241 3319 et
1269 3273 1340 3319 eam
1367 3254 1497 3340 proprio
1524 3253 1634 3319 labore
1656 3273 1677 3319 a
1698 3254 1818 3322 funda·

637 3376 743 3437 mento
771 3370 949 3437 construxit
976 3373 1008 3434 et
1037 3370 1070 3434 in
1098 3368 1216 3434 honore
1239 3370 1341 3435 sancti
1364 3368 1494 3435 Martini
1516 3370 1723 3435 consecravit
1772 3368 1819 3435 Et

636 3486 748 3553 refert:
773 3484 855 3571 qued
879 3484 918 3551 ab
943 3485 1070 3568 antiquo
1094 3504 1168 3567 rege
1190 3484 1384 3551 Francorum
1407 3480 1624 3568 Dagcbercto⁸
1647 3484 1818 3551 castellum

638 3604 816 3669 Traiectum
844 3622 916 3668 cum
944 3599 1105 3666 destructa
1132 3600 1265 3666 ecclesia
1293 3601 1332 3666 ad
1361 3600 1587 3667 (tolonensem'¹
1613 3599 1819 3687 parrochiam

637 3720 786 3785 denatum
809 3718 843 3783 in
867 3738 905 3783 ea
927 3716 1106 3783 conditione
1125 3716 1248 3800 fuisset,
1271 3721 1307 3781 ut
1330 3717 1496 3803 episcopus
1519 3715 1722 3783 Colonensis⁰
1738 3737 1819 3800 gen-

637 3841 703 3901 tem
724 3834 894 3900 Fresorum
918 3832 958 3898 ad
980 3832 1075 3898 fidem
1099 3831 1217 3898 Christi
1240 3837 1439 3899 converteret
1461 3838 1494 3899 et
1516 3852 1625 3897 eorum
1648 3832 1817 3917 praedica·

638 3954 688 4015 tor
711 3954 802 4015 esset.
844 3946 934 4026 Quod
957 3955 988 4015 et
1009 3950 1079 4035 ipse
1101 3968 1166 4014 non
1187 3948 1271 4014 iecit.
1310 3947 1383 4013 Non
1405 3948 1627 4034 praedicavit‘,
1650 3968 1715 4013 non
1738 3968 1817 4014 con·

638 4065 734 4131 vertit
761 4064 874 4131 Fresos
908 4065 949 4131 ad
980 4064 1075 4131 fidem
1106 4064 1245 4145 Christi3
1280 4064 1335 4130 sed
1369 4084 1495 4149 pagana
1526 4062 1702 4148 permansit
1735 4084 1818 4147 gens

637 4179 818 4265 Fresorum,
841 4201 939 4266 usque
964 4181 1045 4265 quod
1069 4180 1266 4247 venerandus
1290 4180 1433 4265 pontifex
1455 4178 1617 4246 Romanae
1639 4178 1723 4245 sedis
1740 4178 1817 4246 Ser·

711 4327 732 4359 a,
753 4312 857 4360 Wilbrod
877 4318 902 4361 C.
1011 4315 1033 4360 h.
1057 4312 1235 4373 praedicandum
1257 4316 1283 4360 C.
1393 4326 1413 4358 c
1435 4310 1541 4357 litoribus
1564 4316 1603 4367 Μ,
1626 4311 1743 4358 fitteribns
1765 4312 1818 4360 CV.

639 4392 661 4439 d.
682 4393 756 4439 aciani
774 4393 802 4440 V.
873 4408 892 4439 a.
914 4410 971 4440 corr.
987 4398 1009 4441 tn
1026 4393 1122 4440 delubra
1139 4397 1165 4441 C.
1231 4392 1249 4439 f.
1269 4392 1379 4439 exclesias
1397 4391 1424 4438 V.
1492 4404 1516 4449 g.
1534 4391 1559 4437 in
1575 4392 1634 4439 add.
1650 4394 1676 4440 C.
1744 4390 1771 4437 h.
1793 4395 1819 4437 et

638 4472 737 4519 enclesis
755 4474 782 4520 V.
860 4474 875 4519 i.
896 4476 931 4520 ric
947 4474 1017 4520 codd.
1034 4490 1117 4519 omnes.
1194 4471 1218 4517 k,
1239 4489 1296 4517 corr.
1312 4475 1336 4517 ia
1352 4470 1494 4519 coloniensis
1511 4475 1538 4519 C.
1607 4471 1624 4517 i.
1645 4470 1769 4517 emesiola
1781 4476 1818 4525 Μ,

638 4552 773 4599 exclesiolce
792 4554 819 4599 V.
905 4566 934 4599 m.
957 4552 1029 4599 solam
1048 4553 1105 4606 MV,
1127 4569 1184 4597 corr.
1200 4554 1223 4597 a'n
1243 4550 1317 4597 solum
1334 4554 1361 4598 C.
1447 4564 1470 4597 n.
1492 4568 1550 4597 corr.
1565 4554 1589 4596 r'a
1610 4549 1770 4599 colomam
1789 4553 1816 4599 C.

639 4644 660 4676 o.
681 4631 820 4677 Golonenses
837 4635 871 4685 M,
888 4648 945 4677 cerr.
961 4634 984 4677 in
1000 4630 1143 4677 (heleniensis
1160 4633 1187 4677 C.
1264 4644 1287 4689 p.
1308 4629 1474 4689 praeiudicavit
1490 4632 1518 4677 V.

711 4719 735 4770 1.
760 4718 812 4772 696
830 4717 900 4771 Nor.
919 4717 961 4770 22.
990 4716 1024 4770 V.
1043 4715 1165 4783 Regesta
1186 4720 1263 4784 pont
1281 4715 1360 4770 Rom.
1382 4732 1411 4785 p.
1431 4717 1491 4769 172.
1593 4716 1619 4769 2.
1643 4713 1817 4770 Bonifatium

640 4803 857 4875 ,chorepiscopo
869 4802 966 4859 Eoban
985 4803 1135 4859 iniunxisse
1153 4804 1321 4873 episcopium
1340 4804 1369 4858 in
1386 4802 1454 4858 urbe
1465 4802 1598 4874 Trehct“,
1616 4802 1730 4858 aedidit
1745 4804 1817 4859 Wil-

637 4891 755 4947 tibaldus
773 4893 801 4947 in
818 4892 877 4947 vita
894 4888 1032 4947 Bonifatii.
1122 4892 1148 4946 3.
1171 4892 1193 4947 1.
