4342 6034
612 784 660 833 u
681 784 838 835 ermom
859 786 940 832 vrrs
962 784 990 832 s
1006 784 1183 833 nomnen
1414 766 1481 835 49¹1

326 924 442 1009 nultos,
470 942 550 1009 quos
573 928 667 991 antea
687 924 852 992 eonstituit
872 925 1052 1013 episeopos,
1081 924 1116 992 in
1139 924 1252 1010 quibus
1276 930 1366 993 eruut
1388 946 1482 993 vene-

325 1039 426 1107 rabiles
447 1040 509 1107 viri
525 1038 727 1108 Williboldus
748 1045 782 1108 et
802 1040 1018 1125 Burghardus‚
1039 1060 1173 1126 quornm
1196 1040 1336 1128 priorem
1357 1042 1391 1107 in
1413 1041 1482 1109 looo

324 1154 416 1223 Eunt
436 1161 618 1243 nunonpato
641 1156 835 1243 episcopum,
859 1156 956 1223 alium
970 1177 1046 1224 vero
1065 1157 1101 1223 in
1115 1156 1194 1223 urbe
1210 1176 1289 1242 quae
1304 1154 1484 1241 wirciburg

324 1272 425 1337 dieitur
449 1272 632 1359 episeopum
661 1272 840 1356 eonstituit‚
869 1278 946 1339 tune
972 1272 1091 1359 quippe
1114 1270 1301 1355 Gregorium
1324 1272 1364 1339 ad
1386 1272 1484 1339 Treth

324 1387 482 1475 episeopali
503 1387 614 1454 ordine
632 1393 850 1454 consecratum
864 1388 992 1472 direxit,
1013 1386 1142 1455 Lullum
1158 1388 1254 1455 etiam
1270 1388 1302 1455 in
1318 1387 1484 1472 Mogonois

322 1503 380 1588 ipse
401 1502 502 1569 adhm
523 1503 633 1571 vivens
657 1504 719 1570 sibi
741 1504 925 1588 subrogavit
946 1503 1139 1591 episcopum.

398 1616 499 1685 Multa
524 1618 652 1704 quidem
674 1626 707 1686 et
728 1620 792 1687 alia
813 1625 890 1686 tune
913 1620 952 1687 ab
975 1639 1012 1685 eo
1034 1624 1125 1703 gesta
1148 1624 1223 1686 sumt
1243 1619 1277 1685 in
1301 1616 1482 1702 Germania,

322 1754 392 1817 quae
417 1734 451 1799 in
482 1734 625 1820 epistolis
654 1736 873 1803 tantummodo
901 1736 1106 1803 inveniuntur
1128 1736 1257 1821 scripta.
1292 1732 1383 1803 Unde
1404 1734 1484 1803 libet

264 1828 268 1836 ’
321 1848 446 1917 inserere
469 1850 620 1937 epistolas
643 1852 780 1935 easdem,
801 1850 854 1918 rel
876 1872 895 1917 a
917 1856 1027 1918 saneto
1048 1850 1211 1917 Bonifatio
1235 1849 1276 1915 ad
1297 1848 1483 1916 Zachariam

320 1985 436 2051 papam,
459 1967 514 2050 qui
536 1988 595 2053 per
616 1967 701 2033 idem
716 1972 841 2055 tempus
857 1968 964 2034 sedem
981 1966 1188 2054 apostolieum
1204 1966 1409 2050 gubernabat,
1433 1962 1484 2031 vel

320 2078 354 2145 ab
373 2081 481 2147 eodem
495 2080 648 2149 Zaoharia
670 2083 710 2149 ad
732 2082 822 2148 illum
845 2102 902 2149 seu
920 2104 977 2169 pre
993 2083 1049 2149 illo
1065 2082 1106 2148 ad
1123 2080 1279 2169 quoslibet
1294 2079 1483 2147 Germaniae

319 2196 469 2283 principes
482 2198 697 2283 transmissas,
713 2218 792 2283 quas
806 2198 1013 2285 undeeunqne
1028 2198 1177 2282 colligere
1191 2190 1369 2284 possumus.
1400 2195 1483 2263 Nam

318 2310 396 2396 illas,
432 2333 511 2399 quas
538 2314 580 2380 ad
608 2316 710 2398 gentis
740 2334 817 2381 snae
843 2315 978 2403 populos
1005 2315 1039 2381 id
1067 2320 1117 2381 eet
1144 2312 1266 2397 Anglos
1295 2312 1482 2396 transmisit,

319 2429 561 2512 praetermittere
589 2429 750 2512 volumus3
779 2452 820 2497 ne
847 2430 1025 2515 legentibus
1048 2430 1176 2515 aliquod
1198 2429 1319 2496 tedium
1341 2428 1483 2505 oonierre

318 2543 473 2611 videamur
505 2564 577 2611 enm
611 2545 739 2631 alienis,
773 2547 913 2613 maxime
946 2566 1018 2613 oum
1052 2546 1143 2613 nobis
1179 2544 1338 2613 suffitiant
1364 2550 1482 2611 nostra.

318 2656 426 2725 Nostra
447 2666 554 2727 autem
576 2661 657 2746 dieo,
680 2682 761 2746 quae
781 2682 840 2748 pro
855 2662 998 2755 patribus
1016 2663 1146 2745 nostris,
1170 2660 1337 2728 Germanis
1353 2658 1483 2743 scilieet,

318 2774 468 2841 salvandis
490 2777 621 2863 scripsit
640 2777 691 2843 rel
714 2778 754 2844 ab
772 2777 837 2843 ullo
852 2779 972 2865 scripto
985 2778 1116 2864 recepit
1152 2776 1187 2843 in
1204 2777 1317 2862 quibus
1333 2776 1484 2841 nimirum

317 2891 451 2976 epistolis
472 2893 611 2959 maxime
633 2898 739 2979 potest
761 2894 903 2977 agnosei:
928 2900 1078 2979 quantam
1100 2912 1208 2959 euram
1224 2898 1258 2959 et
1272 2890 1483 2978 disciplinam,

317 3014 461 3090 quantam
482 3009 708 3094 paternitatem
730 3014 764 3076 et
784 3010 937 3096 pietatem
959 3008 1107 3076 habuerit
1129 3008 1214 3075 eirea
1232 3026 1340 3074 omnes
1356 3012 1484 3073 sanotae

317 3123 478 3191 seeelesiee
509 3122 609 3207 lilios,
643 3144 722 3209 quos
750 3126 906 3211 ipseper
934 3124 1134 3209 euangelium
1163 3119 1303 3207 geunit¹3
1339 3122 1484 3207 quodque

316 3236 398 3305 iuxta
420 3239 600 3326 apostolum
622 3239 769 3307 omnibns
791 3242 898 3307 emnia
918 3241 1020 3307 laetus
1044 3240 1104 3324 sit,
1131 3244 1167 3306 ut
1188 3258 1297 3306 omnes
1319 3238 1483 3305 luerilaee·

316 3352 383 3419 ret’.
415 3354 508 3422 Unde
530 3355 722 3422 confidenter
743 3356 824 3440 dieo,
848 3358 932 3441 quia,
957 3356 1134 3441 quicunque
1149 3354 1286 3423 filiorum
1302 3355 1379 3438 eius,
1403 3350 1482 3420 Ger·

316 3488 475 3537 munorum
496 3468 653 3554 videlieet,
677 3473 786 3556 agnito
808 3472 891 3538 tanti
912 3473 1014 3558 patris
1037 3470 1144 3538 labore
1167 3470 1217 3537 vel
1233 3470 1415 3557 exscriptis
1431 3468 1481 3536 vel

316 3586 490 3669 vulgaribus
512 3586 622 3671 dietis,
651 3607 714 3653 non
736 3608 810 3655 eum
832 3593 1074 3673 quantaeunque
1095 3586 1259 3674 praevalet
1280 3586 1481 3653 veneratione

317 3702 519 3787 ampleetitnr‚
541 3703 576 3769 in
597 3702 726 3790 honore,
750 3723 843 3789 quem
865 3704 1051 3790 parentibus
1074 3703 1223 3771 exhibere
1245 3702 1400 3785 iubemur,
1423 3720 1480 3767 ne·

315 3814 428 3901 gligens
450 3818 620 3886 invenitur.
655 3818 774 3897 Quodsi
796 3820 989 3903 negligentia
1010 3824 1175 3905 peecatum
1199 3824 1248 3885 est
1270 3824 1302 3885 et
1315 3822 1481 3904 peeeatum

316 3950 401 4000 omne
427 3935 576 4021 punitur,
607 3934 801 4019 negligentia
828 3955 903 4019 ergo
931 3934 1027 4001 simul
1053 3934 1214 4021 punienda
1243 3934 1391 4001 ereditur.
1429 3932 1481 3999 Ad

316 4044 385 4115 haee
406 4051 519 4134 etiarn,
543 4050 571 4115 si
592 4050 683 4117 iuxta
704 4050 882 4137 apostolum
906 4057 1013 4138 patres
1035 4050 1139 4117 earnis
1163 4055 1290 4116 nostrae
1313 4050 1480 4116 habuimus

316 4164 483 4232 eruditores
506 4171 539 4232 ot
559 4162 808 4250 reverebamnr⁸‚
831 4186 935 4233 nonne
954 4166 1055 4232 multo
1075 4167 1177 4249 magis
1193 4165 1480 4252 obtemperabimus

315 4281 393 4361 patri
414 4282 606 4368 spirituum?
626 4280 722 4349 Pater
738 4302 876 4367 namque
890 4282 1065 4369 spiritualis
1079 4302 1143 4349 nou
1159 4281 1261 4349 solum
1277 4281 1363 4349 Deus
1379 4282 1480 4347 emni-

315 4400 419 4477 potens
443 4396 574 4483 dieitur,
601 4398 658 4465 sed
679 4398 777 4464 eliam
798 4417 924 4482 omnes,
948 4418 1082 4483 quornm
1105 4396 1250 4464 doetrina
1272 4402 1304 4463 et
1326 4396 1480 4482 exemplis

315 4510 351 4575 ad
372 4514 562 4596 agnitionem
584 4514 728 4581 veritatis
749 4514 947 4598 instruimur,
970 4514 1012 4581 ad
1032 4512 1238 4581 stabilitatem
1253 4512 1415 4596 religionis
1430 4512 1479 4577 in·

315 4625 450 4696 titamm.
485 4628 575 4697 Siout
596 4634 629 4696 et
642 4628 805 4695 Abraham
827 4628 867 4695 ob
886 4628 961 4696 fidei
976 4629 1214 4714 obedientieqne
1230 4647 1305 4693 suae
1319 4629 1478 4711 meritum,

315 4744 427 4813 emotis
447 4744 648 4831 imitandum,
671 4750 763 4833 pater
784 4745 926 4813 omnium
948 4746 1051 4812 dietim
1074 4748 1124 4811 est
1145 4745 1179 4810 in
1201 4743 1326 4810 Christo
1348 4741 1478 4809 ereden-

380 4878 404 4931 1.
429 4875 471 4932 ct.
490 4876 679 4947 leonatus,
693 4879 736 4933 15.
813 4878 839 4933 2.
865 4874 907 4932 Gi.
927 4878 942 4931 1
955 4876 1076 4933 corinth⁸
1090 4876 1116 4945 9,
1129 4876 1172 4930 22.
1247 4876 1274 4929 3.
1298 4872 1382 4931 Hebr.
1396 4874 1439 4943 12,
1451 4874 1477 4929 9.

354 4972 430 5026 suni,
445 4976 588 5021 neamus·
602 4976 641 5020 111.
1228 4972 1264 5027 32
