4342 6034
572 831 599 878 s.
614 829 792 880 sosmsrrr
812 830 857 878 nr
879 829 982 878 tumr
1004 829 1190 878 arrsroosu
1214 830 1252 876 os.
1265 829 1295 876 oo
1458 812 1520 878 161

357 972 434 1054 eius,
468 976 501 1037 et
527 981 701 1058 supernae·
728 969 926 1037 Hierusalem
957 969 1096 1054 gloriosa
1124 969 1241 1054 gaudia
1267 969 1433 1056 speculari.
1479 969 1690 1038 Eleusa-na

356 1093 481 1174 propter
499 1087 567 1170 hoc,
590 1086 629 1154 de
645 1087 803 1172 sapientia
816 1093 872 1153 tua
886 1090 919 1153 et
932 1085 1089 1172 patientia
1104 1085 1273 1170 confidens,
1297 1085 1406 1152 credo:
1430 1085 1522 1170 quiab

355 1203 410 1268 too
430 1201 518 1269 Deus
547 1202 588 1268 ad
613 1202 792 1289 proiectum
813 1203 967 1268 virtutum
993 1207 1026 1269 et
1048 1202 1089 1267 ad
1112 1207 1314 1285 augmentum
1337 1201 1522 1268 meritorum

355 1317 408 1383 tibi
430 1317 580 1401 dedisset,
604 1323 637 1384 et
658 1323 696 1384 ιιι
717 1337 754 1384 eo
775 1319 879 1402 magis
901 1317 1097 1403 spiritalibus
1120 1317 1219 1384 oculis
1242 1337 1280 1384 sa
1299 1317 1475 1403 conspicias
1491 1321 1524 1384 et

356 1433 520 1518 desideres,
547 1453 628 1518 quae
649 1433 806 1520 praecipit
827 1438 860 1500 et
881 1432 985 1517 diligit
1007 1432 1104 1517 Deus,
1129 1437 1160 1500 et
1183 1453 1220 1499 eo
1243 1433 1347 1498 minus
1369 1433 1523 1518 respicias

356 1548 401 1614 rel
421 1548 636 1634 concupiscas,
660 1568 741 1633 quae
763 1567 827 1614 nou
850 1554 937 1615 amat
959 1548 1015 1614 sed
1030 1548 1197 1615 interdixit
1210 1547 1306 1615 Deus.
1341 1547 1423 1626 Quid
1439 1549 1524 1615 cuim

355 1669 423 1729 suut
442 1664 508 1730 isto
530 1663 707 1750 periculoso
729 1669 873 1750 tempore
895 1665 1074 1751 corporales
1099 1664 1180 1730 ocrrli
1202 1664 1274 1748 nisi,
1297 1669 1334 1730 ιιι
1347 1665 1394 1729 ita
1409 1664 1522 1748 dicam,

355 1779 508 1845 maxima·
531 1785 685 1866 exparte
699 1781 853 1846 ueraciter
875 1780 1032 1847 fenestrae
1054 1785 1265 1866 peccatorum,
1289 1799 1346 1866 per
1369 1799 1446 1864 quas
1470 1785 1525 1846 ant

354 1894 407 1960 ad‘
428 1900 563 1981 peccata
584 1900 618 1961 et
639 1895 680 1962 ad
701 1902 867 1982 pereuntes
890 1896 1062 1983 aspicimus
1085 1901 1156 1980 aut,
1181 1896 1264 1980 quod
1287 1896 1377 1984 peius
1401 1899 1459 1979 est,
1484 1895 1524 1960 sd

355 2029 408 2076 uos
441 2011 532 2098 ipsos
564 2010 685 2095 flagitia
717 2012 952 2078 considerantes
986 2017 1019 2079 et
1047 2012 1269 2098 concupientes
1299 2011 1523 2077 sonnatium.

356 2125 463 2193 Valere
492 2128 695 2194 sanctitatem
721 2133 860 2194 vestram
889 2133 922 2195 et
947 2147 1007 2214 pro
1034 2147 1087 2194 mo
1116 2147 1207 2195 orare
1235 2127 1278 2214 in,
1297 2125 1422 2194 Christo
1453 2125 1525 2192 dili-

356 2248 461 2324 genter
484 2247 572 2329 opto.

359 2452 415 2522 56.
437 2457 565 2524 Daniel
599 2459 763 2543 epsicopus
798 2455 1008 2522 Vintona'ensia
1042 2456 1211 2542 Bonffoto'o
1244 2457 1419 2542 respondet.
1470 2455 1527 2520 Ad

434 2575 707 2658 perseverantium
736 2572 888 2638 tortam.
939 2573 992 2638 De
1024 2573 1197 2638 sacerdotio
1234 2571 1465 2637 homicidarum
1499 2583 1528 2636 et

440 2688 676 2764 odnderornm
704 2689 743 2752 de
768 2691 984 2754 conmunione
1000 2688 1166 2772 fanornm
1186 2687 1333 2772 fratensis
1355 2709 1419 2752 non
1443 2689 1528 2752 deoi-

440 2805 554 2870 tnndo.
591 2801 722 2872 Gratim
744 2806 784 2868 da
807 2803 1019 2870 emulatione
1040 2807 1133 2889 opa't'.
1160 2800 1196 2883 (S
1207 2821 1279 2888 pag.
1291 2803 1367 2886 299,
1391 2799 1459 2868 WG
1474 2801 1527 2882 13)

439 2936 583 3003 Domino
613 2937 869 3002 reverentissimo
898 2941 931 3002 st
957 2937 1070 3002 merito
1101 2936 1140 3002 ab
1171 2934 1314 3002 omnibus
1344 2933 1696 3002 ochodoxiserae-ns

359 3052 576 3140 amplectando
583 3051 602 3135 ¹,
637 3051 806 3138 multiplici
833 3052 966 3119 scientia
992 3051 1216 3137 variorumque
1243 3051 1397 3116 virtutum
1426 3050 1529 3134 grafia

359 3169 523 3253 insiguiter
548 3168 710 3252 decorato,
737 3167 897 3234 Bonifatio
928 3168 1164 3255 archiepiscopo
1186 3166 1316 3250 Daniel,
1345 3165 1405 3232 Dei
1427 3163 1529 3251 plebis

358 3283 510 3368 famulus,
539 3283 785 3350 sincerissimam
811 3285 846 3350 iu
874 3283 1028 3368 Domino,
1064 3289 1178 3351 cuncta
1205 3283 1364 3350 caelorum
1391 3281 1530 3349 eulmina
1634 3271 1639 3279 ’

359 3399 633 3487 superemineant
655 3399 799 3467 salutem.

442 3515 551 3583 Lectis
578 3515 693 3582 littoris
722 3535 743 3582 a
768 3520 826 3581 tua
846 3515 1044 3581 iratemitate
1066 3513 1276 3598 transmissis,
1306 3513 1441 3579 multum
1463 3533 1529 3580 mo-

359 3649 427 3696 rore
453 3631 606 3696 commoti
634 3650 756 3713 sumus3
788 3631 889 3716 quodl
911 3630 972 3696 hoc
993 3629 1173 3696 amantibus
1194 3627 1404 3696 intollerabile
1426 3629 1529 3695 meum

359 3743 466 3831 fuerit,
490 3747 520 3812 si
542 3745 607 3830 his,
631 3767 652 3813 a
672 3745 786 3832 quibus
809 3749 971 3830 amantur,
995 3745 1116 3830 aliquid
1137 3745 1330 3812 incommodi
1351 3744 1527 3829 configerit

360 3859 523 3938 Quaedam
550 3867 659 3928 tanam
685 3861 954 3945 consolationem,
982 3862 1089 3948 sepius
1111 3861 1323 3946 resolventes,
1352 3860 1529 3926 invenimus

360 3976 392 4042 iu
414 3997 466 4044 eo:
491 3978 576 4064 quod
596 3978 697 4044 hosts
719 3977 826 4044 callidi
846 3977 1075 4044 inextricabilis
1099 3977 1216 4044 astutia
1236 3995 1435 4062 nequaquam
1449 3975 1530 4043 ritus

361 4091 526 4177 relegionis
548 4099 672 4160 restrae
694 4099 784 4160 nuta
805 4093 957 4160 violentia
979 4099 1011 4159 et
1031 4098 1097 4159 tam
1120 4093 1217 4160 variis
1241 4092 1395 4160 bellorum
1410 4113 1466 4159 seu
1481 4111 1531 4158 er·

361 4227 466 4274 rorum
494 4209 745 4296 oppositionibus
774 4229 832 4295 per
865 4207 1015 4276 sublimes
1049 4209 1248 4276 sacerdotum
1278 4207 1328 4274 vel
1355 4211 1531 4276 ceterorum

364 4341 628 4410 quorumcumque
647 4323 855 4412 reproborum
868 4345 1021 4412 personas
1035 4345 1218 4412 expugnare
1233 4324 1445 4411 temptaverit,
1468 4323 1531 4389 nisi

364 4439 455 4506 ctiam
477 4441 511 4508 in
532 4437 607 4508 illa¹
627 4441 758 4508 maioris
779 4441 887 4507 meriti
906 4439 1126 4508 excellentiam
1141 4445 1334 4526 agnosceret
1369 4438 1460 4506 Unde
1474 4457 1531 4506 vos

433 4666 453 4699 u.
472 4655 676 4716 nperritam.
740 4654 764 4700 b.
784 4653 846 4714 quod
863 4657 897 4702 11.
964 4667 985 4702 c.
1005 4655 1156 4721 munimen.
1221 4652 1243 4700 d.
1265 4653 1400 4700 adanu.
1463 4665 1483 4698 a.
1503 4667 1532 4696 es

367 4733 394 4776 Ι
407 4731 530 4790 ιι-Ίιο,
552 4737 574 4782 c
588 4733 697 4781 ti-tt.
724 4735 778 4783 Sine
797 4735 908 4781 mate.
987 4733 1005 4781 ι
1025 4751 1082 4781 oon.
1099 4738 1121 4782 tn
1143 4732 1300 4793 amplectando
1322 4735 1348 4780 c.
1424 4743 1446 4789 g.
1466 4743 1531 4791 prse-

367 4811 469 4860 niun
484 4817 511 4862 C.
587 4813 612 4860 h.
631 4813 687 4874 quia
702 4816 729 4862 C.
806 4813 822 4860 i.
842 4812 1021 4861 consulationem
1038 4817 1073 4862 n.

435 4917 459 4972 1.
479 4918 612 4988 religione
628 4921 730 4974 vesus

409 5013 484 5066 luri.
498 5017 642 5062 Bibliotheca
656 5017 695 5061 lli.
1287 5013 1315 5067 ll
