4342 6034
597 742 624 789 s.
640 741 816 789 nonnosum
838 743 882 791 nn
905 744 1006 790 cunm
1028 744 1319 792 semronitarum
1481 732 1544 797 183

370 880 446 948 citor
467 880 720 969 proclamantes,
748 903 819 950 reos
848 904 1076 969 senonense,
1104 889 1181 952 tuno
1210 906 1282 953 cum
1310 889 1543 974 probatissimis
1570 900 1622 955 747

369 1002 460 1083 stirne
484 998 743 1085 prudentissimis
767 999 994 1084 sacerdotibus,
1018 1000 1141 1067 duobus
1164 1001 1214 1068 vel
1229 1002 1341 1088 tribus,
1364 1005 1543 1090 praedictos
1561 973 1633 1021 ω

368 1114 405 1181 ad
432 1134 492 1181 nos
524 1114 680 1199 dirigitis·
709 1115 809 1199 viros,
843 1120 880 1181 ιιι
911 1116 1069 1205 profunda
1097 1117 1303 1203 inquisitione
1331 1139 1439 1186 coram
1469 1121 1544 1189 sede

368 1229 545 1317 apostolica
559 1250 666 1297 eoram
683 1230 862 1316 inquiratur
877 1250 973 1297 causa
987 1236 1029 1317 et,
1045 1233 1136 1299 iuxta
1150 1234 1235 1318 quod
1249 1235 1433 1319 meruerint,
1448 1234 1545 1301 finem

368 1346 554 1432 suscipiant.
601 1346 671 1430 Age
693 1347 816 1431 itaque,
846 1346 1050 1415 dilectissime
1080 1349 1195 1432 fratem
1222 1350 1257 1414 in
1284 1350 1461 1417 ministerio
1485 1352 1544 1419 tibi

368 1462 548 1545 commisso,
571 1467 607 1527 ut
630 1462 669 1529 ab
693 1463 908 1549 omnipotente
922 1462 1002 1547 Deo,
1025 1465 1181 1531 mercedis
1202 1465 1361 1551 premium
1376 1468 1543 1555 recipiens,

368 1583 532 1645 aeternam
555 1578 654 1645 vitam
684 1578 833 1662 consequi
856 1580 1017 1645 merearis.
1064 1578 1151 1646 Deus
1174 1586 1206 1647 te
1228 1580 1416 1648 incolomem
1439 1588 1544 1650 custo

368 1694 448 1778 diat,
472 1692 732 1761 reverentissime
755 1698 788 1759 et
809 1694 1027 1761 sanctissimel
1050 1696 1158 1762 frater.
1193 1695 1279 1763 Data
1300 1696 1408 1765 Nonas
1430 1698 1544 1766 lanua·

367 1808 444 1894 rias,
479 1810 662 1897 imperante
691 1808 823 1875 domuo⁰
853 1809 997 1897 piissimo
1027 1817 1160 1896 angusto
1190 1811 1398 1879 Constantino
1427 1835 1447 1881 a
1474 1814 1543 1881 Deo

368 1930 518 1991 coronato
548 1945 662 2009 magno
691 1924 882 2011 imperatore
910 1946 992 1993 anno
1023 1922 1093 2013 28¹,
1122 1933 1196 2015 post
1228 1927 1446 1995 consulatumd
1475 1931 1543 1997 eius

368 2060 448 2109 anno
473 2044 507 2127 6,
532 2041 704 2109 indictione
727 2040 838 2126 quinta
860 2041 992 2108 decima

370 2252 428 2323 64.
452 2255 645 2341 Bonnfotiaa
672 2254 834 2321 monartio
857 2254 1151 2322 Frdteslorienoiboa
1169 2270 1246 2343 post
1272 2256 1424 2343 Wipdcrti
1445 2258 1469 2323 I
1486 2260 1543 2324 od-

454 2372 541 2438 boae
563 2384 693 2437 monem
710 2384 883 2457 praecepto
906 2374 987 2436 aas.
1180 2370 1215 2451 (S
1236 2373 1286 2456 17,
1309 2367 1350 2438 W
1367 2373 1419 2457 79,
1444 2370 1543 2456 Ges)

454 2502 640 2571 Carissimis
660 2502 734 2569 filiis
750 2502 893 2570 Tatwino
910 2509 941 2570 et
956 2502 1119 2588 Wigberto
1142 2505 1337 2591 presbiteris,
1360 2504 1544 2575 Bernhardo
1612 2509 1663 2563 747

369 2624 398 2687 et
418 2619 571 2705 Hiedde‘,
600 2618 788 2686 Ηιιιιιιίιιιοε
811 2624 843 2686 et
866 2618 1011 2705 Stirmel,
1041 2618 1221 2687 Bonifaoius
1249 2642 1357 2689 servus
1381 2642 1544 2691 serrorum
1559 2583 1712 2643 mmm

367 2736 425 2804 Dei
447 2756 623 2825 perennem
647 2736 681 2801 in
705 2734 841 2802 Domino
865 2735 1009 2801 salutem.

451 2852 593 2920 Paterno
617 2871 723 2917 amore
747 2850 947 2918 dilectionem
969 2856 1109 2918 vestram
1133 2851 1277 2935 obsecro,
1306 2858 1342 2919 ut
1365 2873 1401 2919 eo
1424 2855 1544 2922 maiore

369 3019 441 3036 .....
448 2970 454 3005 ¹
477 2967 713 3035 monasterialis
735 2987 881 3033 normam
903 2967 988 3034 vitae
1009 2966 1167 3033 custodire
1187 2968 1350 3052 studeatis,
1375 2990 1436 3054 quo
1451 2976 1544 3056 pater

368 3084 491 3153 nosterl
506 3079 705 3169 Wigbertus²
718 3082 882 3150 defunctus
903 3089 960 3149 est.
1029 3080 1211 3166 Wigbertus
1230 3084 1387 3170 presbiter
1409 3091 1442 3153 et
1454 3085 1543 3153 Men·

369 3202 514 3287 gingotus
538 3200 689 3267 diaconus
715 3197 857 3283 regulam
881 3202 1020 3265 vestram
1042 3198 1132 3265 vobis
1154 3199 1329 3284 insinuent,
1361 3204 1393 3267 et
1415 3202 1543 3289 spirita·

368 3315 422 3384 les¹
445 3311 560 3384 horas⁸
584 3321 616 3383 et
642 3335 770 3381 cursum
798 3314 969 3381 aecclesiae
997 3314 1193 3398 custodiant,
1223 3320 1256 3381 et
1283 3321 1404 3383 eeteros
1434 3317 1543 3384 admo-

370 3439 478 3519 neant,
503 3436 537 3501 et
558 3430 704 3515 magistri
727 3430 791 3497 sint
813 3430 981 3514 infantum,
1005 3435 1037 3497 et
1058 3430 1222 3517 predicent
1244 3432 1375 3498 verbum
1395 3430 1457 3499 Dei
1477 3431 1542 3498 ira-

370 3549 477 3617 tribus.
577 3547 699 3613 Hiedde
727 3546 769 3613 sit
796 3545 976 3633 prepositus
1006 3551 1039 3612 et
1067 3564 1174 3613 servos
1202 3552 1327 3613 nostros
1356 3548 1540 3629 admoneat3

370 3668 400 3729 et
424 3662 618 3731 llunfrithus
648 3662 776 3729 adiuvet
802 3660 909 3746 illum,
942 3661 1132 3747 ubicumque
1160 3682 1239 3748 opus
1267 3664 1318 3728 sit.
1415 3661 1542 3749 Styrme

370 3780 400 3845 in
421 3780 560 3867 coquina
582 3780 632 3846 sit
722 3776 924 3845 Bernhardus
948 3778 1111 3865 operarius
1135 3778 1177 3845 sit
1195 3784 1227 3845 et
1246 3776 1389 3845 aedificet
1410 3777 1542 3844 domuu-

438 3936 459 3969 ι
484 3924 575 3968 κνηίη
591 3920 734 3979 dirigatisC.
812 3920 834 3965 b.
852 3920 1082 3967 etsanctissimeom.
1096 3924 1131 3967 M.
1203 3934 1224 3967 o.
1239 3923 1318 3967 nostro
1329 3922 1398 3967 addis
1408 3925 1444 3977 M,
1460 3938 1502 3967 on.
1515 3924 1541 3969 C.

372 4000 392 4045 d
411 4002 457 4062 imp
478 4004 512 4057 M,
528 4000 618 4060 imperti
635 4002 660 4049 C.
684 4002 772 4059 Scripsi
786 4001 840 4059 post
855 3999 1007 4055 consulatum
1024 4018 1044 4045 o.
1062 4018 1133 4058 snpra
1147 4017 1171 4059 p.
1182 4000 1220 4046 17.
1283 4015 1303 4046 e.
1323 4018 1353 4045 ex
1368 4004 1398 4047 M
1412 4000 1541 4055 sao-89,

373 4082 392 4127 θ
406 4080 434 4127 70
442 4082 528 4133 -7ου,
547 4080 605 4127 Vs.
630 4082 736 4127 hama:
751 4078 808 4125 Item
824 4078 922 4137 epistola
935 4078 1048 4125 Bonilacii
1063 4078 1231 4139 archiepiscopi
1247 4081 1325 4127 ΜΨ.
1385 4079 1402 4126 f.
1420 4078 1490 4125 ledda
1507 4082 1541 4126 Μ.

372 4171 392 4215 g.
411 4160 523 4207 lluufrido
540 4162 596 4207 MC.
667 4158 691 4205 lu.
713 4148 798 4219 Stlrme
815 4160 842 4207 C.
903 4158 919 4203 i.
941 4170 994 4205 cura
1009 4178 1029 4207 a.
1045 4158 1164 4218 diligentia
1178 4161 1291 4207 excidisse
1305 4160 1400 4207 nideror.
1462 4158 1485 4205 k.
1502 4172 1541 4205 ra·

373 4240 417 4285 star
431 4244 467 4287 M.
544 4239 560 4283 l.
581 4238 702 4298 spiratales
720 4238 747 4285 V.

440 4346 466 4399 1.
489 4343 573 4398 immo
591 4344 634 4412 27,
659 4358 685 4397 v.
706 4356 789 4411 supra
805 4356 833 4410 p.
847 4342 889 4396 19.
979 4342 1005 4396 2.
1029 4342 1043 4397 1
1061 4340 1148 4397 abbas
1165 4340 1393 4411 Friteslariensis,
1417 4339 1540 4411 „quem“

374 4431 456 4501 nquit
474 4432 569 4500 Lupus
587 4431 768 4487 Ferrariensis
786 4430 814 4484 in
832 4429 891 4485 vita
902 4429 1037 4499 Wigberti
1056 4429 1196 4494 (ldabillon
1213 4430 1287 4485 Aeta
1303 4428 1353 4485 SS.
1365 4429 1424 4485 ord
1436 4428 1540 4485 Bened.

376 4534 442 4575 suec
455 4520 496 4576 ΠΙ
508 4520 538 4575 Ρ.
548 4520 562 4574 l
574 4520 637 4587 675)
652 4519 771 4590 „beatus
783 4516 940 4573 Bonifatius
953 4548 987 4559 -·
1000 4534 1109 4574 summa
1118 4519 1295 4574 veneratione
1307 4518 1440 4587 suspexit,
1457 4517 1540 4587 qnod,

376 4610 404 4661 nt
423 4614 488 4665 natu
514 4609 612 4679 maior,
636 4608 680 4663 ille
698 4607 797 4663 studiis
814 4606 959 4677 domasset
976 4610 1040 4662 aute
1058 4606 1190 4662 divinis“.
1216 4605 1353 4676 wigberti
1371 4610 1486 4661 mortem
1504 4605 1542 4660 ad

377 4710 469 4752 annum
488 4698 541 4753 747
560 4694 681 4752 referunt
698 4695 820 4751 Anndes
837 4694 1117 4765 weissenburgenses
1134 4700 1164 4750 et
1179 4694 1332 4765 Lamberti,
1355 4695 1429 4754 ldon.
1447 4694 1539 4749 Germ.

378 4780 421 4839 SS.
438 4786 476 4841 111
488 4786 538 4857 353
557 4784 593 4841 sd
611 4786 683 4841 diem
703 4786 737 4840 13
749 4784 869 4854 Augusti
886 4782 1032 4839 Hrabanus
1044 4784 1164 4853 Maurus,
1184 4782 1353 4839 atlantion
1368 4783 1418 4838 tl.
1436 4799 1465 4853 p.
1478 4782 1539 4838 673.

378 4870 401 4925 t.
422 4888 443 4929 s.
460 4874 608 4931 mnonicas
624 4873 714 4946 horas,
732 4874 750 4929 i.
763 4889 787 4930 e.
806 4872 1019 4944 supplicationes
1036 4872 1157 4929 diurnas
