<?xml version="1.0" encoding="UTF-8"?>
<!DOCTYPE html PUBLIC "-//W3C//DTD XHTML 1.0 Transitional//EN"
    "http://www.w3.org/TR/xhtml1/DTD/xhtml1-transitional.dtd">
<html xmlns="http://www.w3.org/1999/xhtml" xml:lang="en" lang="en">
 <head>
  <title>
</title>
<meta http-equiv="Content-Type" content="text/html;charset=utf-8" />
  <meta name='ocr-system' content='tesseract 3.04.00' />
  <meta name='ocr-capabilities' content='ocr_page ocr_carea ocr_par ocr_line ocrx_word'/>
</head>
<body>
  <div class='ocr_page' id='page_1' title='image "./monumentamogunt00lulgoog/monumentamogunt00lulgoog_0534.png"; bbox 0 0 4342 6034; ppageno 0'>
   <div class='ocr_carea' id='block_1_1' title="bbox 697 824 1506 891">
    <p class='ocr_par' dir='ltr' id='par_1_1' title="bbox 697 824 1506 891">
     <span class='ocr_line' id='line_1_1' title="bbox 697 824 1506 891; baseline -0.001 0"><span class='ocrx_word' id='word_1_1' title='bbox 697 824 763 891; x_wconf 85' lang='grc'>516</span> <span class='ocrx_word' id='word_1_2' title='bbox 1050 842 1240 891; x_wconf 80' lang='lat' dir='ltr'>nruronsus</span> <span class='ocrx_word' id='word_1_3' title='bbox 1262 843 1308 891; x_wconf 84' lang='lat' dir='ltr'>nn</span> <span class='ocrx_word' id='word_1_4' title='bbox 1331 842 1358 891; x_wconf 92' lang='lat' dir='ltr'>s.</span> <span class='ocrx_word' id='word_1_5' title='bbox 1376 842 1506 891; x_wconf 82' lang='lat' dir='ltr'>snvnso</span> 
     </span>
    </p>
   </div>
   <div class='ocr_carea' id='block_1_2' title="bbox 625 982 1891 4659">
    <p class='ocr_par' dir='ltr' id='par_1_2' title="bbox 625 982 1891 3544">
     <span class='ocr_line' id='line_1_2' title="bbox 625 982 1843 1070; baseline 0 -21"><span class='ocrx_word' id='word_1_6' title='bbox 625 994 678 1049; x_wconf 77' lang='lat' dir='ltr'>stu</span> <span class='ocrx_word' id='word_1_7' title='bbox 784 982 919 1050; x_wconf 85' lang='lat' dir='ltr'>Evolnto</span> <span class='ocrx_word' id='word_1_8' title='bbox 943 987 1047 1049; x_wconf 88' lang='lat' dir='ltr'>autom</span> <span class='ocrx_word' id='word_1_9' title='bbox 1070 984 1230 1069; x_wconf 88' lang='lat' dir='ltr'>aliquanto</span> <span class='ocrx_word' id='word_1_10' title='bbox 1253 988 1404 1070; x_wconf 89' lang='lat' dir='ltr'>tempore,</span> <span class='ocrx_word' id='word_1_11' title='bbox 1427 984 1529 1049; x_wconf 86' lang='lat' dir='ltr'>idem·</span> <span class='ocrx_word' id='word_1_12' title='bbox 1550 984 1743 1051; x_wconf 86' lang='lat' dir='ltr'>venerandus</span> <span class='ocrx_word' id='word_1_13' title='bbox 1757 984 1843 1050; x_wconf 84' lang='lat' dir='ltr'>archi·</span> 
     </span>
     <span class='ocr_line' id='line_1_3' title="bbox 696 1097 1843 1185; baseline 0 -21"><span class='ocrx_word' id='word_1_14' title='bbox 696 1098 824 1185; x_wconf 90' lang='lat' dir='ltr'>praesnl</span> <span class='ocrx_word' id='word_1_15' title='bbox 851 1097 1014 1183; x_wconf 80' lang='lat' dir='ltr'>Dtgarius,</span> <span class='ocrx_word' id='word_1_16' title='bbox 1050 1098 1159 1165; x_wconf 86' lang='lat' dir='ltr'>rolens</span> <span class='ocrx_word' id='word_1_17' title='bbox 1193 1106 1318 1166; x_wconf 87' lang='lat' dir='ltr'>sanctas</span> <span class='ocrx_word' id='word_1_18' title='bbox 1348 1099 1418 1165; x_wconf 89' lang='lat' dir='ltr'>illas</span> <span class='ocrx_word' id='word_1_19' title='bbox 1448 1098 1598 1185; x_wconf 76' lang='lat' dir='ltr'>reliquias</span> <span class='ocrx_word' id='word_1_20' title='bbox 1627 1098 1684 1166; x_wconf 69' lang='lat' dir='ltr'>ad*</span> <span class='ocrx_word' id='word_1_21' title='bbox 1713 1100 1843 1165; x_wconf 81' lang='lat' dir='ltr'>maiorem</span> 
     </span>
     <span class='ocr_line' id='line_1_4' title="bbox 698 1213 1845 1301; baseline -0.001 -21"><span class='ocrx_word' id='word_1_22' title='bbox 698 1215 780 1280; x_wconf 88' lang='lat' dir='ltr'>sacri</span> <span class='ocrx_word' id='word_1_23' title='bbox 802 1213 904 1280; x_wconf 87' lang='lat' dir='ltr'>cultus</span> <span class='ocrx_word' id='word_1_24' title='bbox 926 1216 1160 1281; x_wconf 81' lang='lat' dir='ltr'>uenerationem</span> <span class='ocrx_word' id='word_1_25' title='bbox 1183 1214 1354 1301; x_wconf 75' lang='lat' dir='ltr'>perlucere,</span> <span class='ocrx_word' id='word_1_26' title='bbox 1378 1235 1451 1281; x_wconf 87' lang='lat' dir='ltr'>ossa</span> <span class='ocrx_word' id='word_1_27' title='bbox 1473 1216 1573 1283; x_wconf 88' lang='lat' dir='ltr'>sancti</span> <span class='ocrx_word' id='word_1_28' title='bbox 1597 1215 1705 1283; x_wconf 86' lang='lat' dir='ltr'>Severi</span> <span class='ocrx_word' id='word_1_29' title='bbox 1726 1220 1845 1281; x_wconf 87' lang='lat' dir='ltr'>transto-</span> 
     </span>
     <span class='ocr_line' id='line_1_5' title="bbox 696 1328 1845 1417; baseline 0.001 -22"><span class='ocrx_word' id='word_1_30' title='bbox 696 1329 735 1395; x_wconf 95' lang='lat' dir='ltr'>lit</span> <span class='ocrx_word' id='word_1_31' title='bbox 761 1331 795 1395; x_wconf 92' lang='lat' dir='ltr'>in</span> <span class='ocrx_word' id='word_1_32' title='bbox 818 1329 1024 1414; x_wconf 84' lang='lat' dir='ltr'>Thuringiam</span> <span class='ocrx_word' id='word_1_33' title='bbox 1053 1330 1094 1395; x_wconf 88' lang='lat' dir='ltr'>ad</span> <span class='ocrx_word' id='word_1_34' title='bbox 1122 1328 1224 1396; x_wconf 87' lang='lat' dir='ltr'>locum</span> <span class='ocrx_word' id='word_1_35' title='bbox 1253 1330 1407 1415; x_wconf 81' lang='lat' dir='ltr'>regalem,</span> <span class='ocrx_word' id='word_1_36' title='bbox 1438 1332 1492 1417; x_wconf 89' lang='lat' dir='ltr'>qni</span> <span class='ocrx_word' id='word_1_37' title='bbox 1515 1336 1644 1398; x_wconf 82' lang='lat' dir='ltr'>vocatur</span> <span class='ocrx_word' id='word_1_38' title='bbox 1666 1330 1845 1417; x_wconf 80' lang='lat' dir='ltr'>Erphesfurl,</span> 
     </span>
     <span class='ocr_line' id='line_1_6' title="bbox 697 1446 1847 1533; baseline -0.001 -22"><span class='ocrx_word' id='word_1_39' title='bbox 697 1446 919 1513; x_wconf 77' lang='lat' dir='ltr'><strong>comitantibus</strong></span> <span class='ocrx_word' id='word_1_40' title='bbox 946 1446 1131 1533; x_wconf 86' lang='lat' dir='ltr'>presbiteris</span> <span class='ocrx_word' id='word_1_41' title='bbox 1154 1450 1186 1512; x_wconf 91' lang='lat' dir='ltr'>et</span> <span class='ocrx_word' id='word_1_42' title='bbox 1207 1446 1329 1513; x_wconf 82' lang='lat' dir='ltr'>clericis</span> <span class='ocrx_word' id='word_1_43' title='bbox 1353 1446 1469 1512; x_wconf 86' lang='lat' dir='ltr'>diversi</span> <span class='ocrx_word' id='word_1_44' title='bbox 1493 1448 1612 1513; x_wconf 90' lang='lat' dir='ltr'>ordinis</span> <span class='ocrx_word' id='word_1_45' title='bbox 1635 1447 1785 1531; x_wconf 87' lang='lat' dir='ltr'>turbaque</span> <span class='ocrx_word' id='word_1_46' title='bbox 1801 1466 1847 1531; x_wconf 82' lang='lat' dir='ltr'>po</span> 
     </span>
     <span class='ocr_line' id='line_1_7' title="bbox 696 1560 1848 1648; baseline 0 -22"><span class='ocrx_word' id='word_1_47' title='bbox 696 1561 764 1648; x_wconf 86' lang='lat' dir='ltr'>puli</span> <span class='ocrx_word' id='word_1_48' title='bbox 793 1582 857 1628; x_wconf 93' lang='lat' dir='ltr'>non</span> <span class='ocrx_word' id='word_1_49' title='bbox 886 1561 1019 1627; x_wconf 87' lang='lat' dir='ltr'>modica</span> <span class='ocrx_word' id='word_1_50' title='bbox 1112 1560 1174 1627; x_wconf 87' lang='lat' dir='ltr'>Sed</span> <span class='ocrx_word' id='word_1_51' title='bbox 1203 1568 1370 1647; x_wconf 85' lang='lat' dir='ltr'>antequam</span> <span class='ocrx_word' id='word_1_52' title='bbox 1399 1563 1623 1629; x_wconf 88' lang='lat' dir='ltr'>sacratissimi·</span> <span class='ocrx_word' id='word_1_53' title='bbox 1647 1564 1766 1628; x_wconf 86' lang='lat' dir='ltr'>cineres</span> <span class='ocrx_word' id='word_1_54' title='bbox 1786 1560 1848 1627; x_wconf 91' lang='lat' dir='ltr'>illuc</span> 
     </span>
     <span class='ocr_line' id='line_1_8' title="bbox 697 1676 1848 1765; baseline -0.001 -23"><span class='ocrx_word' id='word_1_55' title='bbox 697 1678 907 1761; x_wconf 84' lang='lat' dir='ltr'>pervenirent,</span> <span class='ocrx_word' id='word_1_56' title='bbox 930 1676 983 1743; x_wconf 73' lang='lat' dir='ltr'>in⁴</span> <span class='ocrx_word' id='word_1_57' title='bbox 1004 1678 1118 1743; x_wconf 90' lang='lat' dir='ltr'>itinere</span> <span class='ocrx_word' id='word_1_58' title='bbox 1141 1678 1277 1762; x_wconf 65' lang='lat' dir='ltr'>multis,</span> <span class='ocrx_word' id='word_1_59' title='bbox 1301 1677 1368 1744; x_wconf 89' lang='lat' dir='ltr'>Deo</span> <span class='ocrx_word' id='word_1_60' title='bbox 1385 1684 1545 1765; x_wconf 80' lang='lat' dir='ltr'>operante,</span> <span class='ocrx_word' id='word_1_61' title='bbox 1569 1678 1730 1744; x_wconf 76' lang='lat' dir='ltr'>miraculis</span> <span class='ocrx_word' id='word_1_62' title='bbox 1746 1676 1848 1745; x_wconf 86' lang='lat' dir='ltr'>clarno-</span> 
     </span>
     <span class='ocr_line' id='line_1_9' title="bbox 695 1792 1846 1880; baseline -0.001 -22"><span class='ocrx_word' id='word_1_63' title='bbox 695 1798 786 1874; x_wconf 83' lang='lat' dir='ltr'>runt3</span> <span class='ocrx_word' id='word_1_64' title='bbox 817 1813 950 1877; x_wconf 90' lang='lat' dir='ltr'>quornm</span> <span class='ocrx_word' id='word_1_65' title='bbox 980 1813 1082 1879; x_wconf 85' lang='lat' dir='ltr'>pauco</span> <span class='ocrx_word' id='word_1_66' title='bbox 1105 1793 1143 1859; x_wconf 89' lang='lat' dir='ltr'>de</span> <span class='ocrx_word' id='word_1_67' title='bbox 1165 1792 1308 1879; x_wconf 89' lang='lat' dir='ltr'>pluribus</span> <span class='ocrx_word' id='word_1_68' title='bbox 1331 1792 1382 1859; x_wconf 91' lang='lat' dir='ltr'>hic</span> <span class='ocrx_word' id='word_1_69' title='bbox 1405 1814 1468 1859; x_wconf 95' lang='lat' dir='ltr'>non</span> <span class='ocrx_word' id='word_1_70' title='bbox 1491 1796 1578 1880; x_wconf 84' lang='lat' dir='ltr'>piget</span> <span class='ocrx_word' id='word_1_71' title='bbox 1600 1796 1748 1860; x_wconf 89' lang='lat' dir='ltr'>inserere.</span> <span class='ocrx_word' id='word_1_72' title='bbox 1781 1792 1846 1858; x_wconf 84' lang='lat' dir='ltr'>Nan</span> 
     </span>
     <span class='ocr_line' id='line_1_10' title="bbox 697 1908 1846 1995; baseline -0.002 -20"><span class='ocrx_word' id='word_1_73' title='bbox 697 1944 739 1954; x_wconf 91' lang='lat'>-</span> <span class='ocrx_word' id='word_1_74' title='bbox 756 1909 838 1975; x_wconf 89' lang='lat' dir='ltr'>sicut</span> <span class='ocrx_word' id='word_1_75' title='bbox 860 1908 907 1975; x_wconf 93' lang='lat' dir='ltr'>illi</span> <span class='ocrx_word' id='word_1_76' title='bbox 929 1909 1115 1993; x_wconf 81' lang='lat' dir='ltr'>retulerunt,</span> <span class='ocrx_word' id='word_1_77' title='bbox 1139 1910 1192 1995; x_wconf 91' lang='lat' dir='ltr'>qui</span> <span class='ocrx_word' id='word_1_78' title='bbox 1215 1910 1315 1975; x_wconf 90' lang='lat' dir='ltr'>cidem</span> <span class='ocrx_word' id='word_1_79' title='bbox 1338 1908 1538 1975; x_wconf 90' lang='lat' dir='ltr'>translationi</span> <span class='ocrx_word' id='word_1_80' title='bbox 1561 1930 1594 1976; x_wconf 84' lang='lat' dir='ltr'>rs</span> <span class='ocrx_word' id='word_1_81' title='bbox 1617 1908 1793 1975; x_wconf 78' lang='lat' dir='ltr'>interfuisse</span> <span class='ocrx_word' id='word_1_82' title='bbox 1812 1914 1846 1973; x_wconf 82' lang='lat' dir='ltr'>te</span> 
     </span>
     <span class='ocr_line' id='line_1_11' title="bbox 696 2024 1846 2110; baseline 0 -21"><span class='ocrx_word' id='word_1_83' title='bbox 696 2024 772 2089; x_wconf 88' lang='lat' dir='ltr'>stati</span> <span class='ocrx_word' id='word_1_84' title='bbox 795 2028 927 2090; x_wconf 91' lang='lat' dir='ltr'>sunt-</span> <span class='ocrx_word' id='word_1_85' title='bbox 944 2044 1067 2091; x_wconf 88' lang='lat' dir='ltr'>sorores</span> <span class='ocrx_word' id='word_1_86' title='bbox 1092 2028 1239 2110; x_wconf 84' lang='lat' dir='ltr'>quattuor</span> <span class='ocrx_word' id='word_1_87' title='bbox 1262 2024 1301 2090; x_wconf 92' lang='lat' dir='ltr'>de</span> <span class='ocrx_word' id='word_1_88' title='bbox 1323 2024 1497 2108; x_wconf 82' lang='lat' dir='ltr'>Thuringia</span> <span class='ocrx_word' id='word_1_89' title='bbox 1519 2044 1591 2091; x_wconf 92' lang='lat' dir='ltr'>cum</span> <span class='ocrx_word' id='word_1_90' title='bbox 1613 2031 1738 2091; x_wconf 85' lang='lat' dir='ltr'>caetera</span> <span class='ocrx_word' id='word_1_91' title='bbox 1759 2024 1846 2091; x_wconf 82' lang='lat' dir='ltr'>multi</span> 
     </span>
     <span class='ocr_line' id='line_1_12' title="bbox 695 2138 1845 2226; baseline -0.001 -21"><span class='ocrx_word' id='word_1_92' title='bbox 695 2139 805 2206; x_wconf 89' lang='lat' dir='ltr'>tudina</span> <span class='ocrx_word' id='word_1_93' title='bbox 835 2138 960 2206; x_wconf 85' lang='lat' dir='ltr'>obviam</span> <span class='ocrx_word' id='word_1_94' title='bbox 989 2140 1106 2206; x_wconf 87' lang='lat' dir='ltr'>sanctis</span> <span class='ocrx_word' id='word_1_95' title='bbox 1129 2144 1283 2207; x_wconf 84' lang='lat' dir='ltr'>venerunt</span> <span class='ocrx_word' id='word_1_96' title='bbox 1304 2140 1460 2226; x_wconf 82' lang='lat' dir='ltr'>reliquiis3</span> <span class='ocrx_word' id='word_1_97' title='bbox 1490 2160 1620 2225; x_wconf 89' lang='lat' dir='ltr'>quarum</span> <span class='ocrx_word' id='word_1_98' title='bbox 1645 2160 1758 2224; x_wconf 91' lang='lat' dir='ltr'>unam,</span> <span class='ocrx_word' id='word_1_99' title='bbox 1784 2158 1845 2225; x_wconf 85' lang='lat' dir='ltr'>quse</span> 
     </span>
     <span class='ocr_line' id='line_1_13' title="bbox 695 2255 1843 2343; baseline -0.002 -23"><span class='ocrx_word' id='word_1_100' title='bbox 695 2256 798 2321; x_wconf 89' lang='lat' dir='ltr'>maior</span> <span class='ocrx_word' id='word_1_101' title='bbox 823 2260 902 2322; x_wconf 89' lang='lat' dir='ltr'>natu</span> <span class='ocrx_word' id='word_1_102' title='bbox 930 2262 1013 2340; x_wconf 89' lang='lat' dir='ltr'>erat,</span> <span class='ocrx_word' id='word_1_103' title='bbox 1043 2256 1174 2343; x_wconf 90' lang='lat' dir='ltr'>spiritns</span> <span class='ocrx_word' id='word_1_104' title='bbox 1203 2255 1359 2339; x_wconf 79' lang='lat' dir='ltr'>malignus</span> <span class='ocrx_word' id='word_1_105' title='bbox 1387 2256 1504 2322; x_wconf 86' lang='lat' dir='ltr'>invasit</span> <span class='ocrx_word' id='word_1_106' title='bbox 1532 2261 1564 2322; x_wconf 89' lang='lat' dir='ltr'>et</span> <span class='ocrx_word' id='word_1_107' title='bbox 1592 2276 1697 2322; x_wconf 87' lang='lat' dir='ltr'>coram</span> <span class='ocrx_word' id='word_1_108' title='bbox 1722 2256 1843 2323; x_wconf 82' lang='lat' dir='ltr'>omnibus</span> 
     </span>
     <span class='ocr_line' id='line_1_14' title="bbox 697 2370 1843 2455; baseline 0 -19"><span class='ocrx_word' id='word_1_109' title='bbox 697 2372 751 2455; x_wconf 89' lang='lat' dir='ltr'>qni</span> <span class='ocrx_word' id='word_1_110' title='bbox 773 2371 905 2437; x_wconf 90' lang='lat' dir='ltr'>aderant</span> <span class='ocrx_word' id='word_1_111' title='bbox 926 2372 1066 2455; x_wconf 75' lang='lat' dir='ltr'>graviter</span> <span class='ocrx_word' id='word_1_112' title='bbox 1087 2373 1224 2438; x_wconf 82' lang='lat' dir='ltr'>uexauit</span> <span class='ocrx_word' id='word_1_113' title='bbox 1320 2370 1399 2438; x_wconf 83' lang='lat' dir='ltr'>Erat</span> <span class='ocrx_word' id='word_1_114' title='bbox 1426 2376 1531 2437; x_wconf 89' lang='lat' dir='ltr'>autem</span> <span class='ocrx_word' id='word_1_115' title='bbox 1557 2370 1591 2437; x_wconf 93' lang='lat' dir='ltr'>in</span> <span class='ocrx_word' id='word_1_116' title='bbox 1615 2372 1727 2438; x_wconf 90' lang='lat' dir='ltr'>eodem</span> <span class='ocrx_word' id='word_1_117' title='bbox 1753 2373 1843 2437; x_wconf 84' lang='lat' dir='ltr'>itinere</span> 
     </span>
     <span class='ocr_line' id='line_1_15' title="bbox 696 2486 1841 2574; baseline 0.002 -23"><span class='ocrx_word' id='word_1_118' title='bbox 696 2486 854 2572; x_wconf 85' lang='lat' dir='ltr'>presbiter</span> <span class='ocrx_word' id='word_1_119' title='bbox 876 2488 1004 2572; x_wconf 87' lang='lat' dir='ltr'>quidam</span> <span class='ocrx_word' id='word_1_120' title='bbox 1026 2488 1154 2554; x_wconf 89' lang='lat' dir='ltr'>nomine</span> <span class='ocrx_word' id='word_1_121' title='bbox 1176 2486 1394 2571; x_wconf 81' lang='lat' dir='ltr'>Reginharius,</span> <span class='ocrx_word' id='word_1_122' title='bbox 1421 2492 1532 2573; x_wconf 90' lang='lat' dir='ltr'>postea</span> <span class='ocrx_word' id='word_1_123' title='bbox 1555 2486 1841 2574; x_wconf 75' lang='lat' dir='ltr'>chorepiscopus—</span> 
     </span>
     <span class='ocr_line' id='line_1_16' title="bbox 698 2602 1843 2690; baseline 0.003 -24"><span class='ocrx_word' id='word_1_124' title='bbox 698 2620 790 2685; x_wconf 92' lang='lat' dir='ltr'>qnem</span> <span class='ocrx_word' id='word_1_125' title='bbox 813 2606 849 2667; x_wconf 88' lang='lat' dir='ltr'>tu</span> <span class='ocrx_word' id='word_1_126' title='bbox 871 2622 994 2688; x_wconf 87' lang='lat' dir='ltr'>quoqne</span> <span class='ocrx_word' id='word_1_127' title='bbox 1017 2604 1201 2690; x_wconf 87' lang='lat' dir='ltr'>saepissime</span> <span class='ocrx_word' id='word_1_128' title='bbox 1223 2603 1332 2669; x_wconf 84' lang='lat' dir='ltr'>vidisti</span> <span class='ocrx_word' id='word_1_129' title='bbox 1347 2638 1389 2649; x_wconf 86' lang='lat'>-—</span> <span class='ocrx_word' id='word_1_130' title='bbox 1405 2603 1456 2669; x_wconf 89' lang='lat' dir='ltr'>cui</span> <span class='ocrx_word' id='word_1_131' title='bbox 1479 2602 1634 2669; x_wconf 88' lang='lat' dir='ltr'>Dominus</span> <span class='ocrx_word' id='word_1_132' title='bbox 1657 2608 1778 2669; x_wconf 84' lang='lat' dir='ltr'>tantam</span> <span class='ocrx_word' id='word_1_133' title='bbox 1792 2622 1843 2685; x_wconf 81' lang='lat' dir='ltr'>gro·</span> 
     </span>
     <span class='ocr_line' id='line_1_17' title="bbox 696 2716 1839 2802; baseline 0.002 -21"><span class='ocrx_word' id='word_1_134' title='bbox 696 2716 775 2782; x_wconf 90' lang='lat' dir='ltr'>tiam</span> <span class='ocrx_word' id='word_1_135' title='bbox 803 2717 837 2782; x_wconf 94' lang='lat' dir='ltr'>in</span> <span class='ocrx_word' id='word_1_136' title='bbox 866 2718 1015 2785; x_wconf 87' lang='lat' dir='ltr'>eiciendis</span> <span class='ocrx_word' id='word_1_137' title='bbox 1042 2718 1215 2784; x_wconf 86' lang='lat' dir='ltr'>daemoniis</span> <span class='ocrx_word' id='word_1_138' title='bbox 1239 2716 1386 2802; x_wconf 87' lang='lat' dir='ltr'>contulit,</span> <span class='ocrx_word' id='word_1_139' title='bbox 1419 2724 1455 2785; x_wconf 92' lang='lat' dir='ltr'>ut</span> <span class='ocrx_word' id='word_1_140' title='bbox 1480 2718 1585 2785; x_wconf 91' lang='lat' dir='ltr'>nullus</span> <span class='ocrx_word' id='word_1_141' title='bbox 1609 2718 1638 2784; x_wconf 91' lang='lat' dir='ltr'>ei</span> <span class='ocrx_word' id='word_1_142' title='bbox 1661 2719 1792 2785; x_wconf 87' lang='lat' dir='ltr'>daemon</span> <span class='ocrx_word' id='word_1_143' title='bbox 1811 2736 1839 2783; x_wconf 76' lang='lat' dir='ltr'>re</span> 
     </span>
     <span class='ocr_line' id='line_1_18' title="bbox 696 2832 1841 2919; baseline 0.002 -22"><span class='ocrx_word' id='word_1_144' title='bbox 696 2832 808 2898; x_wconf 87' lang='lat' dir='ltr'>sistere</span> <span class='ocrx_word' id='word_1_145' title='bbox 831 2832 974 2918; x_wconf 89' lang='lat' dir='ltr'>auderat,</span> <span class='ocrx_word' id='word_1_146' title='bbox 1004 2834 1080 2919; x_wconf 89' lang='lat' dir='ltr'>quin</span> <span class='ocrx_word' id='word_1_147' title='bbox 1108 2836 1216 2900; x_wconf 90' lang='lat' dir='ltr'>statim</span> <span class='ocrx_word' id='word_1_148' title='bbox 1240 2834 1413 2899; x_wconf 89' lang='lat' dir='ltr'>adnutum</span> <span class='ocrx_word' id='word_1_149' title='bbox 1437 2834 1503 2899; x_wconf 89' lang='lat' dir='ltr'>eius</span> <span class='ocrx_word' id='word_1_150' title='bbox 1527 2834 1566 2899; x_wconf 91' lang='lat' dir='ltr'>ab</span> <span class='ocrx_word' id='word_1_151' title='bbox 1589 2833 1717 2902; x_wconf 92' lang='lat' dir='ltr'>homine</span> <span class='ocrx_word' id='word_1_152' title='bbox 1739 2836 1841 2901; x_wconf 70' lang='lat' dir='ltr'>invaso*</span> 
     </span>
     <span class='ocr_line' id='line_1_19' title="bbox 697 2934 1891 3036; baseline 0.002 -23"><span class='ocrx_word' id='word_1_153' title='bbox 697 2948 807 3014; x_wconf 81' lang='lat' dir='ltr'>exiret</span> <span class='ocrx_word' id='word_1_154' title='bbox 844 2948 971 3017; x_wconf 87' lang='lat' dir='ltr'>Solebat</span> <span class='ocrx_word' id='word_1_155' title='bbox 993 2951 1077 3016; x_wconf 90' lang='lat' dir='ltr'>enim</span> <span class='ocrx_word' id='word_1_156' title='bbox 1102 2950 1215 3033; x_wconf 89' lang='lat' dir='ltr'>dicere,</span> <span class='ocrx_word' id='word_1_157' title='bbox 1240 2950 1364 3035; x_wconf 89' lang='lat' dir='ltr'>qnando</span> <span class='ocrx_word' id='word_1_158' title='bbox 1381 2949 1421 3015; x_wconf 95' lang='lat' dir='ltr'>ad</span> <span class='ocrx_word' id='word_1_159' title='bbox 1435 2948 1594 3015; x_wconf 88' lang='lat' dir='ltr'>homiuem</span> <span class='ocrx_word' id='word_1_160' title='bbox 1610 2950 1777 3017; x_wconf 66' lang='lat' dir='ltr'>daemone*</span> <span class='ocrx_word' id='word_1_161' title='bbox 1791 2968 1842 3036; x_wconf 78' lang='lat' dir='ltr'>pos</span> <span class='ocrx_word' id='word_1_162' title='bbox 1890 2934 1891 3000; x_wconf 60' lang='grc' dir='ltr'>ἶ</span> 
     </span>
     <span class='ocr_line' id='line_1_20' title="bbox 696 3048 1844 3148; baseline -0.003 -18"><span class='ocrx_word' id='word_1_163' title='bbox 696 3085 818 3131; x_wconf 85' lang='lat' dir='ltr'>sessum</span> <span class='ocrx_word' id='word_1_164' title='bbox 842 3048 1005 3132; x_wconf 67' lang='lat' dir='ltr'>accessit¹l</span> <span class='ocrx_word' id='word_1_165' title='bbox 1030 3067 1106 3132; x_wconf 82' lang='lat' dir='ltr'>Non</span> <span class='ocrx_word' id='word_1_166' title='bbox 1130 3068 1236 3147; x_wconf 81' lang='lat' dir='ltr'>nobis,</span> <span class='ocrx_word' id='word_1_167' title='bbox 1261 3066 1415 3146; x_wconf 78' lang='lat' dir='ltr'>Domine,</span> <span class='ocrx_word' id='word_1_168' title='bbox 1445 3088 1510 3131; x_wconf 79' lang='lat' dir='ltr'>noo</span> <span class='ocrx_word' id='word_1_169' title='bbox 1532 3068 1639 3148; x_wconf 77' lang='lat' dir='ltr'>nobie,</span> <span class='ocrx_word' id='word_1_170' title='bbox 1669 3070 1725 3133; x_wconf 78' lang='lat' dir='ltr'>eod</span> <span class='ocrx_word' id='word_1_171' title='bbox 1745 3068 1844 3131; x_wconf 73' lang='lat' dir='ltr'>nomini</span> 
     </span>
     <span class='ocr_line' id='line_1_21' title="bbox 697 3180 1890 3272; baseline -0.003 -26"><span class='ocrx_word' id='word_1_172' title='bbox 697 3194 749 3247; x_wconf 78' lang='lat' dir='ltr'>cuo</span> <span class='ocrx_word' id='word_1_173' title='bbox 779 3184 821 3246; x_wconf 86' lang='lat' dir='ltr'>da</span> <span class='ocrx_word' id='word_1_174' title='bbox 841 3183 989 3268; x_wconf 74' lang='lat' dir='ltr'>pieriam.</span> <span class='ocrx_word' id='word_1_175' title='bbox 1080 3180 1111 3247; x_wconf 90' lang='lat' dir='ltr'>Is</span> <span class='ocrx_word' id='word_1_176' title='bbox 1142 3202 1212 3247; x_wconf 87' lang='lat' dir='ltr'>oum</span> <span class='ocrx_word' id='word_1_177' title='bbox 1234 3180 1376 3247; x_wconf 89' lang='lat' dir='ltr'>libellum</span> <span class='ocrx_word' id='word_1_178' title='bbox 1400 3181 1567 3247; x_wconf 87' lang='lat' dir='ltr'>exorcismi</span> <span class='ocrx_word' id='word_1_179' title='bbox 1589 3202 1686 3268; x_wconf 89' lang='lat' dir='ltr'>snper</span> <span class='ocrx_word' id='word_1_180' title='bbox 1708 3181 1843 3249; x_wconf 86' lang='lat' dir='ltr'>demonia·</span> <span class='ocrx_word' id='word_1_181' title='bbox 1889 3198 1890 3272; x_wconf 66' lang='lat' dir='ltr'>l</span> 
     </span>
     <span class='ocr_line' id='line_1_22' title="bbox 697 3295 1843 3383; baseline -0.001 -21"><span class='ocrx_word' id='word_1_182' title='bbox 697 3314 767 3362; x_wconf 89' lang='lat' dir='ltr'>cam</span> <span class='ocrx_word' id='word_1_183' title='bbox 788 3296 893 3380; x_wconf 85' lang='lat' dir='ltr'>legere</span> <span class='ocrx_word' id='word_1_184' title='bbox 915 3298 1060 3383; x_wconf 83' lang='lat' dir='ltr'>cepisset,</span> <span class='ocrx_word' id='word_1_185' title='bbox 1083 3298 1215 3383; x_wconf 89' lang='lat' dir='ltr'>spiritus</span> <span class='ocrx_word' id='word_1_186' title='bbox 1239 3316 1375 3382; x_wconf 88' lang='lat' dir='ltr'>nequam</span> <span class='ocrx_word' id='word_1_187' title='bbox 1398 3317 1455 3383; x_wconf 93' lang='lat' dir='ltr'>per</span> <span class='ocrx_word' id='word_1_188' title='bbox 1478 3316 1512 3362; x_wconf 90' lang='lat' dir='ltr'>os</span> <span class='ocrx_word' id='word_1_189' title='bbox 1535 3296 1677 3363; x_wconf 90' lang='lat' dir='ltr'>mulieris</span> <span class='ocrx_word' id='word_1_190' title='bbox 1694 3298 1784 3363; x_wconf 86' lang='lat' dir='ltr'>dixit:</span> <span class='ocrx_word' id='word_1_191' title='bbox 1804 3295 1843 3361; x_wconf 76' lang='lat' dir='ltr'>m</span> 
     </span>
     <span class='ocr_line' id='line_1_23' title="bbox 698 3410 1843 3500; baseline -0.003 -22"><span class='ocrx_word' id='word_1_192' title='bbox 698 3416 772 3478; x_wconf 77' lang='lat' dir='ltr'>eicis</span> <span class='ocrx_word' id='word_1_193' title='bbox 793 3436 842 3477; x_wconf 83' lang='lat' dir='ltr'>ma</span> <span class='ocrx_word' id='word_1_194' title='bbox 864 3414 937 3478; x_wconf 80' lang='lat' dir='ltr'>binc</span> <span class='ocrx_word' id='word_1_195' title='bbox 955 3437 1018 3500; x_wconf 76' lang='lat' dir='ltr'>per</span> <span class='ocrx_word' id='word_1_196' title='bbox 1039 3414 1167 3479; x_wconf 78' lang='lat' dir='ltr'>verbam</span> <span class='ocrx_word' id='word_1_197' title='bbox 1182 3414 1319 3479; x_wconf 79' lang='lat' dir='ltr'>Domini</span> <span class='ocrx_word' id='word_1_198' title='bbox 1339 3426 1368 3478; x_wconf 86' lang='lat' dir='ltr'>et</span> <span class='ocrx_word' id='word_1_199' title='bbox 1388 3416 1500 3477; x_wconf 59' lang='lat' dir='ltr'>mesra</span> <span class='ocrx_word' id='word_1_200' title='bbox 1522 3416 1575 3479; x_wconf 83' lang='lat' dir='ltr'>aaa&#39;</span> <span class='ocrx_word' id='word_1_201' title='bbox 1587 3415 1785 3499; x_wconf 61' lang='lat' dir='ltr'>confessoria-</span> <span class='ocrx_word' id='word_1_202' title='bbox 1803 3410 1843 3475; x_wconf 86' lang='lat' dir='ltr'>sed</span> 
     </span>
    </p>

    <p class='ocr_par' dir='ltr' id='par_1_3' title="bbox 631 3530 1888 4659">
     <span class='ocr_line' id='line_1_24' title="bbox 631 3530 1842 3617; baseline -0.007 -18"><span class='ocrx_word' id='word_1_203' title='bbox 631 3594 634 3599; x_wconf 91' lang='lat'>.</span> <span class='ocrx_word' id='word_1_204' title='bbox 697 3542 867 3615; x_wconf 78' lang='lat' dir='ltr'>antequam</span> <span class='ocrx_word' id='word_1_205' title='bbox 894 3532 938 3593; x_wconf 85' lang='lat' dir='ltr'>ad</span> <span class='ocrx_word' id='word_1_206' title='bbox 957 3530 1151 3616; x_wconf 70' lang='lat' dir='ltr'>Erpbep‘am</span> <span class='ocrx_word' id='word_1_207' title='bbox 1167 3532 1352 3617; x_wconf 82' lang='lat' dir='ltr'>peruenias,</span> <span class='ocrx_word' id='word_1_208' title='bbox 1381 3532 1519 3594; x_wconf 79' lang='lat' dir='ltr'>invenies</span> <span class='ocrx_word' id='word_1_209' title='bbox 1541 3552 1590 3594; x_wconf 82' lang='lat' dir='ltr'>ms</span> <span class='ocrx_word' id='word_1_210' title='bbox 1611 3553 1676 3595; x_wconf 77' lang='lat' dir='ltr'>noa</span> <span class='ocrx_word' id='word_1_211' title='bbox 1700 3530 1786 3595; x_wconf 80' lang='lat' dir='ltr'>semel</span> <span class='ocrx_word' id='word_1_212' title='bbox 1802 3548 1842 3590; x_wconf 82' lang='lat' dir='ltr'>or·</span> 
     </span>
     <span class='ocr_line' id='line_1_25' title="bbox 698 3640 1888 3731; baseline -0.003 -22"><span class='ocrx_word' id='word_1_213' title='bbox 698 3667 758 3731; x_wconf 77' lang='lat' dir='ltr'>que</span> <span class='ocrx_word' id='word_1_214' title='bbox 779 3644 827 3709; x_wconf 82' lang='lat' dir='ltr'>bio</span> <span class='ocrx_word' id='word_1_215' title='bbox 849 3644 909 3710; x_wconf 77' lang='lat' dir='ltr'>ribi</span> <span class='ocrx_word' id='word_1_216' title='bbox 930 3647 1155 3710; x_wconf 78' lang='lat' dir='ltr'>adversantem.</span> <span class='ocrx_word' id='word_1_217' title='bbox 1189 3644 1308 3722; x_wconf 81' lang='lat' dir='ltr'>Quibus</span> <span class='ocrx_word' id='word_1_218' title='bbox 1331 3644 1433 3727; x_wconf 91' lang='lat' dir='ltr'>dictis,</span> <span class='ocrx_word' id='word_1_219' title='bbox 1457 3664 1513 3709; x_wconf 89' lang='lat' dir='ltr'>vas</span> <span class='ocrx_word' id='word_1_220' title='bbox 1536 3664 1717 3730; x_wconf 89' lang='lat' dir='ltr'>possessum</span> <span class='ocrx_word' id='word_1_221' title='bbox 1732 3640 1842 3710; x_wconf 85' lang='lat' dir='ltr'>derolin</span> <span class='ocrx_word' id='word_1_222' title='bbox 1887 3650 1888 3695; x_wconf 75' lang='lat' dir='ltr'>l</span> 
     </span>
     <span class='ocr_line' id='line_1_26' title="bbox 698 3754 1842 3845; baseline -0.009 -19"><span class='ocrx_word' id='word_1_223' title='bbox 698 3780 807 3845; x_wconf 89' lang='lat' dir='ltr'>quens,</span> <span class='ocrx_word' id='word_1_224' title='bbox 831 3778 971 3826; x_wconf 88' lang='lat' dir='ltr'>sororem</span> <span class='ocrx_word' id='word_1_225' title='bbox 993 3758 1078 3825; x_wconf 90' lang='lat' dir='ltr'>illins</span> <span class='ocrx_word' id='word_1_226' title='bbox 1101 3760 1262 3844; x_wconf 82' lang='lat' dir='ltr'>ingressus</span> <span class='ocrx_word' id='word_1_227' title='bbox 1286 3765 1335 3826; x_wconf 91' lang='lat' dir='ltr'>est</span> <span class='ocrx_word' id='word_1_228' title='bbox 1357 3764 1389 3826; x_wconf 90' lang='lat' dir='ltr'>et</span> <span class='ocrx_word' id='word_1_229' title='bbox 1403 3758 1500 3825; x_wconf 89' lang='lat' dir='ltr'>simili</span> <span class='ocrx_word' id='word_1_230' title='bbox 1516 3760 1608 3826; x_wconf 92' lang='lat' dir='ltr'>modo</span> <span class='ocrx_word' id='word_1_231' title='bbox 1624 3760 1759 3828; x_wconf 78' lang='lat' dir='ltr'>vexarit</span> <span class='ocrx_word' id='word_1_232' title='bbox 1785 3754 1842 3824; x_wconf 85' lang='lat' dir='ltr'>Inde</span> 
     </span>
     <span class='ocr_line' id='line_1_27' title="bbox 697 3874 1887 3963; baseline -0.006 -21"><span class='ocrx_word' id='word_1_233' title='bbox 697 3896 755 3963; x_wconf 87' lang='lat' dir='ltr'>per</span> <span class='ocrx_word' id='word_1_234' title='bbox 784 3875 923 3941; x_wconf 86' lang='lat' dir='ltr'>divinam</span> <span class='ocrx_word' id='word_1_235' title='bbox 951 3876 1087 3959; x_wconf 83' lang='lat' dir='ltr'>gratiam</span> <span class='ocrx_word' id='word_1_236' title='bbox 1116 3874 1282 3963; x_wconf 89' lang='lat' dir='ltr'>expulsus,</span> <span class='ocrx_word' id='word_1_237' title='bbox 1311 3877 1438 3943; x_wconf 84' lang='lat' dir='ltr'>tertiam</span> <span class='ocrx_word' id='word_1_238' title='bbox 1467 3876 1602 3963; x_wconf 88' lang='lat' dir='ltr'>arripnit</span> <span class='ocrx_word' id='word_1_239' title='bbox 1624 3882 1657 3943; x_wconf 89' lang='lat' dir='ltr'>et</span> <span class='ocrx_word' id='word_1_240' title='bbox 1678 3896 1740 3943; x_wconf 93' lang='lat' dir='ltr'>non</span> <span class='ocrx_word' id='word_1_241' title='bbox 1760 3875 1842 3941; x_wconf 88' lang='lat' dir='ltr'>minos</span> <span class='ocrx_word' id='word_1_242' title='bbox 1886 3956 1887 3963; x_wconf 6' lang='grc' dir='ltr'>ἵ</span> 
     </span>
     <span class='ocr_line' id='line_1_28' title="bbox 698 3990 1840 4079; baseline -0.005 -21"><span class='ocrx_word' id='word_1_243' title='bbox 698 3992 830 4058; x_wconf 89' lang='lat' dir='ltr'>caeteris</span> <span class='ocrx_word' id='word_1_244' title='bbox 858 3992 998 4058; x_wconf 89' lang='lat' dir='ltr'>insanire</span> <span class='ocrx_word' id='word_1_245' title='bbox 1023 3992 1183 4079; x_wconf 92' lang='lat' dir='ltr'>compulit.</span> <span class='ocrx_word' id='word_1_246' title='bbox 1223 3990 1291 4070; x_wconf 83' lang='lat' dir='ltr'>Qua</span> <span class='ocrx_word' id='word_1_247' title='bbox 1320 3992 1414 4058; x_wconf 89' lang='lat' dir='ltr'>etiam</span> <span class='ocrx_word' id='word_1_248' title='bbox 1438 4012 1495 4077; x_wconf 90' lang='lat' dir='ltr'>per</span> <span class='ocrx_word' id='word_1_249' title='bbox 1517 3990 1646 4058; x_wconf 92' lang='lat' dir='ltr'>Domini</span> <span class='ocrx_word' id='word_1_250' title='bbox 1669 3990 1840 4059; x_wconf 83' lang='lat' dir='ltr'>clementiam</span> 
     </span>
     <span class='ocr_line' id='line_1_29' title="bbox 698 4100 1841 4193; baseline -0.007 -19"><span class='ocrx_word' id='word_1_251' title='bbox 698 4106 748 4175; x_wconf 74' lang='lat' dir='ltr'>et¹</span> <span class='ocrx_word' id='word_1_252' title='bbox 770 4109 872 4173; x_wconf 89' lang='lat' dir='ltr'>sancti</span> <span class='ocrx_word' id='word_1_253' title='bbox 900 4109 1087 4175; x_wconf 77' lang='lat' dir='ltr'>contessoris</span> <span class='ocrx_word' id='word_1_254' title='bbox 1117 4108 1166 4174; x_wconf 94' lang='lat' dir='ltr'>sui</span> <span class='ocrx_word' id='word_1_255' title='bbox 1194 4108 1308 4173; x_wconf 88' lang='lat' dir='ltr'>merita</span> <span class='ocrx_word' id='word_1_256' title='bbox 1337 4112 1464 4193; x_wconf 87' lang='lat' dir='ltr'>sanata,</span> <span class='ocrx_word' id='word_1_257' title='bbox 1495 4112 1640 4192; x_wconf 86' lang='lat' dir='ltr'>quartam</span> <span class='ocrx_word' id='word_1_258' title='bbox 1669 4108 1703 4174; x_wconf 95' lang='lat' dir='ltr'>id</span> <span class='ocrx_word' id='word_1_259' title='bbox 1725 4112 1770 4173; x_wconf 88' lang='lat' dir='ltr'>est</span> <span class='ocrx_word' id='word_1_260' title='bbox 1788 4100 1841 4169; x_wconf 81' lang='lat' dir='ltr'>ulb-</span> 
     </span>
     <span class='ocr_line' id='line_1_30' title="bbox 696 4220 1886 4310; baseline -0.007 -21"><span class='ocrx_word' id='word_1_261' title='bbox 696 4244 782 4289; x_wconf 90' lang='lat' dir='ltr'>mam</span> <span class='ocrx_word' id='word_1_262' title='bbox 812 4225 983 4291; x_wconf 90' lang='lat' dir='ltr'>earundem</span> <span class='ocrx_word' id='word_1_263' title='bbox 1012 4244 1154 4291; x_wconf 92' lang='lat' dir='ltr'>sororum</span> <span class='ocrx_word' id='word_1_264' title='bbox 1184 4224 1302 4289; x_wconf 89' lang='lat' dir='ltr'>invasit</span> <span class='ocrx_word' id='word_1_265' title='bbox 1324 4229 1356 4290; x_wconf 87' lang='lat' dir='ltr'>et</span> <span class='ocrx_word' id='word_1_266' title='bbox 1377 4244 1475 4310; x_wconf 89' lang='lat' dir='ltr'>supra</span> <span class='ocrx_word' id='word_1_267' title='bbox 1496 4224 1625 4289; x_wconf 90' lang='lat' dir='ltr'>modum</span> <span class='ocrx_word' id='word_1_268' title='bbox 1647 4220 1841 4290; x_wconf 84' lang='lat' dir='ltr'>miserabiliter</span> <span class='ocrx_word' id='word_1_269' title='bbox 1885 4242 1886 4247; x_wconf 43' lang='lat'>¹</span> 
     </span>
     <span class='ocr_line' id='line_1_31' title="bbox 698 4338 1840 4428; baseline -0.005 -22"><span class='ocrx_word' id='word_1_270' title='bbox 698 4340 859 4406; x_wconf 85' lang='lat' dir='ltr'>cruciarit.</span> <span class='ocrx_word' id='word_1_271' title='bbox 894 4340 982 4407; x_wconf 87' lang='lat' dir='ltr'>Tunc</span> <span class='ocrx_word' id='word_1_272' title='bbox 1003 4340 1165 4428; x_wconf 90' lang='lat' dir='ltr'>praedicto</span> <span class='ocrx_word' id='word_1_273' title='bbox 1185 4338 1380 4425; x_wconf 88' lang='lat' dir='ltr'>praesbitero</span> <span class='ocrx_word' id='word_1_274' title='bbox 1395 4338 1536 4405; x_wconf 91' lang='lat' dir='ltr'>libellum</span> <span class='ocrx_word' id='word_1_275' title='bbox 1552 4340 1720 4406; x_wconf 80' lang='lat' dir='ltr'>exorcismi</span> <span class='ocrx_word' id='word_1_276' title='bbox 1734 4338 1840 4421; x_wconf 72' lang='lat' dir='ltr'>lagena,</span> 
     </span>
     <span class='ocr_line' id='line_1_32' title="bbox 698 4436 1885 4543; baseline -0.005 -22"><span class='ocrx_word' id='word_1_277' title='bbox 698 4460 843 4543; x_wconf 83' lang='lat' dir='ltr'>apostata</span> <span class='ocrx_word' id='word_1_278' title='bbox 870 4457 1000 4542; x_wconf 90' lang='lat' dir='ltr'>spiritus</span> <span class='ocrx_word' id='word_1_279' title='bbox 1030 4457 1126 4539; x_wconf 89' lang='lat' dir='ltr'>dixit,</span> <span class='ocrx_word' id='word_1_280' title='bbox 1162 4454 1308 4521; x_wconf 89' lang='lat' dir='ltr'>audiente</span> <span class='ocrx_word' id='word_1_281' title='bbox 1344 4454 1441 4521; x_wconf 90' lang='lat' dir='ltr'>omni¹</span> <span class='ocrx_word' id='word_1_282' title='bbox 1468 4454 1602 4541; x_wconf 93' lang='lat' dir='ltr'>populo,</span> <span class='ocrx_word' id='word_1_283' title='bbox 1637 4456 1715 4541; x_wconf 87' lang='lat' dir='ltr'>qni·</span> <span class='ocrx_word' id='word_1_284' title='bbox 1742 4452 1839 4519; x_wconf 80' lang='lat' dir='ltr'>oderat:</span> <span class='ocrx_word' id='word_1_285' title='bbox 1884 4436 1885 4485; x_wconf 48' lang='grc' dir='ltr'>ἶ</span> 
     </span>
     <span class='ocr_line' id='line_1_33' title="bbox 705 4572 1838 4659; baseline -0.005 -20"><span class='ocrx_word' id='word_1_286' title='bbox 705 4573 769 4639; x_wconf 84' lang='lat' dir='ltr'>Vas</span> <span class='ocrx_word' id='word_1_287' title='bbox 789 4574 880 4638; x_wconf 78' lang='lat' dir='ltr'>nobis</span> <span class='ocrx_word' id='word_1_288' title='bbox 902 4576 1040 4653; x_wconf 72' lang='lat' dir='ltr'>moberia,</span> <span class='ocrx_word' id='word_1_289' title='bbox 1065 4576 1123 4659; x_wconf 79' lang='lat' dir='ltr'>qui</span> <span class='ocrx_word' id='word_1_290' title='bbox 1143 4574 1224 4638; x_wconf 81' lang='lat' dir='ltr'>bono</span> <span class='ocrx_word' id='word_1_291' title='bbox 1246 4576 1418 4659; x_wconf 68' lang='lat' dir='ltr'>cepionem,</span> <span class='ocrx_word' id='word_1_292' title='bbox 1443 4572 1617 4637; x_wconf 63' lang='lat' dir='ltr'>dissuens</span> <span class='ocrx_word' id='word_1_293' title='bbox 1640 4598 1661 4637; x_wconf 85' lang='lat' dir='ltr'>a</span> <span class='ocrx_word' id='word_1_294' title='bbox 1682 4572 1766 4638; x_wconf 78' lang='lat' dir='ltr'>nobie</span> <span class='ocrx_word' id='word_1_295' title='bbox 1783 4584 1838 4655; x_wconf 71' lang='lat' dir='ltr'>pou</span> 
     </span>
    </p>
   </div>
   <div class='ocr_carea' id='block_1_3' title="bbox 696 4704 1884 5004">
    <p class='ocr_par' dir='ltr' id='par_1_4' title="bbox 696 4704 1884 5174">
     <span class='ocr_line' id='line_1_34' title="bbox 771 4704 1837 4752; baseline -0.001 -1"><span class='ocrx_word' id='word_1_296' title='bbox 771 4718 791 4751; x_wconf 81' lang='grc' dir='ltr'>ι</span> <span class='ocrx_word' id='word_1_297' title='bbox 812 4704 875 4752; x_wconf 77' lang='lat' dir='ltr'>idem</span> <span class='ocrx_word' id='word_1_298' title='bbox 888 4728 913 4737; x_wconf 95' lang='lat'>-</span> <span class='ocrx_word' id='word_1_299' title='bbox 924 4704 976 4751; x_wconf 75' lang='lat' dir='ltr'>illas</span> <span class='ocrx_word' id='word_1_300' title='bbox 993 4722 1036 4751; x_wconf 72' lang='lat' dir='ltr'>on.</span> <span class='ocrx_word' id='word_1_301' title='bbox 1052 4723 1072 4751; x_wconf 81' lang='lat' dir='ltr'>c.</span> <span class='ocrx_word' id='word_1_302' title='bbox 1140 4704 1163 4751; x_wconf 91' lang='lat' dir='ltr'>b.</span> <span class='ocrx_word' id='word_1_303' title='bbox 1183 4704 1213 4751; x_wconf 79' lang='lat' dir='ltr'>sd</span> <span class='ocrx_word' id='word_1_304' title='bbox 1226 4728 1251 4737; x_wconf 88' lang='lat'>-</span> <span class='ocrx_word' id='word_1_305' title='bbox 1265 4718 1318 4751; x_wconf 72' lang='lat' dir='ltr'>osse</span> <span class='ocrx_word' id='word_1_306' title='bbox 1333 4722 1376 4751; x_wconf 76' lang='lat' dir='ltr'>our.</span> <span class='ocrx_word' id='word_1_307' title='bbox 1393 4723 1413 4751; x_wconf 83' lang='lat' dir='ltr'>c.</span> <span class='ocrx_word' id='word_1_308' title='bbox 1481 4718 1501 4751; x_wconf 89' lang='lat' dir='ltr'>c.</span> <span class='ocrx_word' id='word_1_309' title='bbox 1522 4704 1671 4751; x_wconf 70' lang='lat' dir='ltr'>mentimini</span> <span class='ocrx_word' id='word_1_310' title='bbox 1686 4704 1767 4751; x_wconf 75' lang='lat' dir='ltr'>cineres</span> <span class='ocrx_word' id='word_1_311' title='bbox 1778 4714 1812 4745; x_wconf 68' lang='grc' dir='ltr'>οι</span> <span class='ocrx_word' id='word_1_312' title='bbox 1824 4712 1837 4738; x_wconf 75' lang='lat'>‘-</span> 
     </span>
     <span class='ocr_line' id='line_1_35' title="bbox 698 4781 1884 4844; baseline -0.002 -14"><span class='ocrx_word' id='word_1_313' title='bbox 698 4782 721 4831; x_wconf 86' lang='lat' dir='ltr'>d.</span> <span class='ocrx_word' id='word_1_314' title='bbox 742 4802 784 4830; x_wconf 71' lang='lat' dir='ltr'>on.</span> <span class='ocrx_word' id='word_1_315' title='bbox 802 4802 822 4831; x_wconf 82' lang='lat' dir='ltr'>c.</span> <span class='ocrx_word' id='word_1_316' title='bbox 888 4798 909 4831; x_wconf 80' lang='grc' dir='ltr'>ο.</span> <span class='ocrx_word' id='word_1_317' title='bbox 928 4784 1006 4831; x_wconf 69' lang='lat' dir='ltr'>mulii·</span> <span class='ocrx_word' id='word_1_318' title='bbox 1020 4808 1045 4817; x_wconf 86' lang='lat'>-</span> <span class='ocrx_word' id='word_1_319' title='bbox 1059 4786 1167 4844; x_wconf 71' lang='lat' dir='ltr'>operante</span> <span class='ocrx_word' id='word_1_320' title='bbox 1184 4800 1227 4830; x_wconf 79' lang='lat' dir='ltr'>ons.</span> <span class='ocrx_word' id='word_1_321' title='bbox 1243 4804 1263 4831; x_wconf 88' lang='lat' dir='ltr'>c.</span> <span class='ocrx_word' id='word_1_322' title='bbox 1329 4784 1345 4831; x_wconf 78' lang='lat' dir='ltr'>i.</span> <span class='ocrx_word' id='word_1_323' title='bbox 1367 4798 1420 4831; x_wconf 77' lang='lat' dir='ltr'>vero</span> <span class='ocrx_word' id='word_1_324' title='bbox 1437 4784 1559 4844; x_wconf 71' lang='lat' dir='ltr'>episcopus</span> <span class='ocrx_word' id='word_1_325' title='bbox 1575 4784 1612 4831; x_wconf 68' lang='lat' dir='ltr'>ed.</span> <span class='ocrx_word' id='word_1_326' title='bbox 1625 4802 1668 4843; x_wconf 81' lang='lat' dir='ltr'>pro</span> <span class='ocrx_word' id='word_1_327' title='bbox 1684 4781 1837 4841; x_wconf 58' lang='lat' dir='ltr'>ehorsplwlffi</span> <span class='ocrx_word' id='word_1_328' title='bbox 1883 4782 1884 4793; x_wconf 59' lang='lat'>³</span> 
     </span>
     <span class='ocr_line' id='line_1_36' title="bbox 697 4860 1836 4922; baseline -0.003 -12"><span class='ocrx_word' id='word_1_329' title='bbox 697 4876 718 4922; x_wconf 69' lang='grc' dir='ltr'>ς.</span> <span class='ocrx_word' id='word_1_330' title='bbox 739 4880 781 4910; x_wconf 71' lang='lat' dir='ltr'>on.</span> <span class='ocrx_word' id='word_1_331' title='bbox 798 4882 818 4910; x_wconf 84' lang='lat' dir='ltr'>c.</span> <span class='ocrx_word' id='word_1_332' title='bbox 908 4863 935 4910; x_wconf 86' lang='lat' dir='ltr'>b.</span> <span class='ocrx_word' id='word_1_333' title='bbox 957 4878 971 4910; x_wconf 78' lang='grc' dir='ltr'>ι</span> <span class='ocrx_word' id='word_1_334' title='bbox 990 4864 1100 4911; x_wconf 76' lang='lat' dir='ltr'>doemone</span> <span class='ocrx_word' id='word_1_335' title='bbox 1122 4866 1159 4911; x_wconf 79' lang='lat' dir='ltr'>ed.</span> <span class='ocrx_word' id='word_1_336' title='bbox 1251 4864 1267 4911; x_wconf 86' lang='lat' dir='ltr'>l.</span> <span class='ocrx_word' id='word_1_337' title='bbox 1288 4866 1424 4911; x_wconf 75' lang='lat' dir='ltr'>secessisset</span> <span class='ocrx_word' id='word_1_338' title='bbox 1439 4866 1475 4911; x_wconf 79' lang='lat' dir='ltr'>ed.</span> <span class='ocrx_word' id='word_1_339' title='bbox 1569 4860 1592 4911; x_wconf 80' lang='lat' dir='ltr'>k.</span> <span class='ocrx_word' id='word_1_340' title='bbox 1613 4866 1638 4910; x_wconf 84' lang='lat' dir='ltr'>st</span> <span class='ocrx_word' id='word_1_341' title='bbox 1652 4886 1675 4897; x_wconf 92' lang='lat'>··</span> <span class='ocrx_word' id='word_1_342' title='bbox 1688 4862 1761 4911; x_wconf 76' lang='lat' dir='ltr'>nanu</span> <span class='ocrx_word' id='word_1_343' title='bbox 1777 4872 1811 4903; x_wconf 71' lang='grc' dir='ltr'>οι·</span> <span class='ocrx_word' id='word_1_344' title='bbox 1822 4868 1836 4895; x_wconf 76' lang='lat'>‘-</span> 
     </span>
     <span class='ocr_line' id='line_1_37' title="bbox 696 4942 1170 5004; baseline -0.003 -14"><span class='ocrx_word' id='word_1_345' title='bbox 696 4942 713 4990; x_wconf 90' lang='lat' dir='ltr'>l.</span> <span class='ocrx_word' id='word_1_346' title='bbox 733 4960 776 4990; x_wconf 70' lang='lat' dir='ltr'>orn.</span> <span class='ocrx_word' id='word_1_347' title='bbox 791 4962 812 4990; x_wconf 80' lang='grc' dir='ltr'>ι.</span> <span class='ocrx_word' id='word_1_348' title='bbox 889 4956 920 4991; x_wconf 74' lang='lat' dir='ltr'>n·</span> <span class='ocrx_word' id='word_1_349' title='bbox 941 4944 981 5004; x_wconf 81' lang='lat' dir='ltr'>qui</span> <span class='ocrx_word' id='word_1_350' title='bbox 995 4944 1075 4991; x_wconf 73' lang='lat' dir='ltr'>odem</span> <span class='ocrx_word' id='word_1_351' title='bbox 1090 4962 1133 4990; x_wconf 82' lang='lat' dir='ltr'>om.</span> <span class='ocrx_word' id='word_1_352' title='bbox 1150 4962 1170 4990; x_wconf 75' lang='grc' dir='ltr'>ο.</span> 
     </span>
    </p>
   </div>
   <div class='ocr_carea' id='block_1_4' title="bbox 0 0 2180 6034">
    <p class='ocr_par' dir='ltr' id='par_1_5' title="bbox 0 0 2180 6034">
     <span class='ocr_line' id='line_1_38' title="bbox 0 0 2180 6034; baseline 0 0"><span class='ocrx_word' id='word_1_353' title='bbox 0 0 2180 6034; x_wconf 95' lang='lat' dir='ltr'> </span> 
     </span>
    </p>
   </div>
  </div>
 </body>
</html>
