4342 6034
641 736 707 803 278
882 752 909 802 s.
926 752 1104 802 soumnrrr
1126 754 1171 802 nr
1190 754 1292 802 noenu
1314 754 1502 803 nersrousn
1525 755 1570 802 no

481 904 623 960 tte—tos
640 914 734 980 nnnc,
756 896 792 961 in
813 900 888 961 tuac
910 894 1115 963 beatitudiuis
1139 896 1280 964 amicitia
1302 894 1454 989 confisus,
1476 902 1514 963 ut
1535 896 1707 965 secundum
1730 898 1814 983 quod

640 1017 855 1079 antecessores
876 1011 978 1076 nostri
999 1012 1084 1079 inter
1105 1030 1139 1078 se
1166 1012 1270 1079 faeere
1289 1032 1353 1080 non
1374 1018 1552 1097 cessarunt,
1581 1014 1628 1080 its
1657 1014 1753 1079 etiarn
1783 1018 1815 1080 et

639 1147 697 1193 nos
720 1127 824 1193 iacere
847 1126 993 1193 similiter
1016 1128 1222 1213 adoptamus,
1246 1128 1408 1195 mittentes
1430 1128 1529 1195 verba
1550 1128 1743 1195 suavissima
1764 1150 1814 1195 sa·

639 1242 802 1309 lutationis
832 1248 865 1309 et
890 1242 994 1329 pacis;
1022 1248 1059 1308 nt
1087 1242 1286 1327 euangelicos
1316 1264 1419 1311 sermo
1442 1244 1612 1331 impleatur
1639 1245 1674 1310 in
1703 1244 1813 1311 nobis:

639 1358 724 1444 quod
745 1358 813 1425 eius
836 1378 905 1424 esee
928 1357 1075 1445 discipuli
1103 1378 1298 1443 mereamur,
1327 1360 1354 1425 si
1382 1360 1583 1427 dilectionem
1610 1360 1816 1427 habuerimus

639 1474 680 1540 ad
701 1474 837 1541 invicem
846 1469 863 1539 ¹.

727 1588 846 1655 ldoireo
869 1588 928 1655 tibi
949 1588 1091 1656 indicare
1114 1590 1309 1675 curavimus,
1338 1608 1397 1657 nos
1419 1590 1544 1657 misisse
1566 1594 1692 1658 uestrae
1714 1590 1817 1657 beati·

638 1703 741 1771 tudini
763 1724 864 1791 parva
886 1704 1021 1790 quedam
1038 1704 1236 1789 munuscula,
1260 1725 1323 1771 non
1335 1726 1435 1791 parva
1450 1705 1606 1789 siquidem
1621 1707 1755 1773 caritate
1771 1742 1816 1753 ·-
1929 1696 1930 1699 ¹

638 1819 672 1885 id
695 1824 743 1886 est
765 1839 893 1907 capsam
916 1840 1012 1886 unam
1036 1820 1075 1886 ad
1100 1819 1237 1886 officinm
1261 1821 1388 1905 quidem
1406 1820 1609 1905 sacerdotale,
1634 1842 1673 1887 en
1689 1822 1818 1889 ossibus

638 1934 842 2003 fabricatam·
854 1972 896 1981 -
910 1934 1108 2002 salutationis
1120 1936 1338 2002 tantummodo
1352 1957 1388 2002 ac
1399 1936 1625 2003 benedictionis
1637 1956 1745 2021 causa,
1758 1959 1819 2025 per

638 2050 801 2119 lebardum
817 2050 1001 2135 religiosum
1016 2051 1252 2139 presbyterum
1270 2057 1306 2117 ut
1321 2073 1368 2135 ea,
1385 2050 1485 2137 quael
1500 2058 1610 2119 nostra
1625 2056 1709 2137 sunt,
1726 2054 1818 2121 beni·

638 2186 699 2251 gne
714 2166 904 2253 suscipiatis.
929 2166 1144 2251 Similiterque
1160 2173 1192 2233 et
1206 2188 1263 2233 nos
1279 2166 1397 2233 euobis
1409 2166 1493 2234 bona
1502 2169 1643 2256 recipere
1655 2174 1816 2255 optamus.

727 2282 860 2369 Insuper
883 2284 994 2367 etiam,
1026 2284 1167 2348 omnium
1197 2283 1331 2348 fratrum
1355 2284 1533 2367 carissime,
1563 2289 1733 2370 procerte
1758 2286 1819 2353 hoc

637 2416 732 2463 nosse
754 2402 842 2463 tuam
866 2397 1035 2464 amabilem
1058 2398 1258 2464 devotionem
1274 2396 1341 2464 Deo
1357 2403 1437 2465 teste
1453 2398 1614 2465 desidero:
1639 2399 1724 2484 quod
1741 2406 1818 2468 tuae

637 2512 815 2579 sanctitatis
844 2512 1043 2579 dilectionem
1071 2512 1106 2577 in
1130 2512 1264 2579 eundem
1294 2514 1433 2579 caritatis
1462 2513 1566 2580 locum
1593 2520 1625 2581 et
1653 2514 1819 2584 fiammae

637 2628 797 2694 societatis
820 2628 1031 2694 consolatium
1053 2627 1188 2695 libenter
1212 2628 1348 2713 suscipio
1373 2635 1467 2715 atque
1490 2631 1631 2696 tenacius
1655 2632 1818 2717 contineo,

636 2744 671 2809 in
694 2762 755 2828 quo
778 2742 925 2809 videlicet
947 2743 1031 2809 beati
1046 2744 1148 2830 patris
1164 2748 1195 2811 et
1211 2744 1443 2831 predecessoris
1459 2746 1506 2811 tui
1520 2744 1671 2811 Bonifatii
1687 2766 1818 2834 semper

636 2858 823 2925 inconcussa
844 2859 964 2925 mansit
987 2865 1019 2925 et
1040 2862 1206 2945 permanet
1228 2860 1341 2942 iugiter
1358 2860 1499 2947 reposita
1514 2860 1655 2943 dilecti03
1679 2869 1717 2928 ut
1732 2864 1818 2929 inter

637 2994 694 3040 uos
724 2994 848 3060 qnoque
871 2979 903 3040 et
924 2979 1050 3040 nostros
1073 2974 1222 3060 deinceps
1246 2974 1412 3042 familiaris
1437 2996 1473 3042 ao
1497 2976 1648 3063 spiritalis
1672 2978 1818 3045 amicitia

638 3094 704 3156 tam
727 3090 768 3155 ad
791 3090 967 3156 animarum
991 3095 1174 3155 nostrarum
1196 3090 1337 3156 remedia
1358 3090 1392 3157 in
1416 3092 1610 3158 orationibus
1639 3098 1671 3159 et
1698 3095 1818 3160 missa·

637 3226 709 3271 rum
732 3204 994 3271 celebrationibus
1019 3224 1114 3289 quarn
1138 3206 1178 3271 ad
1207 3204 1300 3271 buius
1328 3206 1413 3273 vitae
1442 3228 1584 3292 quaeque
1611 3210 1819 3295 conpetentis

637 3320 841 3405 fratemaqne
870 3318 1020 3403 suffragia
1042 3319 1177 3387 fideliter
1199 3322 1358 3408 persistat.
1449 3320 1492 3389 Et
1515 3324 1554 3389 ad
1577 3324 1655 3389 haec
1677 3344 1817 3411 quoqne,

639 3456 720 3521 quae
748 3436 916 3521 praemisi,
944 3456 1137 3522 magnopere
1165 3440 1220 3502 tua
1247 3436 1357 3523 perfici
1385 3436 1551 3505 dilectione
1581 3438 1743 3506 desidero:
1783 3444 1819 3507 ut

640 3571 749 3617 omnes
773 3550 890 3637 quippe
913 3550 1090 3617 sacerdotes
1113 3550 1174 3619 Dei
1197 3558 1229 3618 et
1249 3550 1387 3618 familias
1409 3553 1564 3619 benedicti
1587 3572 1623 3619 ac
1645 3552 1732 3619 beati
1753 3552 1818 3621 Bo·

638 3666 743 3732 nifatii
770 3667 921 3751 martyris
944 3666 1062 3733 Christi
1091 3667 1258 3752 diligenter
1288 3672 1381 3753 atque
1405 3668 1582 3735 amabiliter
1605 3690 1644 3734 ex
1666 3690 1739 3735 meo
1767 3690 1818 3737 sa-

638 3780 721 3848 lutes
744 3781 871 3847 nomine
893 3782 1092 3867 horterisque
1120 3804 1178 3871 pro
1208 3783 1314 3868 uobis,
1345 3784 1428 3868 quod
1456 3791 1488 3851 et
1514 3804 1572 3871 pro
1601 3784 1678 3870 ipsis
1707 3784 1818 3853 iacere

638 3916 702 3963 non
732 3897 938 3981 desistamus,
967 3899 1192 3984 omnipotentis
1215 3899 1275 3966 Dei
1304 3898 1503 3966 elementiam
1532 3900 1656 3966 obnixis
1680 3920 1817 3968 exorare

638 4012 794 4099 precibus.
885 4012 934 4080 De
962 4014 1138 4081 redditione
1166 4036 1241 4081 vero
1270 4016 1432 4103 praefatae
1459 4016 1506 4081 rei
1533 4018 1600 4083 sive
1628 4036 1686 4103 per
1716 4018 1817 4084 verba

638 4127 747 4194 fratris
770 4129 870 4195 nostri
893 4130 960 4196 sive
983 4130 1077 4197 etiarn
1102 4150 1159 4217 per
1181 4130 1304 4197 litteras
1327 4136 1400 4197 tuae
1421 4131 1579 4199 fraternae
1600 4132 1731 4218 pietatis
1755 4154 1816 4199 nos

639 4244 809 4311 certiorare
836 4244 953 4312 iubeto.
1045 4246 1296 4332 Omnipotentis⁰
1320 4246 1381 4313 Dei
1403 4247 1505 4334 pietas
1528 4268 1587 4313 sua
1608 4268 1664 4313 vos
1687 4254 1816 4333 proteo-

638 4360 725 4426 tione
747 4360 885 4445 muniat,
914 4367 946 4428 et
974 4360 1014 4427 ad
1041 4360 1212 4428 utilitatem
1241 4362 1451 4449 plurimorum
1482 4364 1658 4429 sanctitatis
1685 4371 1816 4433 vestrae

638 4476 884 4543 sincerissimam
907 4477 1072 4542 caritatem
1096 4476 1212 4560 ingiter
1233 4478 1268 4544 in
1290 4484 1477 4565 perpetuum
1501 4498 1687 4546 conservare
1711 4484 1743 4546 et
1758 4500 1815 4547 cu-

638 4591 756 4658 stodire
778 4591 934 4676 dignetur.

710 4756 732 4789 a.
751 4741 885 4789 fabricatum
903 4742 931 4789 V.
1008 4740 1031 4789 b.
1052 4760 1082 4788 an
1099 4743 1168 4803 quie?
1246 4757 1266 4790 e.
1286 4744 1493 4805 omnipopsntentis
1511 4744 1539 4793 V.

709 4835 928 4907 imm&
