4342 6034
669 780 736 845 484
972 796 1021 843 nx
1043 794 1197 843 crunon]
1219 796 1298 841 vrrs
1322 796 1348 842 s.
1365 794 1540 843 nonnosum

669 937 799 1023 quaein
813 936 884 1003 aliis
899 936 989 1004 libris
1005 936 1121 1019 inveni,
1137 934 1265 1001 molitus
1281 954 1350 1003 sum
1363 956 1403 1003 ex
1413 936 1492 1023 ipsis
1505 934 1653 1019 colligere
1665 938 1696 1003 et
1706 935 1736 1001 in
1745 935 1819 1017 locis,

670 1072 749 1138 quae
772 1058 928 1139 oportuna
944 1051 1141 1135 videbantur,
1164 1050 1312 1118 inserere.
1346 1052 1503 1119 Fortassis
1521 1052 1604 1117 enim
1621 1050 1674 1117 ille
1689 1070 1821 1117 veneran-

670 1167 728 1233 dus
750 1168 815 1251 vir,
844 1168 897 1252 qui
919 1168 1018 1235 vitam
1041 1168 1143 1235 sancti
1165 1166 1318 1233 Bonifacii
1341 1169 1375 1233 in
1397 1168 1510 1255 primis
1533 1167 1678 1254 scripsit,
1708 1167 1823 1232 virtutes

670 1283 737 1348 eius
760 1280 876 1348 multas
900 1284 1112 1371 epistolasque
1134 1284 1277 1350 nesciens
1300 1284 1504 1370 pretermisit.
1541 1280 1604 1350 Sed
1627 1282 1714 1367 mihi,
1736 1282 1823 1347 consi-

671 1398 795 1465 deranti
815 1398 938 1465 litteras
961 1419 1070 1466 omnes
1095 1418 1173 1485 quas
1196 1398 1235 1465 de
1258 1419 1294 1465 eo
1317 1398 1450 1485 habetis,
1473 1400 1508 1465 in
1531 1398 1626 1465 nullis
1644 1398 1742 1464 maior
1755 1396 1823 1462 tanti
1900 1474 1901 1497 i

602 1584 607 1593 ,
669 1514 804 1601 presulis
827 1515 998 1581 auctoritas
1022 1536 1117 1601 quam
1140 1515 1173 1580 in
1197 1514 1349 1601 epistolis,
1375 1514 1506 1601 abipso
1530 1514 1581 1581 vel
1604 1514 1645 1580 ad
1666 1516 1765 1601 ipsum
1786 1512 1823 1578 di·

669 1630 780 1715 rectis,
802 1631 927 1697 videtur
949 1650 1027 1697 esse.
1062 1630 1111 1697 lbi
1132 1650 1268 1716 namque
1291 1631 1489 1718 apertissime
1512 1632 1694 1717 inspicitur:
1723 1634 1824 1715 quanta

670 1747 869 1813 veneratione
892 1747 1038 1833 primitus
1060 1747 1157 1813 fuerit
1179 1752 1342 1834 susceptus
1367 1767 1386 1815 a
1408 1746 1555 1833 pontifice
1577 1746 1732 1827 Roman03
1760 1764 1824 1831 qua·

669 1860 803 1947 literque
825 1882 897 1928 enm
920 1862 1101 1928 ordinatum
1122 1862 1245 1929 miserit
1267 1864 1307 1928 ad
1329 1864 1557 1949 predicandum
1574 1863 1694 1929 cunctis
1710 1860 1824 1928 Gcrrna·

669 1976 741 2043 niae
763 1978 907 2065 populis3
931 1983 1047 2063 quanto
1070 1979 1168 2045 etiam
1190 1978 1296 2045 labore
1319 1978 1451 2045 eandem
1466 1976 1669 2044 Germaniam
1693 1977 1731 2042 ad
1745 1975 1825 2041 fidem

670 2092 789 2159 Christi
811 2093 1001 2160 converterit
1023 2098 1055 2159 et
1076 2092 1161 2179 quod
1183 2112 1247 2159 non
1270 2092 1371 2159 solum
1393 2114 1412 2159 a
1430 2093 1562 2180 paganis
1579 2098 1610 2159 et
1624 2091 1766 2158 hereticis
1780 2090 1826 2156 sed

670 2209 767 2275 etiam
790 2230 810 2274 a
830 2207 1130 2295 pseudochristianis
1154 2214 1186 2275 et
1207 2210 1314 2295 pravis
1338 2208 1552 2275 sacerdotibus
1572 2226 1643 2273 cam
1659 2208 1744 2274 velut
1758 2228 1775 2273 a
1787 2206 1827 2271 lu-

670 2344 783 2410 porum
805 2324 961 2390 morsibus
984 2324 1150 2410 eripuerit;
1174 2330 1323 2409 quantam
1346 2324 1481 2409 gratiam
1505 2320 1732 2389 aFrancorum
1752 2322 1827 2408 prin·

671 2439 793 2526 cipibus
807 2438 1021 2506 Karlomanno
1044 2438 1165 2505 scilicet
1182 2444 1213 2505 et
1227 2438 1362 2527 Pippino
1379 2438 1560 2521 obtinuerit,
1583 2436 1647 2523 qui,
1674 2443 1829 2524 postquam
1899 2432 1901 2439 ’

672 2574 743 2621 eum
777 2554 945 2621 aecclesiae
974 2552 1225 2638 Mogonciaccnsi
1255 2554 1412 2642 presulem
1442 2554 1663 2636 decreverunt,
1699 2552 1830 2635 eandem,

672 2689 752 2755 qnae
774 2672 862 2757 prius
886 2670 1054 2737 aecclesiae
1077 2670 1169 2737 alteri
1193 2672 1319 2738 subdita
1341 2676 1419 2754 erat
1442 2690 1500 2757 pro
1523 2669 1608 2736 illius
1625 2688 1732 2735 amore
1746 2666 1831 2734 simul

672 2791 703 2852 et
724 2786 842 2853 honore
864 2786 1065 2873 metropolim
1080 2786 1178 2851 totius
1194 2784 1392 2871 Germaniae,
1417 2784 1589 2872 apostolico
1604 2784 1752 2872 pontifico
1768 2804 1830 2850 con·

672 2902 836 2987 sentiente,
860 2901 1045 2984 effecerunt3
1070 2906 1146 2986 quot
1169 2902 1258 2968 sodes
1282 2900 1475 2989 episcopales
1496 2902 1658 2982 statuerit3
1683 2920 1762 2985 quae
1779 2900 1830 2986 pri·
1900 2906 1901 2970 l

671 3016 787 3102 vilegia
814 3020 1001 3103 quibusdam
1029 3018 1189 3085 aecclesiis
1220 3018 1399 3087 obtinuerit.
1445 3016 1608 3083 Postremo
1638 3022 1671 3083 et
1698 3016 1777 3082 illud
1795 3014 1829 3081 ibi

672 3133 867 3220 speculatur,
891 3134 975 3220 quod
996 3135 1094 3200 etiam
1115 3134 1204 3200 vobis
1227 3134 1320 3200 modo
1343 3154 1480 3221 peropus
1503 3140 1564 3200 est:
1596 3132 1751 3219 quomodo
1774 3152 1830 3197 cor·

671 3250 759 3337 poris
781 3250 831 3315 sui
851 3248 966 3333 locum,
989 3249 1174 3316 coenobium
1196 3250 1343 3317 videlicet
1365 3256 1515 3335 vestrum,
1539 3250 1787 3336 possessionibus
1806 3254 1830 3314 ct

672 3366 801 3432 decimis
824 3364 1012 3452 specialibus
1035 3364 1260 3433 sublimaverit

762 3482 864 3548 Tanta
891 3481 989 3565 igitur
1017 3482 1188 3549 auctoritas
1210 3482 1284 3550 licet
1307 3504 1327 3549 a
1347 3481 1507 3548 modernis
1530 3480 1718 3567 quibusdam
1740 3502 1830 3548 sacor-

673 3598 798 3665 dotibus
827 3596 1021 3681 adnulletur,
1051 3598 1212 3682 continget
1240 3604 1347 3665 tamen
1369 3598 1415 3664 eis
1438 3598 1471 3663 in
1493 3598 1710 3665 testimonium
1734 3598 1830 3683 daunp
1898 3646 1899 3669 t

672 3714 820 3797 nationis,
842 3712 927 3798 quod
949 3713 1093 3798 scientes,
1116 3716 1268 3782 terminos
1291 3714 1436 3799 antiquos
1460 3718 1492 3780 et
1514 3720 1694 3781 sanctorum
1716 3720 1830 3803 patrum

673 3829 799 3897 decreta
835 3848 900 3895 non
933 3828 1046 3897 debere
1079 3830 1274 3915 transgredi,
1315 3850 1513 3915 summopere
1545 3832 1830 3915 transgrediuntur3

673 3944 763 4012 obliti
783 3944 951 4012 verborum
973 3946 1117 4032 illorum,
1147 3968 1227 4033 quae
1249 3946 1404 4013 Dominus
1427 3945 1468 4011 ad
1490 3944 1605 4013 electos
1628 3954 1768 4033 pastores
1790 3942 1831 4009 rel

673 4060 816 4128 doctores
838 4061 872 4127 in
895 4062 1059 4146 euangelio
1082 4064 1173 4131 dicit:
1199 4063 1265 4146 Qai
1285 4084 1339 4128 ooo
1355 4064 1454 4143 audit,
1479 4084 1527 4128 me
1542 4066 1651 4141 audin
1675 4076 1703 4129 et
1718 4066 1773 4149 qui
1785 4082 1830 4125 cor

674 4182 805 4265 spernit,
834 4200 883 4244 me
904 4174 1049 4266 aperiet
1083 4177 1195 4263 Neque
1217 4178 1302 4244 enim
1326 4176 1401 4243 haec
1423 4176 1520 4244 rerba
1542 4178 1581 4245 de
1606 4176 1829 4265 precedentium
1897 4250 1898 4255 ἵ

674 4299 852 4381 tempomm
874 4294 1047 4360 rectoribus
1071 4292 1267 4360 solummodo
1290 4292 1374 4359 dicta
1397 4300 1485 4377 sunt,
1510 4292 1684 4360 sedetiam
1707 4294 1745 4360 de
1765 4290 1828 4369 illia

675 4410 730 4496 qui
757 4430 857 4496 usque
886 4408 927 4475 ad
954 4410 1256 4476 consummationem
1279 4406 1376 4475 seculi
1399 4409 1582 4475 aecclesiam
1605 4416 1746 4476 sanctam
1766 4408 1829 4473 sunt

674 4524 791 4591 rectori
805 4544 869 4590 non
884 4524 1083 4591 destructuri.
1107 4523 1189 4591 Nam
1205 4524 1243 4593 de
1259 4524 1504 4592 destructoribus
1521 4530 1553 4591 ct
1566 4526 1722 4611 perversis
1734 4528 1828 4611 pasto

674 4638 762 4707 ribus
783 4638 939 4707 Dominus
967 4638 1043 4707 alibi
1071 4640 1163 4707 dicit:
1195 4642 1237 4707 Vc
1265 4642 1353 4707 ooth
1383 4643 1458 4728 lepis
1481 4644 1612 4729 peritis,
1644 4644 1700 4729 qai
1726 4639 1828 4707 ιιιίἰειίε

675 4756 792 4822 clavem
818 4760 982 4838 aeimtiae,
1011 4770 1040 4823 et
1067 4760 1135 4844 spei
1158 4780 1222 4823 noc
1244 4761 1413 4840 inuocat,
1443 4780 1500 4823 aec
1522 4758 1604 4825 alico
1626 4760 1745 4825 intrare
1759 4774 1826 4842 per·
1896 4816 1897 4821 ,

746 4886 974 4957 1.cuo.10,1c.
