4342 6034
694 796 881 847 semrom
902 798 1131 849 nosnnnmnn
1154 802 1207 849 ιι
1466 787 1531 852 311

374 934 404 1003 l.
431 935 497 1003 Leo
520 938 583 1004 ΙΙΙ
594 962 688 1027 papa
710 940 839 1027 Rs’oolfo
863 944 1008 1029 apocope
1028 944 1217 1031 Mepaoto'oo
1241 946 1426 1010 demersere
1450 946 1531 1013 litte-

429 1048 539 1131 neque
556 1050 681 1132 prasos
703 1051 771 1134 opit
792 1052 1002 1136 repetiturque
1017 1049 1053 1117 S.
1069 1048 1212 1117 Caesarii
1224 1051 1377 1137 reliquias
1391 1050 1530 1119 mim

450 1175 517 1244 Leo
539 1180 705 1267 episeopus
727 1200 846 1248 servus·
858 1202 1021 1251 servornm
1036 1183 1097 1251 Dei
1118 1185 1373 1251 reverentissimo
1394 1191 1426 1252 et
1440 1204 1530 1252 sane·
1549 1192 1602 1246 810

366 1291 487 1359 tissimo
510 1294 631 1363 Rienlio
654 1298 811 1385 episeopo.

450 1408 532 1476 (lum
555 1411 595 1477 ad
616 1410 728 1479 limina
753 1414 917 1481 beatorum
944 1415 1124 1501 principum
1155 1415 1367 1501 apostolorum
1390 1415 1530 1483 Bemha-

366 1525 428 1591 rins
454 1526 646 1595 venerabilis
674 1526 860 1617 episoopns¹
882 1550 947 1597 una
974 1549 1046 1597 oum
1073 1528 1274 1597 Adalhardo⁸
1297 1531 1450 1616 relegioso
1475 1534 1530 1599 ab·

365 1639 444 1724 bate,
468 1643 559 1709 missi
579 1642 638 1710 filii
652 1647 753 1713 nostri
768 1644 877 1713 domni
891 1645 997 1713 Caroli
1013 1646 1207 1713 serenissimi
1221 1648 1432 1733 imperatoris,
1457 1668 1530 1714 oon·

364 1755 557 1825 iunxissent⁴
578 1765 611 1827 st
638 1762 745 1827 omnia
764 1781 919 1849 prospera
941 1782 978 1829 ae
1000 1762 1139 1830 salubria
1161 1761 1200 1829 de
1222 1762 1364 1849 predicto
1386 1762 1451 1830 tilio
1473 1784 1529 1830 no-

365 1877 427 1939 stro
448 1894 507 1940 sen
529 1874 568 1941 de
590 1876 657 1943 eins
680 1877 906 1945 sublimissima
926 1876 1033 1965 prole⁵
1054 1878 1105 1944 vel
1128 1878 1272 1945 omnibus
1295 1878 1440 1946 fidelibus
1463 1880 1529 1945 suis

364 1988 452 2057 nobis
474 1992 683 2078 nuntiassent
706 1994 866 2061 inmensas
889 1995 1097 2080 omnipotenti
1112 1994 1182 2074 Deo,
1202 1994 1375 2079 gratiarum
1391 1996 1529 2061 antiones
1624 2034 1625 2037 =

364 2106 537 2173 retnlimns.
604 2108 728 2176 Interea
742 2108 866 2177 offeruit
880 2110 971 2177 nobis
985 2110 1145 2198 praelatus
1156 2108 1347 2177 Bernharius
1363 2111 1529 2197 episeopus

365 2222 540 2290 emetitatis
562 2231 686 2292 vestrae
708 2226 955 2313 pulcherrimum
977 2246 1092 2293 manns
1115 2232 1148 2293 ot
1168 2224 1302 2293 litteras.
1348 2225 1432 2305 Qnas
1454 2246 1528 2293 vero

364 2335 484 2406 litteras
511 2340 702 2427 relegantes,
736 2343 856 2427 gratias
882 2343 1074 2409 reverendae
1104 2342 1239 2411 almitati
1267 2348 1392 2409 vestrae
1419 2342 1529 2409 retuli-

364 2472 446 2537 mns3
476 2457 552 2540 quia
573 2458 675 2524 nostri
696 2478 851 2526 memores
873 2460 907 2525 in
929 2459 1043 2525 vestris
1065 2458 1133 2525 Deo
1157 2458 1293 2545 atneptis
1317 2458 1528 2525 orationibus*

365 2586 424 2636 non
452 2574 697 2657 pretermittitis.
743 2574 793 2641 De
818 2575 916 2641 tantis
945 2580 1050 2641 autern
1077 2574 1278 2658 muneribus,
1313 2574 1442 2659 qnibns⁶
1470 2594 1528 2641 nos

366 2685 504 2753 aseidnel
531 2710 590 2775 pro
624 2708 731 2757 amore
761 2691 847 2757 beati
873 2688 960 2757 Petri
988 2690 1125 2777 apostoli
1152 2690 1277 2774 ditatis,
1310 2691 1466 2757 eredimus
1494 2692 1528 2757 in

365 2803 608 2890 omnipotentem
631 2805 751 2891 Deum,
781 2806 855 2891 qnia
882 2804 1011 2890 dignam
1034 2806 1273 2873 retributionem
1295 2806 1347 2872 hio
1369 2813 1401 2873 et
1422 2808 1457 2873 in
1478 2806 1528 2871 fn·

364 2922 432 2985 turo
455 2919 495 2986 ab
516 2922 587 3007 ipso
609 2920 765 3006 clavigero
787 2922 877 3005 regni
899 2921 1043 2988 eoelestis
1060 2922 1253 3009 percipietis.
1322 2920 1371 2988 De
1385 2922 1527 3007 reliqniis

365 3054 436 3101 vero
456 3038 557 3103 saneti
581 3035 716 3121 (imarii,
740 3037 822 3104 sient
843 3038 979 3125 petistis,
1005 3058 1063 3125 per
1084 3038 1218 3105 eundem
1241 3036 1450 3105 Bernharinm
1472 3056 1526 3104 vo·

364 3150 531 3219 notabilem
554 3154 736 3241 episcopum
759 3154 920 3220 sanctitati
942 3160 1065 3221 vestrae
1087 3154 1270 3220 direximus.

365 3262 435 3333 Leo
462 3268 671 3357 episeopus
702 3290 840 3337 servus
868 3290 1071 3337 serrorum
1100 3268 1173 3337 Dei
1200 3268 1526 3337 reverentissimo

586 3390 624 3452 et
645 3386 899 3453 sanctissimo
921 3386 1078 3454 Rionlfo
1101 3386 1297 3474 episeopo.

369 3564 399 3636 2.
426 3573 621 3639 Amlardua
654 3574 751 3639 athas
780 3588 809 3641 et
835 3576 984 3640 monacos·
1009 3573 1247 3641 Hombaeersaes
1277 3574 1442 3659 Riealfam
1471 3598 1526 3640 ar-

425 3681 656 3769 ctiqrseeopam
676 3694 801 3767 repant,
825 3694 861 3747 at
881 3684 1064 3747 monasterii
1084 3682 1219 3747 ecelesiis
1241 3685 1276 3746 ιἰι
1299 3684 1433 3747 dioecesi
1452 3682 1525 3747 Mo-

423 3791 558 3875 pantiaa
579 3791 648 3855 sitis
671 3790 873 3854 Meritorium
890 3788 1109 3875 presbyterem
1127 3810 1272 3875 praeesse
1293 3784 1424 3854 steort

446 3919 571 3989 Domno
595 3927 628 3987 et
649 3921 734 4009 patri
749 3920 871 3988 Rienllo
896 3921 1142 4007 arehiepiscopo,
1166 3940 1259 4006 qnem
1281 3922 1384 4005 gratia
1406 3921 1526 3987 aeterni
1543 3932 1695 3989 803-813‘

367 4036 440 4119 regis
462 4037 689 4125 perpetualiter
712 4037 752 4104 ad
774 4037 908 4103 salntem
930 4036 1102 4103 multorum
1125 4042 1157 4105 et
1171 4036 1340 4105 aeoolesiae
1355 4036 1525 4106 catholicae

430 4184 451 4216 ι.
469 4189 500 4218 et
513 4172 540 4219 S.
554 4174 670 4228 Bonifatii
687 4173 833 4231 passim
855 4172 908 4218 cod.
925 4172 1095 4218 Vindolmm'
1114 4168 1147 4227 (a.
1164 4188 1233 4231 supra
1251 4170 1443 4231 p.11)s01.4⁹.
1472 4173 1525 4219 Sine

366 4249 466 4297 Ιαιιιι.
559 4251 583 4297 b.
606 4263 657 4296 osso
679 4251 792 4297 acidiae
811 4252 906 4297 nidum.
998 4264 1018 4297 e
1043 4250 1125 4311 qnibns
1146 4269 1189 4297 om.
1208 4253 1235 4297 V.
1326 4252 1348 4297 tl.
1373 4250 1478 4297 assiduas
1496 4252 1524 4299 V.

366 4342 383 4374 ι.
400 4348 427 4377 0ae
440 4334 464 4380 S.
478 4333 595 4387 Bonifatii
611 4332 756 4390 epistolarum
776 4330 828 4377 cod.
845 4331 1013 4379 mantem·
1029 4332 1074 4388 sol.
1085 4332 1141 4378 tto.
1166 4334 1271 4378 huma.-
1290 4330 1394 4391 Epistola
1409 4330 1524 4377 Amnlratll

366 4408 392 4454 ul
403 4408 514 4459 liitnlinn
528 4411 670 4471 episeopnn.

429 4489 453 4542 1.
476 4488 555 4543 Hane
572 4487 725 4556 epistolam,
742 4486 772 4541 in
790 4485 818 4542 S.
830 4486 962 4543 Bonifatii
979 4488 1156 4557 epistolarum
1174 4488 1244 4543 serie
1257 4487 1383 4557 positam,
1403 4487 1524 4555 signavit

367 4570 480 4631 term
496 4593 524 4631 n.
538 4578 581 4646 75,
599 4575 812 4631 wmdtwoinius
829 4576 930 4644 n.13i,
950 4576 1068 4631 Gilesius
1084 4592 1112 4630 n.
1127 4578 1187 4632 126.
1259 4574 1284 4630 2.
1306 4575 1522 4631 wormatiensis.

368 4662 390 4715 8
410 4664 538 4721 laniate
555 4662 722 4719 corbeiensi
790 4664 818 4719 4.
841 4662 884 4720 Oi.
902 4664 1034 4719 Einhardi
1050 4664 1163 4721 annales
1180 4664 1246 4733 809,
1270 4664 1342 4719 lion.
1362 4662 1454 4718 Germ.
1473 4661 1522 4717 88.

368 4747 445 4807 1196.
512 4755 539 4809 5.
563 4752 713 4823 Ludovioo,
730 4756 829 4823 postea
846 4753 1017 4822 imperatore.
1089 4756 1114 4809 6.
1139 4752 1253 4823 Signata
1270 4756 1313 4807 est
1327 4750 1396 4806 haee
1407 4751 1523 4821 epistola

370 4851 408 4906 Ψ.
424 4839 556 4899 Smnrinm
574 4842 678 4912 (Epist
695 4840 725 4898 8.
741 4840 886 4911 Bonifatii)
904 4859 931 4898 n.
949 4843 1015 4912 113,
1038 4858 1082 4912 ap.
1095 4842 1323 4898 Witrdtweinium
1341 4858 1367 4896 n.
1389 4841 1453 4911 136,
1477 4856 1521 4910 ap.

369 4924 489 4987 (lilerium
505 4933 607 4988 2125.
