4342 6034
603 784 630 832 s.
646 784 822 833 normann
843 786 888 831 nr
910 784 1012 831 nunnr
1036 784 1224 832 nrrsronnn
1248 784 1293 831 roa
1466 766 1532 832 265

366 926 435 993 licet
455 925 568 1013 positis
592 926 792 1011 antiquorum
816 929 942 1011 patrum
968 924 1102 991 decretis
1125 944 1162 990 ac
1176 923 1298 1010 legibus
1313 925 1533 993 ecclesiasticis

365 1040 487 1126 relictis,
512 1041 604 1108 multi
627 1042 717 1108 iuxta
739 1042 885 1128 proprias
907 1040 1147 1107 adinventiones
1161 1062 1262 1127 prava
1276 1047 1309 1109 et
1323 1041 1533 1129 plurimorum

363 1158 471 1223 nociva
495 1156 591 1223 saluti
613 1158 756 1224 sentiunt
778 1155 947 1223 adfirmant
970 1162 1064 1241 atque
1087 1162 1199 1240 agunt3
1228 1164 1265 1223 ut
1287 1157 1408 1224 scilicet
1429 1161 1533 1223 trans·

363 1277 428 1339 auto
452 1292 536 1339 anno
561 1294 580 1339 a
602 1274 738 1358 quodam
761 1292 895 1356 magnae
911 1272 1109 1339 auctoritatis
1124 1272 1193 1338 uiro
1209 1272 1393 1339 dictumst·
1408 1278 1533 1357 gestum

363 1408 428 1455 esse
450 1394 588 1456 constat.
679 1388 730 1455 Ad
753 1388 831 1455 haec
855 1393 959 1455 autem
982 1408 1055 1472 nos,
1085 1392 1122 1453 ut
1143 1388 1238 1453 timeo
1261 1388 1479 1475 pusillanimes
1502 1393 1535 1455 et

362 1505 461 1570 minus
486 1504 556 1571 zelo
578 1505 719 1571 iustitiae
736 1504 869 1588 accensi,
893 1503 970 1589 quid
985 1502 1071 1569 aliud
1085 1504 1120 1568 in
1134 1504 1247 1590 primis
1264 1522 1357 1586 agere
1372 1505 1532 1588 debemus,

363 1639 451 1705 quarn
481 1624 519 1685 ut
547 1620 761 1687 indesinenter
791 1618 941 1703 suffragia
964 1623 1146 1685 sanctorum
1167 1619 1383 1705 postulemus*
1407 1626 1533 1706 aposto·

362 1735 459 1801 lorum
489 1741 730 1822 martyrumque
753 1734 871 1801 Christi
894 1754 931 1801 ac
953 1734 1180 1801 venerabilium
1205 1736 1382 1801 antistitum
1406 1736 1533 1802 ecclesi·

362 1870 447 1917 arum
462 1850 542 1933 Dei3
567 1858 603 1917 ut
618 1852 658 1919 in
681 1851 750 1935 hoo,
774 1850 858 1935 quod
881 1850 984 1915 uocati
1000 1869 1037 1915 ac
1052 1850 1215 1917 constituti
1232 1870 1351 1931 sumus,
1375 1852 1532 1917 continuis

361 1967 500 2034 excubiis
525 1966 643 2033 Christi
665 1966 769 2051 gratia
791 1986 848 2033 nos
871 1965 967 2031 faciat
989 1984 1211 2051 perseverar03
1237 1972 1269 2034 et
1289 1973 1327 2033 ut
1347 1988 1412 2033 non
1433 1967 1532 2033 simus

359 2084 483 2170 reprobi
509 2084 565 2151 sed
587 2084 688 2167 magis
710 2083 841 2168 accepti,
865 2102 929 2147 non
945 2078 1068 2147 desides
1084 2081 1141 2147 sed
1155 2080 1308 2167 sollertes,
1331 2102 1396 2149 non
1411 2083 1533 2169 disper-

359 2204 463 2283 gentes
479 2200 539 2267 sed
554 2203 790 2283 congregantes,
813 2216 1026 2283 quoscumque
1042 2196 1214 2282 valeamus,
1237 2199 1278 2264 ad
1291 2198 1533 2265 unanimitatem

360 2316 550 2383 christianae
578 2314 739 2399 religionis
767 2320 799 2380 et
826 2314 981 2380 unitatem
1011 2314 1242 2381 ecclesiasticae
1268 2315 1532 2396 conversationis3

360 2436 515 2515 quatenus
542 2430 755 2497 ministerium
778 2435 905 2495 nostrae
928 2429 1174 2515 dispensationis
1197 2436 1230 2497 et
1250 2430 1369 2497 laboris
1392 2430 1534 2498 sollertia

360 2547 397 2612 ad
417 2547 548 2614 laudem
572 2551 604 2613 et
625 2546 759 2630 gloriam
781 2544 843 2612 Dei
866 2546 1092 2631 omnipotentis
1113 2544 1275 2631 proficiat,
1301 2553 1338 2613 ut
1359 2566 1430 2613 cum
1454 2547 1534 2615 bene

360 2662 569 2731 servientibus
599 2682 636 2728 ac
662 2660 859 2749 placentibus
890 2660 958 2727 Deo
987 2661 1174 2746 quandoque
1201 2682 1380 2729 mereamur
1408 2662 1531 2730 audire:

360 2782 474 2847 Beatus
501 2802 623 2860 suum,
655 2800 762 2865 quern,
789 2800 858 2843 cum
880 2780 999 2842 emerit
1021 2778 1195 2859 Dominus,
1219 2782 1374 2845 invenerat
1394 2781 1532 2866 vigilan·

360 2892 450 2973 tcm¹3
482 2896 588 2961 Amen
617 2896 687 2961 dico
716 2895 820 2973 cobis,
853 2895 939 2979 quod
967 2914 1062 2979 cuper
1091 2897 1199 2959 omnio
1225 2895 1309 2959 bono
1335 2918 1395 2960 asca
1416 2900 1532 2962 conca·

360 3024 417 3077 acet
439 3006 540 3077 curn'.

443 3125 492 3193 Et
515 3126 554 3191 ad
578 3124 655 3191 haee
676 3124 870 3208 frequentius
894 3122 1142 3189 admemoriam
1165 3122 1303 3211 exempli
1325 3144 1421 3191 causa
1441 3145 1533 3192 revo-

360 3260 478 3309 cemus:
503 3240 696 3307 recordande
710 3238 882 3307 memoriae
897 3239 1058 3323 egregrius
1073 3240 1225 3323 magister
1239 3246 1272 3307 et
1285 3246 1408 3327 martyr
1422 3241 1533 3309 beatus

360 3355 537 3424 Bonifatius
566 3356 721 3441 quomodo
749 3354 801 3423 vel
832 3362 950 3441 quanta
978 3354 1120 3422 sollertia
1146 3355 1307 3423 laboraret
1331 3357 1367 3422 in
1389 3356 1533 3423 doctrina

360 3470 426 3557 Dei,
450 3476 573 3558 quanta
594 3470 735 3558 pericula
758 3476 851 3557 atquo
868 3470 1069 3539 difficultates
1087 3490 1147 3558 pro
1162 3490 1269 3539 amore
1283 3470 1402 3539 Christi
1417 3478 1450 3539 et
1464 3473 1532 3540 ani·

360 3608 483 3654 marum
506 3588 593 3655 lucro
616 3588 710 3654 etiam
735 3608 835 3672 usque
858 3588 898 3654 ad
920 3588 1025 3675 ipsam
1047 3593 1183 3653 mortem
1204 3586 1339 3654 libenter
1360 3587 1531 3655 tolleraret

360 3700 400 3769 Et
421 3704 499 3790 quia
522 3703 755 3789 Omnipotentis
778 3703 871 3769 modo
893 3703 1060 3769 familiaris
1081 3703 1185 3769 faetus
1207 3708 1266 3787 est,
1288 3703 1459 3789 prudentia
1479 3724 1532 3770 ve-

361 3824 425 3885 stra
447 3818 594 3886 sollerter
618 3818 774 3886 attendat:
799 3820 827 3885 si
850 3820 917 3886 eius
940 3838 996 3885 vos
1019 3823 1164 3905 oporteat
1184 3819 1283 3885 sacris
1299 3819 1532 3885 ammonitioni·

361 3933 416 4003 bus
440 3936 618 4003 consentire
641 3940 673 4001 et
695 3934 824 4021 pietatis
846 3934 932 4001 illius
955 3934 1103 4021 exempla
1123 3954 1181 4019 pro
1204 3934 1324 4001 viribus
1347 3936 1445 4019 sequi
1475 3934 1532 4001 llle

362 4052 460 4135 enim,
491 4056 644 4136 quantum
666 4050 752 4117 illius
775 4050 966 4117 domesticus
988 4050 1091 4117 factus
1114 4054 1178 4134 est,
1200 4070 1295 4135 quem
1317 4051 1437 4117 amarit
1458 4056 1533 4117 ante

362 4168 477 4250 omnia,
500 4172 625 4233 tantum
646 4166 769 4233 maiora
784 4166 867 4253 apud
888 4186 961 4233 eum
975 4166 1095 4253 poterit
1109 4166 1262 4252 optinere.
1296 4164 1388 4233 Unde
1402 4168 1530 4253 quippe,

363 4280 388 4345 si
411 4282 509 4367 aliqui
531 4282 742 4349 subiectorum
765 4282 861 4365 illius,
885 4282 998 4366 quibus
1020 4302 1092 4349 eum
1108 4282 1266 4366 quondam
1281 4282 1390 4348 diuina
1404 4283 1531 4369 dispen-

363 4398 440 4463 satio
469 4398 644 4481 magisterii
672 4396 742 4463 loco
770 4398 918 4484 prefecit,
949 4398 988 4465 ab
1017 4398 1084 4464 eius
1112 4398 1308 4463 documentis
1336 4398 1531 4483 spiritalibus

364 4512 550 4581 dissentiunt
572 4512 623 4579 rel
645 4533 746 4599 prava
767 4514 1005 4581 conuersatione
1027 4514 1192 4598 recedunt,
1216 4513 1270 4597 qui
1292 4512 1438 4579 defensor
1459 4514 1530 4580 illo-

364 4648 432 4694 rum
453 4630 487 4695 in
509 4634 617 4697 eterno
639 4628 756 4695 iudicio
779 4649 847 4697 esse
870 4629 983 4716 potuit,
1007 4628 1043 4696 lit
1064 4630 1171 4715 potius
1194 4634 1358 4696 accusator
1380 4634 1412 4696 et
1432 4631 1529 4697 ratio-

434 4784 455 4816 n.
474 4784 487 4817 e
504 4772 531 4817 7.
608 4770 632 4817 b.
650 4769 792 4831 postulamus
810 4770 837 4819 7.

434 4875 459 4929 1.
482 4874 577 4931 llattlr.
590 4876 634 4945 24,
645 4875 696 4946 463
715 4876 781 4931 Luc.
795 4875 837 4944 12,
850 4874 893 4929 37.
983 4876 1009 4930 2.
1033 4872 1130 4931 liattlr.
1143 4874 1186 4946 24,
1198 4876 1243 4931 47.

1596 936 1649 991 755

1542 1012 1638 1057 exeunte
1643 1022 1701 1056 anno
