4342 6034
623 688 665 755 72
870 703 897 751 s.
913 702 1091 751 scamnum
1112 702 1156 748 uu
1177 700 1282 748 uuum
1302 695 1543 747 serenoque-rs

462 854 602 910 tle-'122
711 844 802 913 Unde
825 848 857 911 et
879 844 993 911 devota
1014 842 1227 911 benivolentia
1248 860 1351 929 pauca
1372 845 1445 907 tuae
1467 859 1635 925 suggerere
1654 839 1792 927 prudeu-

621 964 685 1030 tiae
708 962 832 1045 curavi,
864 980 925 1045 quo
948 960 1050 1043 magis
1074 958 1219 1024 advertas
1241 956 1414 1023 secuudum
1435 976 1542 1023 meum
1564 976 1708 1039 sensum,
1731 975 1794 1041 qua

620 1078 821 1167 potissimum
843 1076 966 1143 ratione
981 1070 1225 1142 obstinationem
1240 1072 1412 1157 agrestium
1427 1072 1612 1140 convincere
1625 1078 1792 1160 promptus

619 1214 726 1281 queas.
817 1192 927 1277 Neque
956 1192 1040 1258 euim
1067 1189 1226 1257 contraria
1247 1188 1292 1255 eis
1315 1188 1355 1255 de
1376 1188 1535 1274 ipsorum,
1567 1189 1711 1273 quamvis
1733 1188 1792 1255 ial-

620 1330 741 1395 somm,
771 1308 901 1375 deorum
933 1306 1132 1391 genealogia·
1155 1310 1296 1372 astruere
1319 1300 1432 1371 debes¹
1454 1352 1596 1370 .......
1620 1304 1792 1371 secundum

620 1445 729 1493 eorum
758 1424 946 1512 opinionem.
983 1421 1146 1501 Quoslibet
1174 1420 1214 1487 ab
1243 1420 1314 1486 aliis
1336 1424 1501 1504 generatos
1524 1441 1583 1507 per
1604 1419 1793 1507 conplexum

619 1539 744 1608 maritih
768 1559 804 1606 ac
831 1539 948 1606 femine
977 1538 1114 1607 concede
1143 1557 1196 1603 eos
1225 1556 1379 1617 asserere;
1407 1541 1444 1601 ut
1470 1535 1577 1603 saltim
1598 1536 1708 1620 modo,
1737 1536 1793 1605 ho

619 1657 740 1723 minum
768 1661 861 1722 natos
884 1655 959 1722 deos
983 1674 1019 1721 ac
1043 1654 1118 1720 deas
1139 1653 1283 1719 homines
1305 1653 1411 1739 potius
1432 1671 1498 1718 uon
1519 1651 1595 1718 deus
1617 1652 1733 1737 fuisse,
1761 1658 1794 1720 ct

619 1773 740 1859 cepisse
763 1772 817 1856 qui
841 1776 914 1839 ante
936 1791 1000 1837 uon
1023 1775 1124 1853 erant,
1147 1768 1271 1855 prebes.

708 1886 788 1955 (ium
812 1908 896 1972 vero,
919 1887 1045 1954 initium
1068 1884 1185 1951 habere
1208 1883 1294 1969 deos,
1315 1889 1426 1971 utpote
1449 1884 1527 1977 alios
1550 1884 1590 1951 ab
1613 1883 1684 1951 aliis
1698 1904 1794 1969 geue·

618 2010 720 2088 ratos,
750 2004 850 2071 coacti
879 2003 1063 2086 didicerint,
1093 2002 1171 2068 item
1198 2001 1429 2084 interrogandi:
1458 2005 1566 2067 utrum
1587 2002 1715 2069 initium
1737 2004 1793 2070 ha-

619 2120 693 2188 bere
714 2119 798 2185 hunc
820 2118 973 2185 muudum
997 2139 1037 2185 an
1061 2118 1129 2185 siue
1152 2117 1243 2183 initio
1264 2137 1389 2203 semper
1409 2117 1569 2185 exstitisse
1590 2118 1792 2187 arbitrentur.

620 2235 655 2303 si
684 2235 811 2301 initium
840 2234 965 2318 habuit,
994 2234 1064 2318 quis
1093 2232 1177 2300 huuc
1203 2232 1341 2299 creavit?
1369 2252 1442 2299 cum
1469 2232 1580 2320 procul
1602 2234 1697 2301 dubio
1719 2242 1793 2304 ante

620 2350 876 2419 constitutionem
904 2348 1020 2415 saeculi
1049 2348 1229 2415 nullatenus
1257 2348 1389 2432 genitis⁰
1413 2348 1474 2414 diis
1502 2349 1669 2417 inveniunt
1691 2352 1793 2421 subsi-

620 2466 724 2533 stendi
746 2464 797 2532 vel
818 2464 982 2531 habitandi
1004 2464 1118 2531 locum.
1152 2462 1306 2530 Mundum
1329 2465 1414 2530 euim
1434 2484 1498 2529 non
1512 2464 1614 2532 hancd
1637 2468 1793 2536 visibilem

620 2587 743 2649 tautum
780 2580 902 2648 caelum
936 2585 968 2647 et
996 2586 1114 2647 terram
1144 2580 1200 2645 sed
1228 2585 1341 2646 cuncta
1368 2580 1464 2646 ctiam
1494 2587 1623 2649 extenta
1652 2584 1794 2653 locorum

620 2698 782 2787 spatia-
802 2716 882 2783 quae
909 2696 971 2783 ipsi
995 2716 1119 2781 quoque
1141 2696 1275 2782 pegaui⁰
1298 2696 1363 2761 suis
1385 2696 1574 2780 imaginare'
1595 2700 1794 2784 cogitationi·

619 2814 677 2883 bus
713 2818 846 2902 possunt
872 2850 914 2859 -
943 2812 1021 2879 dico.
1115 2809 1232 2889 Quodsi
1262 2812 1330 2877 sine
1358 2812 1449 2878 initio
1481 2833 1607 2901 semper
1634 2818 1794 2885 exstitisse

619 2932 772 2998 mundum
804 2929 1089 2996 contenderint-
1114 2928 1197 3014 quod
1224 2928 1332 2993 multis
1361 2928 1499 2997 refirtare
1528 2940 1582 2995 ac⁸
1609 2933 1794 3002 convincere

619 3047 815 3114 documentis
837 3042 1092 3129 argumentisque
1107 3045 1197 3111 stude
1213 3081 1255 3090 —
1272 3044 1397 3111 tamen*¹
1413 3044 1600 3113 altercantes
1617 3048 1792 3135 interroga:

620 3165 690 3249 quis
715 3168 787 3229 aute
810 3166 901 3227 natos
925 3160 999 3226 deos
1022 3161 1140 3226 mundo
1163 3160 1354 3246 imperaret?
1382 3162 1452 3246 quis
1472 3164 1615 3247 regeret?
1638 3168 1793 3249 quomodo

621 3284 726 3345 autem
749 3298 805 3343 suo
830 3276 963 3343 subdere
987 3276 1175 3342 dominatui*
1191 3276 1243 3342 uel
1257 3277 1306 3342 sui
1322 3276 1400 3343 iuris
1415 3278 1518 3345 facere
1533 3280 1697 3365 mundum,
1721 3288 1794 3350 ante

620 3415 654 3462 se
677 3414 802 3480 semper
825 3392 1064 3476 subsistentem,
1092 3392 1282 3478 potuerunt?
1310 3394 1393 3460 uude
1416 3400 1521 3461 autem
1544 3396 1595 3462 vel
1617 3417 1637 3463 a
1659 3419 1720 3484 quo
1743 3400 1794 3467 vel

621 3509 745 3595 quaudo
781 3508 969 3575 substitutus
1005 3514 1059 3575 aut
1091 3509 1215 3593 genitus
1245 3510 1368 3595 primus
1397 3511 1474 3577 deus
1504 3511 1554 3578 vel
1582 3512 1643 3580 dea
1669 3514 1793 3583 fuerat?

620 3630 728 3693 utrum
752 3630 858 3691 autem
882 3624 983 3690 adhuc
1005 3645 1156 3709 generare
1178 3626 1252 3692 deos
1276 3626 1413 3711 deasque
1435 3626 1514 3694 alios
1535 3628 1675 3715 aliasque
1691 3633 1794 3719 suspi-

621 3742 752 3810 cantur?
786 3738 862 3825 Vel,
886 3740 1000 3807 eiiam
1023 3760 1086 3807 nou
1109 3747 1271 3827 generant,
1295 3743 1418 3828 quaudo
1442 3744 1493 3811 vel
1515 3765 1572 3812 cur
1593 3754 1795 3815 cessaverunt

622 3857 831 3927 accucubitu
860 3862 891 3924 et
919 3862 1030 3944 partu3
1062 3859 1091 3923 si
1117 3864 1222 3925 autem
1246 3858 1348 3924 adhuc
1369 3867 1535 3945 generant,
1564 3860 1706 3929 infinitus
1728 3864 1794 3931 iam

622 3976 753 4042 deorum
776 3972 904 4041 effectus
926 3994 1075 4040 numerus
1100 3978 1156 4040 est
1191 3972 1234 4040 Et
1257 3975 1327 4060 quis
1349 3974 1434 4041 tamk
1457 3977 1539 4043 inter
1561 3982 1609 4044 tot
1626 3983 1794 4065 tantosque

621 4091 781 4179 potentior
805 4092 862 4176 sit,
890 4090 1044 4157 incertum
1068 4091 1255 4158 mortalibus
1278 4096 1341 4175 est3
1373 4097 1405 4158 et
1427 4092 1519 4159 valde
1541 4096 1730 4182 cavendum,
1753 4118 1794 4164 ne

695 4298 716 4333 a.
737 4285 893 4345 genealogium
909 4288 958 4332 Mt.
1035 4286 1058 4332 b.
1080 4287 1149 4333 maris
1166 4289 1193 4335 C.
1271 4301 1291 4333 c.
1310 4288 1386 4345 gentis
1403 4288 1477 4343 ΜΝ,
1493 4306 1550 4335 corr.
1565 4294 1588 4337 s'a
1603 4291 1688 4349 genitis
1704 4294 1737 4348 C,·
1755 4305 1793 4350 ge·

622 4366 678 4413 uitis
694 4367 743 4413 Mb.
821 4366 844 4411 d.
865 4365 924 4412 haue
940 4368 1014 4421 MaV,
1031 4384 1088 4411 corr.
1104 4370 1127 4412 r'n
1142 4366 1203 4413 huuc
1219 4370 1252 4423 C,·
1270 4367 1315 4414 boc
1330 4370 1380 4415 Mt.
1458 4382 1487 4430 a„
1498 4369 1588 4428 paginis
1605 4374 1656 4425 Ma,
1670 4372 1749 4431 pagini
1766 4374 1793 4421 V.

622 4446 639 4493 f.
660 4464 716 4491 corr.
733 4449 755 4491 in
775 4446 892 4504 imaginari
910 4448 936 4493 C.
1022 4458 1044 4504 g.
1065 4446 1095 4492 ad
1112 4447 1205 4500 MaW,
1221 4465 1278 4493 corr.
1294 4450 1317 4493 tn
1337 4462 1365 4495 ac
1381 4451 1408 4496 C.
1492 4447 1515 4494 h.
1537 4450 1615 4497 studet
1632 4463 1679 4496 non
1695 4452 1737 4497 Mt
1750 4469 1793 4510 pro

623 4526 698 4583 stude,
714 4528 797 4572 umen.
875 4526 890 4571 i.
907 4524 1035 4572 dominatur
1045 4530 1097 4572 Ma.
1173 4526 1197 4572 k
1212 4528 1259 4573 tam
1272 4528 1358 4584 MatV,
1374 4546 1432 4575 corr.
1447 4532 1471 4575 bs
1485 4529 1531 4575 iam
1543 4532 1569 4577 C.

695 4632 720 4686 1.
744 4630 772 4685 iu
796 4628 937 4685 codicibus
961 4644 1015 4685 nou
1038 4630 1161 4698 sequitur
1183 4631 1290 4687 lacuna
1323 4630 1378 4688 Sed
1399 4633 1444 4688 bic
1466 4632 1605 4703 quoddam
1628 4633 1663 4689 de
1681 4634 1793 4691 interro

623 4720 721 4790 gaudis
739 4718 855 4791 paganis
873 4718 1015 4775 consilium
1034 4718 1177 4790 excidisse,
1196 4720 1296 4776 docent
1313 4736 1347 4776 ca
1364 4738 1436 4792 quac
1453 4726 1518 4793 post
1534 4722 1625 4793 paullo
1643 4728 1794 4795 sequuntur

623 4808 722 4865 uerba:
742 4810 829 4882 „item
847 4808 1045 4879 interrogandi:
1064 4808 1188 4865 utrum“.
