4342 6034
674 768 739 835 ³06
882 786 909 833 e.
925 784 1103 834 somam
1123 786 1168 833 sn·
1190 785 1293 833 nonu
1313 785 1502 833 nemnem
1525 784 1577 832 rar.
1595 785 1639 831 rso
1909 835 1914 912 Ι

514 936 656 993 lto-lte
673 928 781 1013 dibre,
803 926 891 994 Deus
913 928 1005 995 tastis
1027 932 1085 993 ost
1121 924 1157 993 Si
1179 930 1284 994 antem
1306 925 1367 993 tibi
1388 926 1507 995 bonum
1529 926 1654 995 ridetur
1673 930 1705 993 at
1718 932 1827 993 taaro
1913 936 1914 940 ’

671 1042 779 1111 luntas
800 1044 854 1127 sit,
879 1048 916 1109 nt
938 1043 979 1109 ad
1001 1063 1057 1109 vos
1080 1042 1173 1111 eitins
1196 1043 1334 1127 redeam,
1357 1041 1507 1109 soolesiae
1529 1048 1563 1110 et
1583 1041 1771 1125 ministerio,
1789 1042 1829 1107 oei

673 1164 747 1227 ante
774 1158 945 1243 deservivi,
973 1179 1025 1226 me
1053 1159 1211 1243 dimittas,
1242 1158 1373 1242 dignum
1400 1178 1477 1241 rogo
1506 1164 1538 1225 et
1565 1158 1704 1225 obseero.
1740 1158 1831 1224 Anioi

672 1276 738 1342 mei
765 1280 798 1343 et
824 1276 995 1363 propinqui
1019 1280 1052 1341 et
1071 1280 1192 1342 terram
1214 1280 1246 1341 et
1268 1274 1475 1341 hereditatem
1498 1294 1589 1341 snam
1611 1274 1689 1341 mibi
1712 1274 1831 1361 pronit-

672 1396 745 1459 tunt
767 1396 800 1458 et
821 1390 897 1459 dare
920 1392 1102 1479 disponant
1126 1392 1154 1458 si
1176 1390 1228 1457 bio
1250 1410 1323 1457 oum
1345 1389 1391 1457 eis
1414 1409 1600 1476 permanere
1623 1390 1775 1477 dispon03
1793 1390 1833 1456 sin
1919 1430 1920 1469 3

673 1513 790 1593 antem,
813 1506 925 1575 alionis
947 1508 1131 1594 permittere
1154 1506 1278 1575 debent
1313 1505 1357 1573 Et
1377 1504 1459 1589 ideo,
1483 1508 1529 1573 mi
1549 1506 1674 1590 domne,
1697 1526 1757 1594 per
1771 1528 1834 1594 pro·

673 1624 813 1701 dentiam
840 1628 929 1691 taam
959 1630 992 1691 et
1018 1644 1073 1691 eor
1094 1622 1300 1707 intellegibile
1322 1626 1483 1708 pertraota
1504 1628 1537 1689 et
1559 1622 1740 1707 tonsillam,
1772 1621 1835 1708 qnid

671 1741 732 1808 tibi
753 1741 872 1808 bonnm
894 1740 1021 1807 videtur
1042 1745 1075 1807 et
1097 1745 1229 1823 reotnm,
1254 1744 1287 1805 et
1308 1736 1388 1805 illud
1406 1772 1447 1783 -
1468 1744 1501 1805 et
1522 1742 1559 1804 nt
1580 1738 1657 1823 dixi,
1680 1758 1740 1825 per
1762 1738 1836 1805 litte

671 1876 724 1923 ras
748 1892 790 1903 -
813 1856 936 1923 intima
981 1854 1058 1923 Vita
1084 1856 1202 1923 etenim
1229 1854 1343 1922 oomite
1370 1860 1403 1921 et
1429 1852 1497 1921 Deo
1527 1854 1732 1939 eonoedente,
1763 1854 1837 1939 qnod

672 1973 780 2057 inber,
820 1974 927 2041 tatere
959 1972 1103 2058 dispono.
1197 1970 1348 2039 Orantem
1382 1989 1440 2055 pro
1474 1969 1584 2037 nobis·
1617 1970 1837 2039 beatitudinem

672 2094 811 2157 vestram
838 2087 948 2155 divine
973 2086 1193 2155 miserirordia
1219 2088 1253 2153 in
1282 2091 1471 2174 perpetuum
1502 2086 1660 2155 custodire
1687 2088 1836 2173 dignetur.

672 2206 786 2272 Amen.

761 2320 831 2404 Ego
852 2319 1022 2403 Erotium,
1046 2318 1205 2404 quondam
1227 2322 1378 2403 cognatos
1401 2323 1491 2402 bins,
1514 2318 1617 2385 saluto
1639 2324 1687 2401 te;
1711 2318 1839 2387 multum

673 2456 799 2523 rogans,
821 2442 868 2521 nt,
891 2435 1042 2522 quioquid
1063 2434 1352 2523 reprehensibiliter
1375 2436 1528 2523 seriptum
1545 2436 1716 2523 repperiet
1740 2436 1839 2503 indeo

561 2605 564 2611 .
672 2559 725 2620 tae
752 2550 909 2639 ineptiae*
931 2552 1087 2635 ignosoas.
1121 2550 1252 2619 Utinam
1281 2550 1400 2619 sideri
1422 2556 1528 2638 potest
1550 2551 1714 2619 etsiDei
1737 2552 1840 2619 volm-

672 2674 723 2737 tas
750 2668 809 2753 sit,
837 2673 875 2735 nt
902 2668 985 2735 faeie
1012 2667 1055 2734 ad
1081 2666 1196 2734 faeiem
1223 2666 1386 2735 videamus
1415 2686 1482 2735 nos
1529 2668 1608 2736 Vale
1634 2673 1668 2736 et
1689 2674 1841 2737 memento

672 2785 783 2852 nostri.
834 2783 1014 2851 llaobarias
1041 2782 1160 2870 polaris
1190 2782 1282 2851 aulae
1308 2788 1513 2871 pantocrator
1541 2783 1680 2853 olemens
1708 2784 1764 2853 din
1794 2804 1841 2851 ros

543 3007 545 3010 Ι
672 2900 845 2969 incolomes
866 2900 1026 2968 eustodire
1048 2899 1205 2983 droant.

679 3112 766 3187 138.
786 3115 954 3203 Cyntwds
964 3137 1021 3181 reo
1036 3113 1277 3181 occidentalium
1293 3112 1459 3180 Senonum
1474 3126 1502 3179 et
1517 3116 1583 3179 eim
1599 3115 1741 3201 episcopi
1752 3114 1843 3179 laeuo

787 3234 934 3319 episeopo
956 3230 1099 3297 amabunt
1119 3232 1159 3295 de
1180 3231 1295 3295 mouet
1316 3230 1550 3316 prorepetitio
1564 3230 1729 3315 feriendis
1737 3240 1758 3295 ⁸.

1419 3342 1455 3427 (S
1472 3346 1547 3431 112,
1570 3342 1610 3411 W
1628 3346 1702 3429 134,
1722 3342 1753 3411 G
1773 3344 1843 3425 124)

517 3494 658 3551 ‘lot-'186
716 3480 749 3547 ÷
771 3479 909 3546 Domino
931 3478 1114 3547 beatissimo
1137 3482 1170 3545 et
1191 3476 1321 3563 speoiali
1343 3497 1450 3545 amore
1472 3478 1651 3545 venerando
1666 3476 1758 3545 Lollo
1780 3478 1844 3563 epi·

676 3616 772 3683 stopo
801 3615 859 3679 ego
882 3594 1027 3682 Gynewlf
1050 3613 1108 3660 rex
1137 3592 1378 3660 occidentalium
1399 3590 1578 3661 Saxonnm¹
1600 3614 1665 3661 nna
1687 3614 1757 3663 oum
1781 3593 1845 3680 opi·

676 3712 780 3799 soopis
804 3712 885 3779 meis
905 3730 965 3778 neo
985 3730 1050 3776 non
1071 3729 1144 3777 oum
1167 3712 1294 3777 aeterra
1316 3714 1480 3797 satrapum
1503 3716 1664 3779 aeternam
1686 3710 1845 3799 sospitatis

675 3828 711 3895 in
733 3828 870 3895 Domim
894 3826 1037 3893 snlntem

765 3942 898 4029 Tibiqne
919 3941 1140 4026 tesblioantes‚
1170 3940 1254 4027 quod
1276 3940 1366 4009 iuxta
1388 3942 1517 4009 modum
1538 3946 1667 4009 nostrae
1689 3940 1845 4029 possibili-

632 4122 638 4129 ,
675 4059 767 4145 tatis,
791 4059 940 4145 quioquid
962 4063 1019 4125 tue
1040 4058 1192 4126 sanotitas
1216 4056 1442 4125 desideraverit
1462 4058 1529 4125 eive
1548 4057 1692 4142 iusserit,
1715 4058 1847 4125 libenter

677 4196 772 4261 agere
795 4176 901 4263 parati
927 4196 1048 4259 sumna,
1069 4178 1107 4241 nt
1131 4193 1204 4241 enm
1223 4172 1477 4243 reverentissimo
1499 4178 1531 4239 et
1553 4173 1755 4241 sanctissimo
1778 4172 1847 4239 siro

677 4291 740 4360 Dei
765 4292 983 4380 predecessori
1010 4298 1065 4357 too
1088 4289 1246 4357 Bonifatio
1274 4290 1470 4377 pepigimus,
1500 4289 1624 4357 sivein
1654 4287 1846 4357 orationibus

677 4408 746 4475 Deo
774 4408 898 4476 devotis
924 4428 982 4475 seu
1009 4406 1043 4473 in
1072 4406 1144 4473 aliis
1167 4404 1359 4491 quibuslibet
1380 4404 1490 4490 rebus,
1519 4405 1553 4471 in
1576 4405 1690 4491 quibas
1712 4405 1849 4473 bumana

677 4525 844 4610 fragilitas,
866 4523 935 4591 Deo
956 4522 1159 4609 disponente,
1183 4522 1301 4589 mntnis
1326 4521 1511 4591 alterutrum
1527 4520 1652 4589 solaoiis
1669 4540 1761 4607 ogere
1773 4538 1846 4587 oon·

751 4716 772 4749 e
792 4700 859 4748 voon
877 4700 905 4747 r.
988 4698 1012 4746 o.
1031 4697 1125 4759 inp’tiaa
1144 4700 1171 4747 r.
1256 4711 1276 4747 e
1298 4716 1327 4746 a
1343 4698 1368 4748 r
1380 4698 1502 4747 ro-ree.
1531 4700 1637 4748 mna.-
1658 4696 1761 4760 aenon
1775 4696 1846 4755 oino-

679 4781 740 4829 srrltl
755 4782 816 4840 regis
831 4780 862 4828 ad
875 4779 965 4827 bellom
980 4778 1121 4840 eplaeopm

751 4887 776 4941 1.
800 4884 836 4940 de
853 4899 908 4955 qno
925 4881 961 4940 ot.
979 4881 1163 4955 bappenberg
1180 4882 1279 4939 Gesob.
1298 4898 1352 4940 von
1370 4882 1497 4955 England
1514 4882 1528 4939 I
1546 4884 1607 4940 265.
