4342 6034
632 750 699 817 250
878 766 904 815 s.
921 766 1101 817 somam
1121 768 1167 814 nr
1188 767 1292 815 uuum
1312 764 1502 815 semrom
1525 765 1571 813 roo

473 917 614 973 735-755
721 908 815 975 Dona
842 928 880 975 ac
907 908 1030 976 libellos
1059 906 1261 975 dulcissimae
1290 906 1495 975 beatitudinis
1522 910 1647 974 vestrae
1673 924 1694 971 a
1720 904 1810 972 vobis

632 1024 753 1091 directa
785 1026 924 1108 gratanti
959 1025 1065 1090 animo
1099 1023 1273 1107 gaudentes
1307 1024 1515 1110 suscepimus.
1563 1021 1735 1108 suspensis
1770 1020 1810 1085 ad

633 1140 741 1207 ethera
762 1140 877 1226 palmis
902 1160 1073 1227 supernum
1097 1159 1205 1222 regern
1234 1138 1484 1222 obsecravimus,
1512 1144 1550 1204 ut
1575 1137 1665 1204 vobis
1693 1137 1729 1203 iu
1757 1156 1810 1202 su·

632 1276 733 1343 perna
767 1256 967 1340 angelorum·
996 1256 1085 1321 curia
1118 1253 1265 1320 florentia
1297 1254 1451 1321 mercedis
1479 1254 1624 1340 praemia
1650 1252 1808 1319 restituat

633 1370 726 1437 Modo
758 1376 862 1437 subm
892 1371 1069 1437 sanctitatis
1098 1376 1221 1435 vestrm
1244 1368 1445 1435 clementiam
1467 1369 1590 1467 intimis
1611 1367 1810 1455 postulamus

634 1486 791 1573 precibus,
815 1492 851 1551 ut
872 1506 931 1572 pro
954 1486 1044 1552 nobis
1067 1484 1285 1551 laborantibus
1307 1489 1341 1550 et
1362 1484 1615 1570 periclitantibus
1636 1486 1741 1571 pietus
1756 1504 1809 1551 ve·

633 1608 702 1669 stra
730 1621 861 1668 exorare
892 1600 1056 1684 dignetur3
1094 1601 1170 1685 quia
1198 1598 1328 1684 grandis
1357 1600 1448 1666 uobis
1476 1600 1648 1667 necessitas
1675 1599 1810 1666 inminet

632 1719 788 1784 iustorum
812 1716 1014 1783 affiuvamina
1035 1721 1201 1803 expeter03
1225 1716 1301 1800 quia
1322 1716 1479 1801 scriptum
1502 1720 1567 1783 est:
1591 1716 1731 1781 Multum
1751 1740 1808 1781 va·

634 1834 676 1900 let
709 1836 886 1921 deprecatio
921 1836 999 1898 iusti
1031 1835 1169 1897 adsidua
1177 1827 1194 1895 ¹.
1244 1830 1405 1898 Enarrare
1441 1836 1548 1898 autern
1577 1831 1686 1897 omnia
1714 1830 1809 1913 mals,

633 1967 714 2033 quae
741 1968 799 2013 nos
829 1948 1026 2013 extrinsecus
1054 1952 1086 2013 et
1108 1946 1298 2013 intrinsecus
1319 1946 1475 2033 patimur,
1503 1945 1683 2033 epistolaris
1706 1946 1810 2013 brevi·

631 2060 702 2129 tasb
725 2062 881 2149 prohibet

722 2176 815 2244 Modo
839 2177 924 2243 enim
946 2176 1105 2243 inhianter
1127 2177 1359 2245 desiderantes⁰
1381 2176 1573 2261 flagitamus,
1595 2182 1632 2243 ut
1653 2176 1747 2245 nobis
1769 2177 1811 2244 ad

631 2292 783 2378 gaudium
806 2294 938 2359 meroris
961 2294 1063 2359 nostri
1085 2313 1123 2359 eo
1145 2292 1250 2377 inodo,
1273 2312 1335 2377 quo
1359 2298 1391 2359 et
1413 2297 1487 2359 ante
1509 2293 1574 2359 iam
1596 2294 1728 2378 fecistis,
1752 2294 1809 2361 ali·

633 2429 728 2494 quam
750 2408 939 2495 particulam
962 2407 1013 2473 vel
1035 2407 1205 2475 scintillam
1228 2408 1267 2474 de
1281 2407 1414 2475 candela
1427 2408 1609 2493 aecclesiae,
1631 2410 1747 2494 quam*
1761 2411 1809 2475 in·

632 2524 715 2591 luxit
738 2523 877 2611 Spiritus
905 2528 1033 2589 sanctus
1062 2524 1097 2589 in
1125 2524 1306 2607 sagionibus
1333 2524 1515 2611 provinciae
1544 2530 1687 2609 vestras,
1716 2525 1808 2593 nobis

633 2640 793 2706 destinare
815 2639 947 2721 curetis3
971 2638 1004 2704 id
1028 2644 1090 2705 est:
1114 2644 1150 2703 ut
1172 2637 1211 2706 de
1233 2639 1431 2723 tractatibus,
1455 2660 1533 2725 quos
1549 2640 1704 2727 spiritalis
1719 2660 1807 2727 pres·

633 2738 718 2823 biter
745 2760 777 2821 et
805 2755 1013 2839 investigator
1046 2759 1227 2820 sanctarum
1260 2754 1491 2841 scripturarum
1518 2754 1606 2823 Reda
1637 2757 1807 2824 reserando

632 2872 807 2959 conposuit,
825 2876 948 2959 partem
966 2870 1226 2955 qualemcumque
1236 2871 1453 2937 transmittere
1463 2872 1652 2956 dignemini3
1668 2874 1806 2939 maxime

634 2994 757 3072 autem,
788 2988 816 3055 si
844 2988 912 3053 iore
939 2987 1040 3073 possit
1064 3022 1105 3033 -
1130 2984 1214 3071 quod
1236 2984 1327 3051 nobis
1350 2987 1607 3071 praedicantibus
1628 2988 1754 3056 babile·
1775 2994 1806 3057 et

633 3104 782 3170 manuale
806 3109 838 3170 et
860 3100 1047 3169 utillimum‘
1070 3122 1139 3168 esse
1161 3100 1287 3167 videtur
1302 3135 1345 3147 -·
1362 3122 1457 3190 super
1479 3082 1699 3172 lectionarium
1717 3106 1806 3171 anni·

633 3215 829 3287 versarium¹
853 3223 886 3285 et
907 3217 1075 3304 proverbia
1091 3211 1293 3282 Salomonis'.
1329 3215 1411 3295 Quia
1432 3221 1696 3287 commentarios⁸
1711 3240 1806 3308 super

632 3335 690 3402 illa
713 3354 784 3401 eum
809 3332 987 3400 condidisse
1011 3332 1197 3398 audivimus.
1344 3320 1348 3327 ’

721 3450 807 3515 Inter
831 3468 869 3515 ea
891 3448 1032 3514 maxima
1053 3464 1112 3514 nos
1135 3448 1221 3531 cogit
1242 3450 1430 3534 necessitas,
1458 3452 1557 3517 vestri
1579 3450 1703 3518 consilii
1724 3450 1806 3517 iudi·

632 3566 715 3631 cium
739 3564 908 3649 inquirere.
944 3564 1025 3629 Nam
1049 3563 1124 3629 dum
1147 3564 1296 3630 invenero
1312 3565 1523 3651 presbiterum
1538 3568 1600 3633 iam
1617 3572 1691 3634 ante
1705 3567 1806 3634 multa

632 3688 776 3767 tempora
802 3668 928 3766 lapsum
957 3679 990 3743 in
1018 3678 1258 3745 fornicationem
1282 3716 1324 3726 -
1349 3681 1400 3747 eth
1422 3686 1496 3768 post
1522 3684 1751 3769 poenitentiam
1772 3685 1806 3749 in

632 3794 770 3862 officium
793 3796 910 3879 padus
939 3795 988 3860 sui
1016 3816 1035 3860 a
1058 3794 1189 3861 Francis
1216 3796 1332 3862 iterum
1359 3798 1528 3864 restitutus
1556 3804 1621 3882 est,
1650 3804 1684 3866 et
1711 3820 1805 3884 nunc,

631 3910 777 3978 babitans
807 3910 840 3976 in
868 3910 1024 3977 latissimo
1047 3930 1131 3997 pago
1153 3910 1307 3979 fidelium‘
1330 3913 1386 3979 sed
1408 3914 1583 3980 errantium
1604 3914 1805 4001 populorum,

632 4028 701 4094 sine
724 4026 795 4093 aliis
819 4026 1034 4094 sacerdotibus
1058 4026 1144 4093 solus
1167 4028 1329 4093 ministrat
1351 4026 1561 4115 baptismum,
1589 4035 1623 4096 et
1651 4029 1805 4097 solemnis

633 4142 803 4209 missarum
825 4141 986 4210 celebrans
1009 4176 1050 4189 —-
1075 4142 1171 4208 modo
1193 4148 1309 4227 sutem,
1333 4145 1362 4210 si
1384 4145 1676 4212 talernseenndum
1697 4147 1804 4213 iustis-

631 4258 727 4324 simos
757 4278 892 4325 canones
920 4258 1095 4343 abstulero,
1129 4258 1304 4326 morientur
1338 4260 1407 4325 sine
1439 4279 1531 4326 sacro
1557 4262 1804 4345 regenerationis

630 4374 717 4441 tonte
740 4374 878 4442 insanus
899 4379 1029 4461 propter
1051 4374 1214 4444 raritatem
1238 4375 1446 4459 sacerdotum,
1469 4376 1498 4442 si
1520 4375 1684 4445 meliorem
1701 4378 1743 4447 sd
1757 4397 1804 4445 re

704 4594 724 4625 a
746 4578 864 4637 anglorum
882 4582 916 4625 M.
1015 4578 1036 4624 b.
1058 4578 1162 4624 brabitss
1179 4580 1206 4625 V.
1303 4592 1324 4625 c
1344 4576 1501 4626 desideranter
1518 4584 1552 4627 tl.
1650 4582 1674 4629 d.
1694 4596 1762 4644 qssm
1777 4585 1801 4631 c.

632 4673 651 4707 e.
672 4658 731 4705 abile
750 4660 778 4707 V.
849 4658 866 4705 f.
886 4662 920 4705 stc
937 4659 1006 4704 codd.
1069 4670 1092 4715 g.
1112 4658 1292 4705 commentarios
1309 4660 1337 4707 V.
1399 4658 1422 4705 b.
1444 4662 1468 4706 et
1483 4676 1526 4705 osu.
1543 4664 1578 4707 la.
1643 4663 1754 4711 tntum
1770 4668 1801 4711 Ι.

705 4766 728 4816 1.
753 4760 941 4831 lacob.5,16.
1014 4762 1039 4815 2.
1064 4762 1081 4815 i.
1096 4777 1121 4816 e.
1138 4762 1232 4818 Bodas
1249 4762 1382 4833 bomiliss,
1399 4778 1472 4832 quse
1488 4767 1618 4836 leguntur
1634 4767 1663 4822 in
1680 4765 1798 4837 opped

631 4848 707 4906 Giles
719 4850 752 4905 T.
763 4850 796 4905 V.
846 4852 871 4904 3.
890 4848 978 4919 Super
989 4848 1136 4919 parabolas
1149 4851 1310 4921 Salomonis,
1323 4850 1417 4907 Bedse
1428 4868 1492 4923 opp.
1503 4854 1548 4910 od
1560 4854 1638 4912 (illes
1649 4855 1690 4911 lx
1698 4856 1734 4911 ⁶3
1742 4868 1797 4925 squ
