4342 6034
640 732 704 797 180
865 748 891 795 s.
909 747 1086 797 sosrraru
1108 748 1153 795 rr
1175 747 1277 794 uuuur
1298 746 1486 794 sersronas
1508 745 1589 792 onas

324 886 338 929 ³
478 898 617 956 744-747
638 890 804 957 domorum
832 890 907 955 vitis
937 908 1061 973 eorum,
1091 893 1124 956 et
1151 897 1309 975 propago·
1333 908 1443 955 eorum
1465 907 1506 954 ex
1528 884 1694 969 Gomorra,
1716 888 1750 951 et
1771 885 1812 951 sit

637 1007 726 1073 furor
749 1006 921 1073 draconum
944 1005 1053 1071 vinum
1081 1024 1205 1087 eorum,
1235 1009 1267 1071 ot
1293 1003 1381 1070 furor
1402 1002 1568 1090 aspidumb
1590 996 1810 1069 insanabile‘¹.
1920 1069 1921 1078 ἶ

638 1122 819 1189 lnauditum
842 1122 926 1188 enim
949 1120 1068 1187 malum
1093 1124 1142 1187 est
1162 1120 1345 1205 praeteritis
1367 1119 1501 1186 saeculis
1523 1124 1570 1202 et,
1598 1118 1708 1185 utlaio
1731 1118 1812 1183 servi

639 1238 700 1305 Dei
722 1238 814 1321 gnari
839 1239 1068 1324 seripturarum
1096 1236 1221 1321 dicum,
1244 1237 1278 1303 in
1308 1236 1403 1323 triplo
1427 1236 1476 1303 vel
1497 1235 1533 1301 iu
1555 1232 1733 1321 quadruplo
1757 1231 1813 1299 So

640 1354 836 1420 domitauam
858 1353 1016 1419 luxoriam
1039 1352 1184 1419 vinoens:
1208 1358 1343 1436 otgers
1366 1352 1538 1421 christiana
1560 1356 1671 1417 oontm
1692 1369 1814 1416 morem

640 1470 805 1537 universae
829 1474 931 1536 terrae
954 1469 1051 1535 immo
1075 1473 1186 1535 eontra
1207 1474 1413 1556 praeceptum
1426 1468 1488 1535 Dei
1503 1467 1658 1553 despiciat
1671 1465 1815 1550 legitima
1920 1491 1921 1564 3

639 1586 853 1671 matrimonia,
875 1590 908 1651 et
929 1583 1097 1651 adhereatd
1112 1585 1257 1653 inoestis·
1272 1583 1420 1651 luxoriis'
1435 1582 1609 1667 adulteriis,
1627 1587 1661 1649 et
1678 1582 1816 1650 nefanda

641 1706 752 1789 stupra
773 1705 1027 1769 consecratarum
1051 1706 1083 1767 et
1105 1700 1281 1767 velatarum
1303 1700 1493 1767 feminarum
1514 1703 1674 1784 sequatur.
1920 1777 1921 1784 ἵ

729 1816 898 1885 Praeterea
925 1817 1054 1883 obsecro
1062 1825 1083 1899 ⁶,
1112 1821 1150 1883 ut
1178 1816 1256 1883 mihi
1283 1816 1323 1882 de
1345 1814 1505 1902 opusculis
1526 1813 1653 1881 Bedaul
1676 1814 1815 1881 leotorisi

641 1934 762 2019 aliquos
785 1936 939 2000 traototus
962 1931 1159 1999 conscribere
1180 1937 1212 1997 et
1227 1930 1362 2014 dirigere
1377 1931 1517 2015 digneris
1533 1966 1576 1976 —
1592 1950 1688 2015 quem
1702 1950 1815 2017 nuper,

641 2054 676 2115 ut
699 2049 887 2132 audivimus,
912 2048 1020 2113 divina
1034 2048 1138 2131 gratia
1153 2046 1290 2133 spiritali
1305 2046 1469 2114 iutelleotu
1483 2046 1603 2113 ditavit
1611 2053 1645 2113 et
1657 2047 1694 2113 in
1709 2050 1817 2113 vestra

640 2166 805 2253 provincia
826 2164 946 2248 fulgere
969 2164 1124 2230 oonoesait
1139 2198 1181 2207 —
1197 2167 1229 2229 et
1251 2168 1288 2229 ut
1310 2162 1451 2246 oandela,
1475 2182 1570 2247 quam
1592 2162 1682 2229 vobis
1704 2161 1816 2227 Domi-

641 2302 701 2347 nus
723 2280 857 2364 largitus
880 2284 940 2363 est,
963 2300 1021 2345 nos
1045 2298 1168 2364 quoque
1189 2279 1342 2345 fruamur.

730 2396 855 2463 Interea
876 2395 916 2461 ad
938 2394 1090 2461 indicium
1113 2394 1254 2461 ueritatis
1276 2394 1468 2462 fraternitati
1490 2398 1565 2461 tuae
1584 2393 1688 2459 direxi
1708 2412 1817 2459 exem·

640 2512 745 2599 pluria
759 2510 966 2598 epistularum
982 2511 1083 2577 sancti
1099 2509 1243 2594 Gregorii
1255 2547 1297 2556 —
1311 2530 1388 2595 quas
1403 2511 1443 2577 de
1457 2511 1574 2578 scrinio
1589 2510 1752 2576 Romanae
1766 2528 1818 2575 eo·

642 2627 755 2695 elesiae
779 2628 906 2713 exoepi3
931 2646 1010 2713 quae
1031 2646 1096 2693 non
1116 2626 1209 2693 rebar
1225 2628 1267 2695 ad
1280 2626 1490 2695 Brittaniamk
1512 2627 1653 2708 venisse;
1676 2631 1711 2693 ot
1724 2624 1819 2711 plura

642 2744 775 2829 iterum,
800 2743 828 2810 si
850 2742 1066 2828 mandaveris,
1096 2744 1273 2827 remittam3
1303 2744 1379 2829 quia
1400 2743 1517 2810 multas
1540 2742 1614 2809 inde
1637 2741 1750 2829 exoepi
1774 2776 1817 2787 -

642 2865 675 2927 et
707 2858 882 2947 corporale¹
911 2858 1043 2947 pallium
1078 2865 1111 2927 et
1138 2861 1284 2927 villosam
1315 2878 1411 2925 unam
1443 2858 1485 2924 ad
1511 2858 1680 2942 tergendos
1708 2856 1818 2944 pedes,

642 2996 714 3043 oum
735 2975 851 3043 laveris
858 2986 886 3061 ¹³,
910 2996 1071 3043 servorum
1088 2975 1158 3041 Dei.
1194 2976 1308 3043 Valere
1322 2974 1552 3043 beatitudinem
1567 2980 1654 3041 tuam
1669 2979 1703 3041 et
1716 2974 1818 3041 saeris

642 3092 812 3161 virtutibus
835 3092 987 3179 prolioere
1009 3092 1044 3159 in
1067 3090 1192 3159 Christo
1215 3098 1372 3180 optamus.

253 3320 392 3455 β
645 3304 706 3374 62.
729 3308 915 3393 Bonp‘atr‘us
933 3306 1155 3372 Hoetberletum
1170 3306 1312 3371 abbatem
1331 3305 1603 3371 Wremutlaeaaem
1625 3317 1654 3369 et
1670 3301 1818 3370 &irwen-

730 3444 794 3489 aem
815 3436 925 3509 rapot,
950 3436 985 3489 ut
1006 3422 1069 3488 eibi
1091 3422 1245 3509 opuscula
1266 3423 1375 3488 Bedoe
1397 3435 1427 3487 et
1448 3422 1584 3487 cloccam
1605 3422 1737 3486 mittat'.

1407 3611 1413 3620 ¹
1440 3535 1652 3619 (soralbo,
1676 3532 1745 3601 WG
1761 3534 1818 3616 37)

483 3676 623 3733 uss—747
732 3670 947 3739 Dilectissimo
981 3691 1018 3739 ao
1050 3670 1305 3738 reverentissimo
1338 3670 1432 3737 fratri
1459 3669 1656 3738 Hoetberhto
1691 3662 1820 3735 abbati’

645 3793 677 3855 et
698 3788 854 3855 universis
877 3786 1027 3853 fratribus
1050 3792 1178 3853 sanotae
1200 3787 1451 3870 congregationis
1472 3786 1539 3853 eius
1553 3784 1736 3851 Bonifaoiua
1751 3785 1820 3851 exi-

644 3924 724 3988 guus
745 3923 856 3987 servus
879 3922 1041 3969 servorum
1056 3903 1118 3969 Dei
1139 3903 1173 3968 in
1188 3901 1313 3969 Christo
1335 3903 1495 3969 fraternas
1515 3902 1658 3968 raritatis
1672 3900 1818 3969 salutem

734 4018 956 4085 Fraternitatis
980 4023 1103 4085 vestrae
1125 4018 1277 4105 pietatem
1297 4018 1419 4085 intimis
1440 4018 1640 4086 obseoramus
1657 4017 1818 4104 precibus:

644 4140 681 4202 ut
710 4154 784 4219 nos,
812 4135 895 4200 inter
923 4134 1007 4201 foras
1036 4141 1068 4202 et
1090 4135 1218 4218 ignaras
1240 4139 1348 4218 gentes
1372 4133 1562 4202 Germaniae
1582 4134 1765 4201 laborantes
1788 4140 1821 4201 et

707 4282 728 4313 ι.
748 4280 850 4327 propaga
870 4269 928 4324 MV,
951 4285 1008 4314 corr.
1024 4270 1046 4314 ιι
1068 4281 1169 4327 propago
1190 4271 1217 4317 C.
1309 4268 1332 4315 b.
1353 4268 1435 4329 aspida
1455 4272 1490 4316 M.
1584 4281 1604 4315 a.
1624 4266 1765 4315 manabile
1785 4270 1819 4315 11.

646 4348 668 4393 d.
689 4346 772 4392 adhare
790 4346 818 4393 nd
840 4350 874 4394 M.
959 4361 979 4394 s.
1000 4348 1094 4394 incertis
1116 4352 1149 4393 M.
1228 4348 1245 4394 t.
1265 4347 1359 4395 lurosus
1377 4352 1415 4404 Μ,
1438 4351 1461 4394 et
1481 4349 1539 4395 odet
1556 4352 1583 4397 C.
1660 4361 1682 4407 g.
1703 4365 1747 4394 om.
1764 4350 1819 4394 MC.

645 4424 668 4473 lr.
689 4424 776 4473 Radani
794 4430 828 4482 M,
844 4426 921 4473 Bodas
937 4430 963 4475 C.
1036 4428 1051 4473 i.
1073 4428 1146 4473 sancti
1163 4428 1219 4473 odd.
1236 4444 1316 4473 raom
1332 4430 1446 4489 corrigens
1463 4430 1485 4474 ιι
1503 4430 1529 4476 C.
1601 4428 1624 4474 k
1646 4445 1704 4474 corr.
1720 4430 1743 4473 ιι
1759 4427 1819 4473 Brit-

645 4506 746 4553 taunlam
762 4508 788 4555 C.
850 4506 866 4553 l.
887 4506 1026 4566 eorporulsm
1038 4511 1073 4553 Μ.
1136 4522 1166 4553 m.
1185 4506 1296 4555 lavareris
1309 4508 1337 4554 7.
1398 4521 1421 4553 ιι.
1443 4523 1473 4554 a
1484 4511 1514 4555 sl
1526 4508 1645 4563 ea-sae,
1662 4510 1684 4556 C
1698 4508 1818 4561 ιι-ιιο,

649 4588 674 4635 V
680 4588 694 4633 6
704 4587 777 4634 -dra
805 4588 911 4633 Lemma:
927 4587 983 4633 Item
999 4587 1098 4647 epistola
1112 4586 1224 4634 Bonilaeii
1239 4586 1499 4646 arhiepiscopum.

718 4675 743 4728 1.
768 4673 802 4729 V.
820 4672 969 4728 Deuteron.
982 4674 1025 4743 32,
1039 4675 1082 4729 32.
1096 4674 1141 4729 33.
1230 4674 1255 4727 2.
1280 4670 1308 4727 S.
1320 4672 1394 4727 Petri
1407 4671 1636 4729 Wiremuthemis
1654 4678 1683 4729 et
1700 4672 1729 4729 S.
1743 4673 1819 4731 Pauli

646 4760 807 4834 Girwensis3
832 4762 867 4817 de
891 4776 946 4831 quo
967 4760 1003 4817 of.
1021 4762 1100 4817 Beda
1117 4762 1152 4816 de
1170 4762 1229 4815 vita
1246 4758 1377 4815 abbatum
1391 4760 1652 4817 wiremuthensium
1671 4760 1757 4833 (Opp.
1775 4761 1818 4817 ed

646 4850 721 4907 Glles
734 4850 773 4908 IV
785 4852 839 4907 394
851 4856 923 4921 squ.)
942 4854 971 4907 et
988 4849 1118 4906 llabillon
1135 4849 1208 4905 Arta
1226 4848 1275 4905 SS.
1295 4849 1353 4905 ord.
1371 4848 1476 4905 Beued.
1494 4864 1567 4906 saeo.
1579 4849 1621 4905 111
1637 4850 1668 4905 P.
1680 4850 1770 4908 1294.
