4342 6034
545 779 626 825 vura
647 778 803 827 anuonm
823 778 1086 827 asenmsrscoer
1107 778 1304 829 mosunrnu
1441 762 1506 829 649

338 937 447 985 corum
475 917 577 985 adhuc
602 923 783 987 uterentur·
805 919 936 987 consilio
964 924 998 987 et
1018 919 1087 988 Deo
1117 925 1149 987 et
1176 921 1238 989 sibi
1260 922 1596 1007 satisfacientium

337 1039 371 1101 et
391 1033 472 1099 alios
494 1034 646 1119 quosdam
667 1035 789 1103 nobiles
811 1056 885 1103 suos
900 1034 1008 1103 fideles
1023 1034 1218 1119 Mogontiam
1236 1037 1412 1105 advocaret
1436 1038 1507 1125 Ipse

338 1154 455 1233 autern,
477 1150 640 1236 paululum
664 1170 717 1217 eos
740 1152 922 1237 precedens,
946 1172 1056 1219 uorsus
1078 1152 1240 1219 ciuitatem
1263 1173 1296 1220 ss
1311 1173 1382 1219 cum
1399 1154 1507 1240 paucis

337 1266 527 1333 accinxerat

427 1382 491 1451 Sed
518 1382 574 1450 ubi
596 1382 637 1449 ad
659 1386 797 1449 castrum
822 1402 915 1449 suum
936 1382 1169 1467 Ameneburga
1197 1383 1281 1469 quod
1304 1404 1323 1450 a
1345 1382 1572 1469 Magnesiam

335 1500 438 1567 ferme
459 1499 581 1566 duabus
604 1498 697 1567 dietis
719 1498 831 1581 distat,
854 1500 1014 1584 pervenit,
1036 1504 1180 1567 verentes
1203 1499 1381 1586 principum
1403 1505 1507 1567 tanto·

336 1636 408 1683 rum
432 1621 466 1682 et
486 1616 587 1702 ipsius
610 1614 729 1680 domini
753 1614 803 1679 sui
825 1612 935 1681 offensi
956 1615 1160 1701 presentiam,
1184 1616 1282 1681 missa
1303 1614 1460 1699 legatione
1474 1616 1508 1681 in

337 1752 456 1815 magna
476 1731 670 1817 deceptionis
691 1729 894 1813 fraudisque‘¹
908 1730 1075 1798 dolositate
1096 1731 1198 1798 denuo
1214 1750 1324 1818 pacem
1338 1731 1509 1815 rogabant3

337 1847 475 1931 obsides,
498 1851 576 1931 quot
596 1852 629 1913 et
651 1850 786 1931 quantos
808 1850 841 1911 et
859 1846 967 1930 quales
983 1847 1022 1913 de
1036 1848 1164 1914 ciuitate
1178 1846 1319 1933 placeret
1333 1847 1509 1931 admittere,

337 1984 395 2050 pro
418 1964 524 2047 gratia
545 1982 604 2028 sua
624 1960 846 2049 pollicitantes.
936 1962 1092 2031 Dominus
1115 1968 1231 2047 autem,
1255 1963 1356 2029 sciens
1379 1962 1509 2046 delego

337 2079 538 2145 mandatum:
572 2079 624 2144 Ne
657 2082 703 2143 sie
735 2100 854 2145 monor
884 2082 1003 2145 inlude
1029 2082 1144 2145 avium
1173 2093 1298 2146 moram
1306 2075 1325 2161 ¹,
1355 2079 1509 2164 quamvis,

338 2196 456 2261 totiens
478 2199 511 2261 et
530 2198 597 2260 tam
619 2192 758 2277 maligne
780 2194 940 2280 deceptus,
962 2214 1022 2261 neo
1043 2204 1094 2261 so·
1116 2194 1195 2281 ipsis
1210 2195 1337 2263 credere
1353 2214 1411 2261 neo
1425 2196 1510 2281 ipso·

337 2332 408 2378 rum
431 2310 538 2377 verbis
559 2308 699 2396 poterat‘
719 2310 753 2375 in
775 2314 918 2377 tantum⁸
939 2308 1033 2377 fidem
1057 2310 1215 2393 adhibere,
1237 2316 1355 2394 tamm,
1378 2331 1419 2377 ne
1436 2330 1511 2397 sup-

338 2427 524 2513 plicantium
554 2425 759 2493 confunderet
785 2425 891 2492 vultus
921 2431 953 2492 st
980 2426 1065 2492 insta
1094 2426 1250 2493 diceretur
1277 2432 1510 2514 contempnere,

339 2544 425 2609 omni
455 2541 570 2609 annisu
597 2541 638 2607 ad
664 2540 781 2608 bonum
803 2542 891 2628 pacis
915 2541 1081 2627 anhelans,
1110 2543 1190 2609 talos
1214 2542 1338 2611 obsides
1360 2563 1432 2611 cum
1454 2542 1511 2610 tali

338 2660 556 2727 satisfactione
584 2663 616 2725 et
642 2657 702 2723 hac
729 2658 798 2725 vico
819 2658 962 2725 laudavit
984 2659 1135 2744 accipere.
1224 2657 1268 2726 Et
1290 2660 1435 2745 protinus
1454 2636 1511 2726 ds-

338 2775 495 2842 mandans
509 2774 716 2861 principibus,
739 2778 777 2839 ut
789 2774 912 2841 modice
927 2780 1087 2861 oporteret
1101 2774 1283 2859 subsistere,
1304 2775 1403 2842 donec
1418 2796 1513 2861 super

339 2891 398 2960 hoc
420 2891 518 2959 verbo
541 2894 759 2974 cognosceret;
782 2889 853 2975 ipse
874 2890 953 2957 haut
973 2891 1008 2957 in
1030 2890 1233 2957 multitudine
1256 2910 1372 2974 magna
1386 2890 1513 2959 Bliden·

340 3012 404 3075 stat
430 3007 473 3074 ad
495 3006 661 3075 cenobium
689 3004 860 3090 quoddam,
889 3006 1017 3091 deinde,
1046 3006 1087 3074 ad
1113 3006 1216 3073 levam
1239 3005 1435 3091 Magantiam
1458 3006 1513 3075 ob-

340 3112 487 3206 mittens,
516 3124 561 3189 cis
583 3121 706 3189 Renum
734 3121 957 3208 progrediens,
986 3128 1121 3207 quatuor
1143 3122 1319 3189 miliaribus
1343 3143 1363 3189 a
1385 3124 1513 3191 civitate

340 3237 526 3324 Pingniam,
548 3258 642 3305 snum
665 3236 823 3322 quoddam
844 3242 999 3322 castrum,
1021 3236 1107 3305 ultra
1128 3238 1250 3305 Renum
1273 3238 1430 3305 transivit.

427 3354 604 3423 Helfricum
625 3358 732 3421 antem
755 3355 928 3439 quendam,
955 3354 1186 3421 vicedominum
1210 3374 1301 3421 suum
1324 3360 1357 3421 et
1377 3352 1512 3439 fidelem,

341 3470 538 3556 Murgantiam
560 3490 657 3558 super
678 3470 839 3538 obsidibus
861 3470 1058 3537 missitandis
1081 3474 1114 3537 et
1136 3470 1342 3557 procurandis
1363 3470 1513 3536 transmi-

341 3594 436 3655 serat
471 3586 544 3675 Ipse
566 3586 669 3653 enirn¹²
692 3585 880 3673 particulam
895 3586 1054 3671 quandam
1068 3586 1205 3653 ciuitatis
1219 3586 1325 3653 valida
1340 3586 1514 3653 munitione

343 3708 374 3769 et
395 3703 505 3789 magni
531 3703 616 3769 muri
643 3703 756 3771 roboro
783 3702 941 3785 cinxerat,
971 3707 1004 3768 et
1030 3702 1166 3788 presidio
1194 3702 1281 3769 totis¹
1304 3702 1424 3769 uiribus
1447 3702 1513 3769 suia

343 3818 458 3886 domno
493 3818 728 3905 archiepiscopo
763 3825 841 3885 erat
930 3817 1145 3901 Argutissima
1174 3838 1249 3885 uero
1277 3816 1450 3885 calliditate
1478 3837 1514 3883 ac

343 3933 533 4022 impiissima
546 3933 725 4018 llaguntini
739 3940 864 4001 utentes
878 3932 1122 4000 renunciabant:
1146 3940 1273 4020 pmatos
1290 3954 1324 4001 se
1338 3934 1416 4019 fore,
1439 3939 1515 4020 quot

344 4056 376 4117 st
396 4051 506 4137 quales
529 4050 653 4118 obsides
676 4048 882 4137 preciperetl,
904 4054 936 4116 et
958 4070 1083 4115 omnem
1106 4050 1353 4117 satisfactionem
1374 4056 1406 4117 et
1426 4070 1515 4117 secu·

344 4165 471 4235 ritatem
493 4168 621 4233 domino
643 4186 700 4233 suo
724 4166 969 4253 archiepiscopo,
992 4164 1163 4231 dummodo
1177 4166 1245 4233 eius
1261 4172 1516 4251 promererentur

345 4283 489 4367 gratiam,
513 4282 676 4365 exhibere;
700 4301 900 4367 summopere
922 4286 955 4347 et
977 4280 1110 4346 eundem
1134 4280 1364 4348 vicedominum
1383 4302 1515 4349 exoran-

346 4400 401 4482 tes,
424 4406 462 4466 ut
483 4400 529 4466 eis
550 4400 585 4465 in
607 4402 696 4465 tanto
718 4398 846 4482 negotio
868 4396 1062 4485 patrocinari
1076 4396 1275 4481 dignensium
1300 4399 1375 4483 quia
1389 4398 1434 4465 nil
1448 4403 1515 4464 tam

415 4624 437 4657 a.
457 4613 559 4659 narem
574 4614 596 4659 2.
695 4611 718 4658 b.
738 4611 897 4659 monument
912 4612 939 4667 1,
959 4608 1101 4657 minant
1117 4610 1138 4657 ².
1235 4624 1254 4657 u.
1276 4609 1435 4669 Amaneburssk
1452 4612 1477 4667 1,
1494 4612 1517 4657 2.

348 4686 540 4739 anameel.
623 4693 774 4739 anacol-
854 4690 980 4737 tereti.
1057 4690 1422 4748 consummaturam
1446 4691 1516 4737 cain

348 4768 393 4814 tam
407 4771 470 4828 gravi
485 4772 525 4818 rai
601 4770 626 4817 h.
646 4771 714 4817 etiam
730 4772 752 4817 2.
829 4770 847 4817 i.
865 4770 941 4817 tocius
957 4770 980 4815 1.
1056 4768 1080 4817 k.
1102 4770 1215 4830 reciperet
1230 4770 1252 4817 2.

416 4874 644 4944 mmmm
