4342 6034
617 704 684 773 328
941 696 1129 829 Quin
1152 720 1381 770 rroournmnu
1404 718 1427 767 s.
1443 720 1473 767 ro

546 874 601 931 sot
617 864 802 949 dssdnatis‚
825 882 920 953 super
942 864 1003 933 boo
1023 864 1151 949 negotio
1173 869 1296 931 mature
1319 863 1540 945 conveniebam
1569 866 1607 929 ut
1633 868 1701 929 mm
1721 862 1793 949 ipse

618 1002 714 1069 quam
735 980 915 1047 sacerdotes
942 981 1033 1065 περὶ
1060 980 1145 1065 eius,
1175 980 1229 1067 qui
1251 978 1402 1046 hactenus
1425 979 1465 1045 ab
1487 976 1668 1045 huiusmodi
1691 978 1793 1045 sordi·

618 1099 677 1166 bus
698 1096 810 1163 mundi
832 1102 917 1181 sunt,
940 1096 1029 1164 vobis
1051 1102 1085 1164 et
1105 1097 1220 1164 vestris
1243 1095 1400 1182 episcopis
1416 1094 1628 1179 adiunguntur
1643 1094 1794 1162 eandem-
1911 1082 1913 1159 l

618 1235 680 1300 que
702 1232 811 1280 curum
833 1216 866 1279 et
887 1212 1122 1279 solicitudinem
1137 1212 1299 1279 vobiscum
1315 1211 1521 1298 participent3
1545 1216 1714 1297 quatenus,
1737 1230 1796 1297 po-
1913 1207 1914 1229 ¹

619 1336 783 1415 steaquam
806 1348 878 1395 cum
901 1328 1019 1395 anxilio
1042 1327 1102 1395 Dei
1129 1348 1281 1415 prospere
1304 1332 1337 1394 st
1359 1325 1487 1414 pacifice
1510 1326 1549 1395 de
1571 1327 1701 1412 itinere,
1734 1346 1797 1411 quo
1914 1311 1915 1343 ¹

618 1447 667 1512 ire
688 1444 857 1532 disponitis
866 1440 885 1529 ¹,
907 1444 1028 1512 reversi
1050 1443 1192 1528 fueritis,
1220 1444 1291 1531 pari
1314 1462 1468 1510 consensu
1491 1448 1523 1510 et
1544 1444 1705 1511 communi
1730 1448 1798 1510 stn-

619 1560 672 1627 dio
694 1578 806 1647 pacem
829 1565 862 1627 et
883 1560 1083 1627 concordiam
1107 1564 1234 1627 sanctae
1252 1556 1679 1647 catholicaeetapostolicae
1694 1558 1800 1627 ecole-
1916 1562 1918 1645 ζ

619 1677 685 1744 siae
708 1675 891 1743 orthodoxis
914 1676 1132 1761 dogmatibus,
1157 1675 1325 1743 adiuvante
1347 1672 1501 1760 Domino,
1525 1675 1717 1745 reformetis.

623 2004 684 2076 10.
711 2005 859 2092 Offn'slw
880 2006 1052 2073 moaaobas
1075 2016 1104 2071 et
1124 2006 1287 2093 presbyter
1308 2004 1608 2091 Weisseaburpeaaa'e
1630 2004 1802 2071 masao

708 2123 948 2209 scuposam
983 2122 1173 2207 moquntino
1205 2144 1319 2208 poema
1356 2123 1395 2187 de
1431 2122 1603 2209 mapaliis
1641 2124 1803 2209 seipsos

709 2239 931 2305 cmmnendutt

511 2394 535 2434 e.
548 2380 602 2435 seo
708 2369 882 2455 Dignitatis
905 2368 1042 2437 culmine
1062 2370 1167 2454 gratia
1181 2369 1291 2437 divina
1304 2368 1466 2457 praecelso
1482 2368 1646 2437 Liutberto
1661 2369 1803 2456 ldogon·

618 2486 768 2554 fiacensis
789 2485 877 2552 urbis
901 2485 1136 2573 archiepiscopo
1160 2484 1321 2571 Otlridus,
1345 2487 1490 2573 quamvis
1505 2486 1662 2573 indignus
1686 2492 1803 2555 tamen

619 2600 785 2668 devodone
812 2602 985 2668 monachus
1013 2600 1240 2689 presbyterque
1263 2603 1411 2689 exiguus,
1443 2607 1589 2670 aeternae
1610 2602 1696 2670 ritae
1722 2622 1804 2688 gau·
1927 2678 1928 2683 ,

620 2718 709 2785 dium
731 2721 823 2803 optat
844 2737 969 2805 semper
991 2718 1025 2784 in
1047 2716 1184 2784 Christo.
1928 2784 1929 2795 2

709 2832 845 2900 Vestrae
867 2832 1152 2901 excellentissimae
1174 2832 1362 2920 prudentiae
1385 2834 1562 2922 praesentis
1589 2833 1662 2901 libri
1687 2834 1805 2903 stilum
1929 2883 1930 2901 r

620 2948 827 3039 oomprobaro
849 2950 1085 3035 manumittens,
1114 2950 1148 3015 in
1176 2950 1281 3037 capite
1303 2968 1448 3034 causam,
1478 2970 1540 3035 qua
1561 2949 1650 3017 illurn
1673 2950 1805 3019 dicum
1930 2987 1931 3007 ι

620 3066 833 3155 praesumpsi,
856 3066 1005 3153 primitus
1027 3066 1118 3132 vobis
1142 3084 1290 3132 enanare
1304 3066 1426 3148 curam
1450 3084 1490 3133 ne
1503 3064 1640 3133 ullorum
1653 3062 1804 3134 fidelium

620 3187 760 3267 meum,
783 3182 812 3248 si
833 3180 978 3264 vilescet,
1009 3180 1142 3247 vilitatis
1164 3200 1253 3247 meae
1275 3181 1526 3269 praesumptioni
1548 3182 1702 3269 deputare
1725 3202 1804 3271 pro·

620 3302 743 3366 curent
1363 3305 1368 3319 '

712 3413 798 3481 Dum
826 3432 934 3481 rerum
957 3412 1115 3497 quondam
1138 3432 1234 3480 sonus
1256 3412 1416 3480 inutilium
1439 3412 1581 3501 pulsaret
1603 3434 1695 3481 aures
1719 3434 1804 3501 quo-

621 3528 757 3597 rundam
773 3526 1068 3615 probatissimorum
1084 3529 1235 3613 virorum,
1248 3550 1419 3615 eorumque
1431 3531 1631 3597 sanctitatem
1642 3529 1804 3599 laicorum

623 3650 737 3713 ocutus
759 3645 952 3731 inquietaret
974 3644 1137 3729 obscenus,
1161 3664 1181 3711 a
1203 3646 1388 3731 quibusdam
1412 3646 1584 3713 memoriae
1605 3646 1711 3731 dignis
1734 3648 1803 3715 fra-

622 3760 725 3829 tribus
748 3760 906 3845 rogatus,
929 3760 1132 3846 maximeque
1154 3762 1317 3828 cuiusdam
1333 3763 1530 3831 venerandae
1547 3769 1712 3830 matronae
1727 3784 1803 3832 ver-

623 3876 690 3962 bis,
719 3876 854 3943 nimium
881 3875 1071 3961 flagitantis,
1100 3878 1227 3944 nomine
1255 3878 1377 3945 luditb:
1407 3884 1530 3966 partem
1560 3878 1802 3963 euangeliorum

624 3994 671 4061 eis
694 3992 859 4059 Theotisoe
886 3993 1134 4075 conscriberem
1162 3999 1199 4061 ut
1227 3994 1456 4081 aliquantulum
1484 3994 1577 4061 huius
1600 4000 1711 4063 cantus
1734 3996 1802 4065 leo-

623 4110 721 4176 tionis
743 4108 853 4175 ludum
876 4108 1065 4176 secularium
1089 4129 1200 4177 vocum
1220 4110 1340 4177 deleret
1357 4116 1399 4195 et,
1422 4111 1455 4175 in
1472 4110 1707 4195 euangeliorum
1722 4132 1802 4199 pro-

624 4226 696 4313 pria
717 4224 827 4309 lingua
848 4226 992 4312 occupati
1013 4224 1190 4310 dulcedine,
1213 4246 1325 4293 sonum
1347 4226 1507 4293 inutilium
1529 4247 1636 4295 rerum
1650 4230 1802 4297 noverint

625 4340 793 4409 declinare.
832 4340 982 4408 Potitioni
1004 4362 1128 4427 quoque
1150 4342 1315 4426 iungentes
1339 4342 1589 4429 queremoniamt
1613 4342 1698 4429 quod
1719 4364 1800 4428 gen·

624 4458 728 4525 tilium
761 4462 865 4541 vatos,
900 4462 937 4523 ut
970 4455 1123 4541 Virgilius
1156 4456 1302 4525 Lucanus
1330 4456 1461 4526 Ovidius
1495 4458 1673 4545 omenque
1700 4480 1799 4545 pam

695 4649 717 4683 ι
740 4638 777 4683 12
796 4636 887 4693 osea·
907 4652 952 4681 m
969 4634 1131 4697 noema,
1150 4636 1345 4699 mopsuest
1366 4637 1402 4683 es.
1418 4636 1483 4683 raa
1499 4636 1619 4684 17-11.
1702 4636 1724 4684 e.
1744 4650 1798 4685 »un
1871 4681 1875 4689 .

625 4716 738 4763 aem·
751 4716 847 4763 oum.

698 4822 723 4884 1.
746 4820 775 4883 iu
792 4818 950 4881 noanon.
978 4819 1013 4878 V.
1031 4818 1173 4881 Mueller
1190 4819 1207 4877 l.
1220 4819 1238 4877 l.
1256 4835 1283 4893 p.
1297 4820 1358 4875 528.
