4342 6034
683 772 750 839 344
996 786 1184 835 nrmuouuu
1206 784 1434 834 accurrimus
1457 784 1495 831 ro.
1511 784 1541 831 re

524 940 666 997 att-tot
750 930 853 1015 Haec,
876 930 1049 997 crocitant·
1071 948 1164 1011 rogo,
1188 932 1296 995 sancte
1317 930 1426 1013 pater,
1448 924 1652 993 reminiscere
1675 944 1804 1011 semper:

749 1044 833 1125 Quid
855 1046 916 1128 ais,
940 1045 1016 1130 quid
1037 1044 1162 1127 valeam
1185 1044 1311 1129 quantis
1333 1044 1504 1111 subsistere
1526 1041 1649 1126 saeclis,

750 1162 795 1229 Et
815 1168 887 1229 rota
907 1161 1052 1227 fortunae
1074 1160 1167 1227 citius
1192 1178 1285 1244 quam
1309 1158 1447 1226 volvitur
1469 1164 1567 1225 atrae.

750 1278 821 1345 Nou
843 1296 935 1360 maga
957 1294 1138 1359 oroxcmus,
1161 1274 1300 1359 linguam
1325 1294 1469 1341 sermone
1492 1294 1689 1361 premamus3

750 1394 832 1461 Nam
855 1392 984 1459 Domini
1007 1390 1159 1457 auxilium
1184 1410 1246 1457 uon
1269 1388 1317 1457 las
1340 1390 1485 1458 dubitare
1506 1391 1656 1455 futurum.

752 1508 815 1577 Sed
836 1514 944 1575 tamon
966 1507 1045 1575 baec
1066 1506 1143 1573 ollm
1164 1506 1272 1573 forsan
1293 1507 1476 1573 meminisse
1498 1506 1628 1573 iuvabit.

751 1624 833 1704 Quid
854 1642 947 1707 mage
969 1622 1128 1704 clamabo,
1153 1622 1227 1706 quid
1251 1620 1347 1687 verba
1368 1642 1425 1707 per
1448 1640 1523 1687 acra
1543 1620 1650 1689 iacto?

796 1740 886 1819 Quod
906 1744 1051 1805 nostrum
1074 1744 1124 1804 est
1144 1736 1252 1819 bodie,
1275 1756 1345 1803 cras
1368 1737 1429 1803 erit
1451 1736 1590 1803 alterius.

773 1856 894 1923 Felices
917 1853 1035 1933 raleta3
1058 1872 1117 1939 pro
1140 1852 1231 1919 uobis
1253 1852 1431 1921 infelicibus
1454 1856 1552 1919 orate.
1594 1850 1636 1919 Et
1657 1870 1722 1918 non
1745 1848 1844 1916 oblivi-

684 1978 807 2056 scatur,
835 1971 924 2057 quia,
954 1968 1030 2053 quid
1052 1973 1282 2054 superventura
1303 1968 1410 2054 pariat
1431 1968 1514 2052 dies,
1542 1969 1692 2035 nescitur.
1740 1965 1845 2033 Sedet

684 2088 775 2155 Pauli
797 2107 861 2153 non
883 2086 991 2172 pigeat
1010 2084 1181 2150 reminisci.
1218 2082 1388 2151 Subvenite
1406 2104 1557 2171 oppresso
1567 2081 1585 2149 ¹.
1619 2083 1712 2151 Etin
1727 2083 1778 2149 die
1791 2087 1844 2147 tre

684 2204 791 2271 mendi
818 2202 974 2269 examinis
1004 2200 1080 2286 quid
1102 2199 1238 2265 Domino
1268 2200 1407 2266 venienti
1435 2206 1529 2285 atque
1558 2200 1691 2267 dicentis
1722 2203 1766 2268 El
1791 2222 1845 2266 sou

684 2324 836 2388 matrasta&
858 2314 934 2399 me',
959 2316 1002 2383 sit
1024 2314 1294 2401 respondendum,
1318 2334 1517 2402 summopere
1540 2316 1783 2383 adtendendum

775 2435 889 2502 Valeat
910 2432 1084 2498 dominatio
1107 2434 1213 2495 vestra
1235 2450 1293 2517 per
1315 2431 1417 2497 multa
1439 2452 1593 2499 annorum
1609 2432 1776 2515 enrricula,
1798 2430 1847 2497 uli·

686 2552 771 2639 quod
793 2550 941 2617 solatium
964 2546 1116 2634 parvitati
1137 2550 1266 2611 nostrae
1287 2546 1502 2632 inpendendo,
1527 2549 1553 2614 si
1575 2568 1640 2614 non
1663 2548 1773 2633 factis,
1794 2546 1848 2613 sal·

686 2676 750 2737 tem
773 2667 825 2733 rel
847 2665 950 2731 dictis
996 2664 1110 2729 Amen.

753 2782 797 2849 Ut
817 2780 896 2849 mibi
918 2778 1153 2847 membranulas
1177 2776 1346 2863 quasdam,
1369 2784 1460 2864 pater
1483 2780 1618 2866 optime,
1641 2778 1763 2862 mittas,

753 2896 951 2965 Omnimodis
973 2893 1113 2978 rogito⁸3
1138 2895 1212 2978 quia
1234 2900 1310 2959 sunt
1331 2914 1389 2980 pro
1411 2914 1542 2962 munere
1563 2914 1686 2979 magno.

690 3110 750 3181 16.
772 3111 974 3177 Fritborc'cae
1002 3111 1257 3197 archiepiscopus
1279 3111 1486 3195 Mopcrrtc‘rsos
1512 3132 1583 3175 cum
1604 3111 1679 3176 olis'e
1701 3113 1849 3197 epsicopr's
1926 3124 1927 3145 ³

774 3231 811 3293 ἐκ
833 3228 954 3312 synodo
969 3227 1009 3289 de
1029 3226 1264 3312 precationibus
1287 3240 1316 3291 et
1338 3228 1376 3291 de
1398 3249 1475 3291 coro
1498 3229 1651 3311 cymbium
1665 3220 1818 3293 musivi
1926 3220 1927 3223 ’

527 3370 669 3427 eso-954
776 3358 972 3446 Disponente
1004 3357 1113 3423 divina
1140 3358 1243 3440 gretie
1269 3356 1464 3425 venerabiles
1493 3359 1631 3445 episcopi
1661 3356 1850 3425 Frithuricus
1926 3390 1927 3437 j

688 3475 958 3561 archiepiscopus,
987 3474 1082 3539 Auno
1111 3470 1305 3559 episcopus⁴,
1335 3472 1439 3541 Uodo⁵
1463 3476 1629 3562 episcopus
1657 3474 1696 3541 de
1723 3475 1850 3559 negotiis

687 3596 825 3658 tractare
859 3589 1062 3675 synodalibus
1089 3589 1282 3673 Mogontiam
1311 3598 1538 3673 convenerunt,
1574 3592 1717 3676 interque
1744 3598 1850 3671 cetera,

688 3728 770 3794 quae
791 3726 851 3793 per
872 3704 1012 3791 plurima
1033 3705 1153 3772 salubri
1176 3706 1374 3773 ordinatione
1397 3706 1435 3772 de
1458 3712 1543 3772 statu
1566 3711 1694 3774 sanctae
1709 3707 1851 3773 ecclesiae

688 3822 897 3891 communiter
918 3821 1136 3903 decreverunt,
1161 3821 1220 3887 hoc
1240 3840 1324 3887 nunc
1345 3828 1378 3887 et
1396 3822 1430 3887 in
1449 3828 1611 3909 posterum
1626 3842 1751 3890 summa
1764 3842 1851 3889 curae

689 3938 853 4022 diligentia
875 3937 1036 4004 observari
1058 3942 1247 4020 statuerunt,
1271 3938 1419 4022 quatinus
1437 3938 1553 4021 singuli
1567 3938 1744 4025 presbiteri,
1767 3944 1851 4005 extra

688 4053 881 4121 monasteria
903 4054 1050 4120 ecclesias
1072 4054 1287 4140 populumque
1310 4060 1525 4139 procurantes,
1548 4055 1634 4121 omni
1652 4075 1733 4121 anno
1749 4074 1850 4141 asyn-

688 4170 748 4236 odo
771 4174 845 4235 ante
866 4188 963 4256 pasca
984 4170 1093 4236 habita
1114 4190 1214 4255 usque
1237 4188 1318 4253 eam,
1342 4188 1422 4255 quae
1444 4176 1518 4255 post
1538 4170 1742 4238 festivitatem
1756 4169 1850 4237 sancti

687 4284 825 4369 Remigii
852 4285 1040 4352 confessoris
1063 4284 1182 4353 Christi
1205 4284 1336 4352 colenda
1358 4304 1427 4353 csse
1449 4285 1637 4369 dinoscitur,
1667 4290 1712 4354 40
1734 4286 1849 4366 missas,

689 4409 722 4469 et
749 4401 882 4467 totidem
910 4401 1023 4467 deinde
1049 4422 1150 4487 usquc
1177 4401 1217 4467 ad
1246 4420 1342 4488 pasca
1364 4401 1424 4467 boc
1445 4400 1555 4467 ordine
1577 4402 1783 4470 celebrarent:
1814 4402 1849 4465 10

761 4549 782 4581 ι.
806 4536 915 4581 trolittnt
936 4537 963 4583 C.
1072 4534 1094 4580 b.
1118 4536 1191 4593 tegito
1209 4538 1235 4583 C.
1313 4548 1332 4581 t.
1352 4554 1381 4581 ex
1401 4536 1512 4581 tabularis·
1526 4538 1673 4583 mensumn
1695 4538 1746 4584 eod.
1762 4538 1848 4597 Prt'tr'ug.

688 4616 776 4662 andr.
792 4632 855 4663 rur.
865 4616 893 4663 Χ
904 4616 949 4671 (ol.
959 4616 993 4661 do
1003 4616 1057 4663 -4,
1080 4615 1162 4661 Edidit
1177 4618 1252 4670 Perta,
1269 4618 1333 4663 Mos.
1346 4618 1418 4664 Gerra.
1432 4617 1488 4677 Lag.
1497 4618 1524 4663 11
1539 4617 1561 4673 2,
1573 4616 1625 4663 1⁶9.

761 4702 786 4755 1.
810 4701 874 4756 lsai.
893 4702 975 4769 1,1t.
1069 4702 1095 4755 2.
1120 4700 1216 4756 dach.
1231 4702 1330 4771 25,43.
1427 4702 1452 4756 3.
1476 4698 1603 4772 Synodus
1627 4702 1696 4759 haec
1719 4702 1847 4775 aptissime

689 4790 812 4860 epistolis
830 4788 976 4844 inserenda
987 4788 1141 4847 ridebatur.
1212 4791 1238 4847 4.
1258 4790 1474 4860 wormatiensis,
1487 4790 1649 4847 cuo-978.
1713 4794 1738 4849 b.
1757 4788 1847 4849 mtr-

689 4878 867 4951 gentineusis,
884 4878 1044 4933 950-965.
