4342 6034
672 754 740 820 474
1078 772 1195 821 ensem
1218 772 1244 821 s.
1262 772 1436 824 normann

673 917 706 980 et
733 912 885 980 seducens
912 914 974 998 ita,
1008 919 1045 979 ut
1072 934 1154 1002 pone
1180 916 1392 982 venerandum
1421 916 1597 1003 principem
1624 914 1819 983 Karolnmiu

672 1028 805 1096 eandem
826 1030 1061 1096 simulationem
1083 1030 1267 1099 adduxerat.
1357 1031 1448 1099 Unde
1469 1032 1588 1099 iactum
1611 1036 1670 1115 est,
1693 1037 1728 1097 ut
1746 1031 1820 1097 dom·
1902 1086 1903 1137 3

671 1164 731 1211 nus
747 1144 939 1229 Bouiiacius,
961 1146 1122 1229 ingeniose
1144 1148 1316 1215 calliditate
1338 1148 1405 1215 eius
1427 1154 1606 1235 conspecta,
1629 1148 1728 1214 suasit
1747 1146 1822 1233 prin-

671 1260 745 1347 cipi,
767 1267 804 1327 ut
825 1266 951 1327 careret
971 1262 1038 1328 eius
1060 1282 1219 1331 venenosa
1240 1262 1396 1349 colloquia
1417 1264 1484 1331 sive
1506 1264 1680 1344 consortia3
1703 1262 1772 1347 quia
1789 1261 1822 1327 cb

669 1377 803 1461 pecunie
830 1378 1011 1462 avaritiam,
1041 1379 1124 1463 quod
1146 1378 1262 1445 Paulus
1282 1380 1450 1465 ydolorum
1472 1374 1675 1446 sarritutsm¹
1695 1377 1824 1445 nomina·

669 1491 727 1574 vir,
748 1493 778 1558 ei
801 1493 927 1560 assiduo
947 1494 1140 1561 coherebat.
1175 1494 1311 1561 Karolus
1333 1501 1440 1563 tamen
1462 1496 1517 1581 pie
1536 1494 1659 1561 monita
1682 1492 1824 1561 ausculta·

669 1608 758 1691 bat'3
782 1608 862 1676 alter
883 1610 918 1675 in
941 1628 1000 1675 sna
1021 1610 1150 1677 vesania
1171 1610 1372 1698 perdurabat
1407 1610 1586 1677 Novissime
1607 1616 1715 1678 tamen
1736 1609 1825 1677 Ilaro-

668 1723 733 1809 lus‚
755 1725 820 1791 iam
842 1726 944 1792 victus
967 1726 1170 1793 altercatione
1193 1746 1319 1811 eorum,
1341 1726 1503 1813 permisit,
1532 1732 1569 1793 ut
1590 1728 1750 1812 utrimque
1770 1724 1825 1793 dis·

669 1842 825 1929 putando,
848 1842 919 1928 quie
941 1861 1019 1909 vere
1036 1841 1111 1909 fidei
1133 1842 1234 1909 cultor
1257 1862 1365 1909 eorum
1389 1848 1488 1927 esset,
1512 1842 1702 1909 ostenderet

755 1958 841 2043 Ergo
863 1963 983 2025 statuto
1005 1957 1067 2041 die,
1091 1976 1161 2024 cum
1184 1958 1325 2045 perferre
1347 1978 1421 2025 sues
1445 1959 1617 2025 sententias
1639 1958 1675 2025 in
1698 1958 1826 2027 medium
1902 1960 1903 1975 ¹

668 2074 858 2159 debuerunt,
886 2074 996 2141 eadem
1023 2079 1115 2141 nocte
1144 2074 1193 2140 vir
1214 2074 1276 2141 Dei
1302 2075 1338 2140 in
1364 2076 1506 2161 sompnis
1527 2074 1679 2161 putebat,
1708 2094 1743 2141 se
1764 2092 1827 2141 cnm
1902 2128 1903 2131 ,

667 2196 758 2257 tauro
785 2190 960 2278 palestrare
987 2194 1020 2257 et
1041 2190 1209 2257 mutuastis
1231 2190 1373 2275 ubisque
1395 2191 1557 2273 cornibus3
1587 2210 1661 2258 eum
1683 2190 1741 2257 tali
1763 2208 1827 2257 cou-

666 2306 788 2373 iecturn
820 2304 1027 2391 cognoscebat
1059 2306 1213 2393 superari.
1258 2304 1352 2373 ldaue
1386 2310 1492 2373 autom
1523 2306 1623 2389 imto,
1661 2306 1828 2375 suadebant

665 2420 756 2489 illum
784 2422 835 2489 sni
862 2422 969 2489 clerici
989 2420 1050 2488 Lul
1078 2426 1113 2487 et
1133 2420 1361 2506 Megingaudus
1390 2440 1539 2489 necnon
1568 2428 1601 2489 ct
1623 2420 1761 2507 Sturmi,
1787 2422 1828 2487 uli

667 2556 738 2605 cum
767 2537 823 2605 tali
853 2533 972 2625 gypsa'
994 2536 1169 2623 disceptare
1191 2537 1376 2605 desinerem.
1422 2538 1468 2604 At
1489 2538 1543 2605 illc
1566 2538 1747 2625 sompnium
1770 2538 1828 2605 eim
1902 2602 1903 2613 ,

667 2673 827 2739 asserem,
849 2654 946 2721 dixit:
970 2657 1080 2721 Maior
1102 2668 1155 2736 eat,
1181 2658 1239 2741 qai
1258 2658 1294 2720 da
1311 2656 1402 2720 nodab
1416 2669 1537 2741 repeat,
1562 2678 1659 2743 qaam
1674 2658 1734 2743 qui
1746 2654 1830 2723 illam
1902 2650 1903 2673 l

662 2773 812 2857 possidet
902 2770 946 2837 Et
977 2770 1085 2836 statim
1119 2770 1154 2835 in
1187 2770 1407 2853 congressione
1441 2769 1608 2837 locutionis
1636 2771 1828 2839 adversarius

665 2887 767 2953 rictus
789 2886 937 2953 couneus
960 2864 1298 2971 sancboqne'traditus
1322 2886 1407 2972 apud
1428 2884 1634 2971 moguntium,
1657 2892 1694 2953 ιιι
1717 2886 1827 2969 dicunt
1902 2906 1903 2913 ¹

666 3002 855 3086 degradatus
878 3006 936 3069 est.
970 2999 1014 3068 Et
1033 3000 1148 3069 exinde
1171 3000 1323 3068 andensi
1345 3002 1537 3069 monasterio
1559 3002 1743 3087 translatus,
1766 3022 1827 3069 aar

665 3118 747 3185 cerie
767 3118 958 3185 obscuritate
973 3116 1129 3200 damnans,
1153 3116 1208 3183 diu
1222 3118 1376 3202 longaque
1391 3123 1523 3185 rexatus
1538 3124 1596 3184 est
1663 3118 1717 3185 Ad
1731 3125 1826 3185 extua-
1902 3168 1903 3171 ,

665 3254 752 3301 mum
781 3235 878 3301 miser
904 3232 960 3301 ille
986 3234 1095 3317 fugam
1123 3234 1210 3317 iniit,
1239 3239 1272 3299 et
1298 3230 1395 3299 nichil
1422 3232 1508 3301 aliud
1535 3232 1750 3300 adriaticum
1771 3232 1826 3300 nisi
1902 3286 1903 3293 ,

664 3352 790 3416 tautum
805 3370 903 3416 uuam
918 3348 1064 3433 caligem,
1087 3348 1213 3436 plenam
1228 3348 1359 3433 nucleis,
1383 3368 1489 3415 secum
1504 3348 1586 3415 tulit
1621 3348 1666 3415 Et
1680 3350 1726 3415 eie
1741 3368 1825 3416 curso

665 3470 757 3532 tenus
778 3464 918 3531 duminio
939 3462 1040 3531 Fulde
1061 3464 1230 3531 nesciendo
1254 3464 1392 3547 errabat3
1424 3470 1456 3531 et
1481 3464 1593 3531 incidit
1618 3465 1653 3531 iu
1676 3465 1825 3547 subulcos,

664 3582 719 3666 qui
747 3582 843 3648 etiam
871 3601 944 3648 eum
966 3580 1149 3647 oeciderunt
1171 3580 1386 3667 spoliaverunt
1407 3580 1563 3665 lignisque
1585 3580 1771 3663 obruernut;
1799 3584 1826 3646 et
1902 3580 1903 3627 l

663 3696 716 3762 bic
736 3695 809 3762 linis
831 3696 948 3764 erroris
970 3698 1038 3763 eius
1061 3696 1176 3763 extitit.
1212 3696 1257 3763 At
1277 3701 1418 3780 ιιιιιιιιιι,
1442 3716 1535 3781 quem
1557 3696 1696 3765 rodendo
1711 3697 1750 3764 de
1763 3716 1825 3764 aar·

664 3813 745 3878 ceris
767 3812 887 3878 lamina
908 3832 966 3879 sna
987 3812 1111 3899 panda⁴¹
1127 3814 1373 3900 conspioaverat,
1396 3818 1630 3899 transportatur
1648 3812 1688 3879 ad
1701 3811 1825 3896 liugom·

664 3928 758 4009 tiam3
780 3928 888 4012 ibique
909 3929 965 3995 din
987 3948 1084 4015 supra
1105 3934 1241 4016 portum,
1266 3948 1326 4014 qne
1342 3928 1481 3995 ducited
1496 3927 1648 3995 Sanctum
1662 3928 1824 4010 Albanum,

663 4062 723 4131 pro
744 4043 897 4111 miraculo
919 4044 1154 4111 transcuntibus
1177 4050 1210 4111 et
1231 4044 1455 4131 aspicientibus
1478 4064 1648 4131 suspensus
1670 4049 1725 4112 est

719 4220 897 4303 Qualiter
926 4223 1089 4291 domnus
1118 4224 1331 4313 episcopus
1361 4222 1406 4290 ob
1434 4224 1640 4310 penuriam
1668 4220 1773 4289 vorbi
1902 4210 1903 4213 ¹

819 4339 945 4406 divini
971 4340 1138 4407 feminas
1167 4339 1212 4406 de
1240 4359 1309 4405 sua
1336 4344 1450 4423 geute
1477 4340 1676 4407 invitavit.

754 4464 857 4531 Tanta
878 4465 995 4531 etenim
1016 4465 1116 4532 fames
1139 4464 1245 4531 divine
1267 4464 1491 4551 predicationis
1514 4464 1681 4535 orientales
1703 4461 1823 4533 obsedc·

663 4584 730 4681 rat,
757 4580 804 4647 ita
829 4585 867 4647 ιιι
893 4580 999 4647 nullus
1025 4580 1182 4665 presbiter
1209 4586 1297 4647 maus
1327 4578 1444 4647 flumen
1468 4579 1632 4648 Wisaraha
1659 4583 1740 4649 osset
1765 4576 1821 4643 nisi

734 4735 756 4768 ε.
777 4722 900 4769 obserabat
914 4740 935 4769 o.
996 4722 1018 4768 b.
1040 4721 1168 4771 “adiubat
1182 4740 1202 4769 e·
1265 4734 1284 4769 t.
1305 4722 1450 4770 (latinitate.
1512 4722 1535 4769 d.
1555 4724 1596 4769 sic.

663 4900 798 4967 serpente.

735 4810 760 4862 1.
783 4808 966 4879 Ephes.5‚5:
988 4824 1117 4879 „averna
1135 4808 1209 4879 quod
1227 4808 1421 4866 estidolorum
1441 4810 1558 4866 servitus
1567 4808 1590 4864 ⁸.
1663 4810 1688 4866 2.
1706 4804 1816 4877 dipsade,
1902 4804 1903 4875 l
