4342 6034
625 756 652 805 s.
668 755 845 805 normann
867 756 911 805 an
933 756 1036 804 nunu
1057 754 1246 805 semrom
1269 756 1282 801 1
1495 740 1538 805 at

368 893 456 967 rum'
472 903 505 965 et
519 896 627 965 decem
641 896 715 965 libri
731 890 921 965 Clementis¹
936 901 1033 965 testas
1048 901 1131 963 sunt
1166 896 1243 981 Nos,
1263 895 1405 982 inquam,
1427 916 1539 965 seeun-
1557 906 1699 963 tto-tob

368 1014 444 1081 dum
475 1019 706 1081 saerosanotam
739 1012 914 1100 seripturae
951 1013 1171 1081 auctoritatem
1199 1013 1239 1080 de
1271 1016 1403 1080 tonsura
1428 1018 1540 1082 nostra

367 1130 511 1199 ver-iens
539 1129 754 1197 testimonium
782 1128 999 1216 perhibentes,
1031 1128 1173 1196 disemos
1201 1129 1241 1196 ob
1268 1148 1379 1196 sannas
1408 1127 1539 1196 Petrum

368 1245 546 1334 apostolum
560 1246 644 1313 huno
656 1246 755 1313 ritum
769 1245 943 1333 sumpsisse
957 1244 1150 1328 adserimus3
1173 1244 1331 1331 primitus,
1352 1248 1390 1310 ut
1402 1243 1539 1312 formam

367 1367 399 1431 et
412 1360 654 1429 similitudinem
669 1360 788 1429 Christi
801 1360 836 1427 in
851 1362 954 1448 eapite
969 1366 1117 1446 gesner,
1140 1360 1227 1444 dum,
1247 1380 1308 1447 pro
1322 1360 1539 1448 redemptione

366 1484 476 1547 nostm
503 1478 605 1546 erneis
632 1476 810 1564 patibulum
836 1476 1015 1562 subiturus,
1045 1498 1064 1545 a
1092 1476 1230 1543 nefanda
1255 1474 1422 1543 Iudeorum
1444 1481 1538 1561 gente

367 1595 467 1663 sontis
490 1594 655 1681 spinarum
678 1592 794 1661 sauleis
808 1592 978 1661 erudeliter
992 1596 1211 1674 eoronaretm3
1235 1591 1359 1677 deinde,
1382 1596 1419 1659 ut
1433 1610 1538 1660 saeer-

366 1710 454 1779 dotes
479 1710 596 1779 veteris
619 1714 652 1777 et
671 1710 746 1777 novi
768 1706 950 1777 testamenti
971 1709 1006 1775 in
1026 1710 1159 1775 tonsure
1187 1712 1220 1775 et
1247 1707 1359 1775 babitu
1379 1708 1538 1776 discerne·

364 1830 492 1910 rentur3
515 1832 686 1913 postremo,
709 1830 746 1893 ut
766 1824 852 1892 idem
874 1823 1034 1913 apostolus
1051 1824 1162 1909 suique
1176 1842 1373 1891 subsessores
1387 1828 1421 1890 et
1433 1825 1538 1909 sequi·

364 1937 464 2030 pede⁸
499 1942 702 2009 ridioulosum
737 1936 950 2026 gannaturae*
982 1940 1154 2007 ludibrium
1188 1940 1224 2006 in
1250 1938 1369 2027 populo
1396 1938 1538 2007 Romano

363 2064 546 2146 portarent,
571 2058 645 2143 quia
667 2062 699 2125 et
722 2076 831 2125 eorum
852 2052 1004 2123 barones⁵
1027 2060 1059 2123 et
1080 2055 1188 2123 hostes
1209 2055 1350 2123 exercitu
1372 2062 1537 2142 superatos

364 2174 421 2241 sub
450 2193 570 2243 eorona
596 2172 731 2241 vendere
759 2168 929 2239 solebaut⁸.
982 2170 1129 2240 Ceterum
1157 2172 1192 2238 in
1221 2171 1321 2239 reteri
1346 2176 1537 2240 testamento

364 2295 516 2358 tonsurae
540 2290 664 2375 signum
687 2310 707 2357 a
727 2288 890 2374 Nazareis,
919 2288 953 2355 id
976 2292 1025 2355 ast
1046 2284 1192 2374 sanotis'‚
1218 2289 1252 2355 ni
1274 2287 1377 2374 tollor,
1400 2288 1538 2375 sumpsit

364 2401 567 2489 exordium⁸3
597 2410 646 2473 est
673 2406 758 2473 enim
785 2402 891 2489 regule
919 2408 952 2471 et
979 2402 1173 2472 sacerdotale
1200 2404 1344 2473 otomatis
1370 2403 1534 2472 indioium.

363 2522 444 2589 Nam
467 2522 575 2589 tbiara
596 2520 680 2607 apud
701 2527 823 2589 veteres
845 2521 879 2587 in
902 2520 1005 2607 eapite
1028 2520 1227 2589 sacerdotum
1250 2515 1536 2603 eonstituobatur'3

363 2638 455 2724 haee,
486 2638 572 2705 bisso
599 2640 751 2722 retorta·,
779 2636 917 2703 rotunda
938 2640 1007 2703 erat
1028 2634 1120 2723 quasi
1147 2656 1242 2724 spera
1267 2636 1388 2720 media3
1417 2641 1450 2704 et
1475 2636 1537 2704 boe

364 2753 562 2840 significemur
582 2754 617 2819 in
637 2757 730 2839 parte
751 2752 865 2839 eapitis
887 2757 988 2819 tonsa.
1023 2750 1148 2821 Corona
1161 2756 1268 2821 subm
1281 2752 1416 2821 latitudo
1439 2772 1536 2821 aurea

363 2875 411 2937 est
431 2866 556 2953 tironii,
579 2888 660 2954 quae
681 2888 792 2953 regum
815 2868 921 2955 eapite
942 2869 1048 2952 cingit
1083 2868 1259 2955 Utrumque
1280 2869 1388 2954 itaque
1410 2870 1537 2953 signum

363 2986 556 3074 exprimitur
577 2985 612 3052 in
633 2984 737 3071 eapite
759 2984 954 3070 olorinorum,
977 2983 1072 3052 Petro
1094 2984 1234 3052 dioenb:
1265 2986 1326 3053 Vos
1346 2989 1419 3053 aab
1436 3008 1536 3073 paror

363 3105 504 3185 abeam,
528 3102 633 3189 rapula
654 3103 863 3169 sacedotium
871 3096 901 3167 ¹⁰.
935 3100 1005 3168 Hoo
1025 3101 1090 3169 ritu
1110 3100 1263 3168 tondendi
1284 3105 1317 3168 et
1334 3100 1478 3187 radendi,
1500 3106 1538 3169 ut

362 3218 440 3287 vitia
461 3222 656 3303 resecentur,
679 3217 832 3303 signatm,
855 3222 888 3285 et
908 3217 1047 3286 orinibus
1062 3218 1168 3287 omnis
1181 3223 1309 3287 nostrae
1323 3218 1415 3305 quasi
1428 3218 1536 3286 orimi-

362 3334 454 3403 nibus
480 3352 644 3401 exuamur.

449 3449 515 3519 Est
542 3454 648 3517 autem
676 3448 778 3517 altera
805 3448 962 3517 crudelior
988 3448 1167 3517 animamm
1192 3448 1362 3535 pernities:
1391 3450 1475 3536 quod
1500 3451 1536 3518 in

362 3570 566 3634 saerosanota
585 3564 728 3652 pasebali
750 3564 961 3633 sollemnitate
984 3566 1049 3632 318
1067 3570 1195 3651 patrum
1217 3564 1360 3650 regulam
1380 3586 1446 3633 non
1467 3586 1535 3634 seo-

361 3681 500 3749 tuntur'.
536 3680 596 3761 Qui
617 3682 652 3747 in
673 3680 793 3749 Nieeno
815 3680 947 3749 ooneilio
969 3681 1286 3749 decemnovennalem
1307 3680 1453 3750 latereuli
1473 3683 1535 3749 oir-

361 3798 478 3883 eulum,
502 3816 561 3885 per
582 3796 757 3882 ogdoadam
780 3802 813 3865 et
834 3797 1019 3865 endioadam
1041 3798 1199 3884 usquead
1213 3794 1309 3866 finem
1323 3796 1434 3865 mundi
1447 3802 1535 3865 reato

361 3914 494 3982 bamita
526 3913 758 3999 decursurum,
794 3914 900 3998 sagati
928 3912 1069 3982 sollertia
1095 3918 1283 3997 sanxerunt3
1318 3919 1351 3981 et
1377 3933 1398 3980 a
1424 3913 1536 3999 quinta

361 4030 488 4099 deoima
508 4028 585 4097 luna
605 4048 705 4116 usque
733 4030 774 4097 ad
795 4030 982 4116 vigesimam
1003 4030 1142 4117 primam
1164 4030 1398 4118 supputationis
1419 4029 1534 4097 seriem

431 4194 453 4227 a.
475 4182 563 4227 retorto
581 4182 606 4229 V
618 4178 655 4239 (ot.
671 4178 742 4228 Exod.
753 4180 791 4239 28,
802 4179 833 4240 8).
911 4180 934 4229 b.
956 4182 1056 4229 ssetatm
1073 4182 1102 4231 V.
1181 4195 1201 4229 a
1220 4182 1342 4229 desursum
1359 4182 1387 4229 7.

431 4276 458 4331 1.
482 4274 501 4331 i.
519 4290 544 4331 e.
562 4272 651 4331 Astus
672 4280 762 4347 apost.
781 4278 823 4347 (8,
836 4276 958 4345 9-24).
1055 4276 1082 4333 2.
1104 4276 1331 4347 Reengnltionum
1353 4274 1416 4333 libri
1436 4274 1534 4333 desem

361 4362 400 4429 (S.
409 4363 570 4422 Clementil
581 4364 716 4433 attributi)
725 4366 757 4421 L.
766 4365 794 4421 11
803 4366 828 4435 7,
840 4380 885 4435 ap.
896 4364 1059 4423 Gotelerium
1072 4364 1121 4422 SS.
1130 4366 1227 4422 Patres
1236 4365 1445 4432 (Amstelodsmi
1454 4366 1534 4434 1724)

361 4452 419 4509 Τ.Ι
435 4454 500 4509 512.
590 4454 616 4508 3.
640 4452 779 4525 discipuli,
803 4454 963 4511 imitatores.
1051 4455 1077 4510 4.
1102 4454 1290 4525 sugillationis.
1379 4454 1405 4510 ὅ.
1428 4470 1532 4511 servos.

361 4542 386 4597 6.
410 4540 447 4597 Α
460 4540 542 4597 Gellii
559 4540 639 4598 Nost
650 4542 710 4597 Att.
724 4542 764 4600 v1
776 4542 849 4610 (Vll)
862 4544 894 4600 4:
914 4541 1032 4614 „Siouffl
1051 4544 1140 4614 inquit
1157 4542 1281 4609 (Caelius
1297 4540 1431 4611 Sabinus)
1448 4544 1533 4614 „anti-

361 4630 454 4699 quitus
473 4630 611 4700 mancipia
626 4631 686 4686 iura
703 4629 766 4687 belli
784 4635 866 4701 oapta
883 4633 990 4689 ebronis
1007 4632 1104 4688 induta
1120 4632 1283 4704 veniebant3
1301 4636 1331 4686 et
1346 4631 1448 4687 ideireo
1459 4632 1532 4687 dieo

360 4718 461 4775 brnen
485 4716 537 4775 sub
561 4734 662 4775 corona
683 4718 793 4776 veniro“
813 4725 866 4777 oet
956 4721 981 4776 7.
1005 4720 1210 4791 ludio.16,l'l:
1230 4720 1480 4792 „submersam
1503 4721 1532 4776 id

361 4812 404 4863 est
420 4810 599 4864 eonseoratus
617 4808 678 4865 Deo
695 4808 787 4866 sumt.
880 4810 905 4865 8.
929 4810 964 4867 V.
982 4808 1095 4867 Numeri
1112 4812 1138 4881 6,
1156 4810 1199 4865 18.
1288 4810 1315 4864 9.
1338 4808 1426 4865 Exod.
1443 4809 1486 4878 29,
1505 4809 1531 4863 6.

363 4896 404 4951 10.
428 4898 444 4951 1
463 4896 537 4952 Petr.
549 4898 576 4965 2,
588 4896 614 4951 9.
