4342 6034
637 722 704 787 408
958 734 1147 785 nrrsnonsr
1167 734 1398 783 nocnsrnun
1418 733 1458 782 or.
1471 735 1503 783 as

541 888 611 943 1172
638 880 849 949 arbitrumet
870 878 937 945 eius
962 897 1057 964 super
1077 876 1137 943 hoc
1151 881 1237 943 stare
1252 875 1402 943 mandato
1416 875 1544 959 iuravit,
1567 873 1818 941 definitivas'en-

530 962 737 1065 1¹'¹¹'28tentia
764 994 831 1061 lete
857 994 974 1061 fnisset
1001 998 1034 1061 et
1060 992 1223 1079 praedicto
1243 992 1437 1061 monasterio
1458 992 1658 1078 praeecripta
1680 990 1820 1057 Hostilia

637 1111 827 1195 adiudicata,
850 1110 1099 1179 controversiam
1114 1109 1219 1195 ipsam
1233 1108 1345 1176 niteris
1360 1108 1530 1189 succime3
1553 1113 1586 1173 et
1600 1106 1713 1175 abbati
1729 1126 1820 1194 prae·

636 1228 747 1314 scripti
768 1226 957 1295 monasterii
978 1225 1095 1293 iterum
1117 1223 1403 1294 in·l⁴'erra1ienses
1425 1244 1522 1309 snper
1543 1223 1603 1291 hoc
1623 1222 1820 1310 respondeo

636 1342 804 1411 mandasti
839 1340 923 1421 Quia
951 1360 1026 1409 vero
1053 1360 1120 1409 non
1145 1340 1252 1423 decet,
1280 1340 1497 1427 quaestionem
1526 1338 1665 1426 sopitam
1693 1344 1729 1406 et
1751 1359 1820 1405 carn

636 1458 790 1542 maxime,
823 1477 863 1525 ex
892 1477 955 1543 qna
983 1461 1032 1523 tot
1058 1456 1230 1524 homicidio
1257 1462 1290 1524 et
1316 1454 1402 1523 mala
1426 1460 1611 1543 perpetrata
1630 1460 1821 1539 noscuntur,

636 1578 809 1641 retrectare
838 1578 872 1641 et
898 1572 1086 1641 sententiam
1110 1571 1304 1665 rescindere,
1333 1572 1373 1639 de
1395 1591 1458 1655 qua
1480 1571 1680 1639 obseruanda
1703 1571 1822 1637 dicitur

636 1688 734 1761 fuisse
758 1688 798 1757 ab
820 1694 955 1775 utraque
978 1692 1070 1775 parte
1092 1688 1232 1755 iuratum
1247 1721 1289 1735 -
1305 1688 1496 1775 praesertim
1518 1706 1590 1755 cnm
1610 1686 1723 1753 nullus
1738 1693 1824 1755 osset

636 1804 740 1871 litium
763 1802 852 1889 finis,
883 1804 912 1870 si
934 1824 1064 1888 causae,
1088 1822 1169 1889 qnae
1190 1803 1315 1871 decisae
1336 1809 1426 1887 sunt,
1448 1804 1482 1869 in
1504 1803 1661 1870 recidivae
1687 1808 1822 1870 conten-

637 1920 733 1987 tionis
757 1920 942 2008 scrupulum
965 1918 1165 2001 devenirent;
1188 1924 1221 1985 et
1242 1924 1368 2005 oportet
1381 1939 1442 1986 nos
1457 1919 1541 1986 inter
1558 1918 1708 1985 civitates
1723 1917 1822 1986 Lorn-

637 2036 767 2103 bsrdiae
790 2042 822 2103 et
846 2054 955 2105 sorum
978 2035 1078 2118 cives,
1102 2034 1162 2101 boc
1184 2039 1327 2122 tempere
1349 2035 1530 2122 praecipue,
1553 2054 1664 2121 paoem
1688 2038 1725 2102 et
1747 2055 1824 2103 con·
1917 2046 1919 2117 ῑ

637 2152 780 2219 cordiam
808 2172 928 2239 ponere
957 2156 989 2217 et
1015 2150 1055 2217 ad
1078 2168 1187 2217 eornm
1209 2150 1364 2217 unitatem
1387 2152 1477 2235 vigili
1499 2151 1604 2219 studio
1627 2156 1660 2217 et
1682 2152 1824 2219 medite-
1917 2128 1919 2141 ¹

637 2269 724 2335 tione
738 2268 904 2335 intendere
916 2303 957 2315 —
970 2267 1203 2333 fraternitatem
1218 2271 1308 2333 tuam
1322 2287 1487 2334 monemus
1503 2272 1597 2353 atque
1612 2268 1823 2335 mandamns:

639 2388 810 2471 quatenus,
840 2383 1008 2468 diligenter
1037 2382 1240 2449 considerans
1270 2387 1302 2449 et
1324 2383 1505 2468 attendens,
1534 2382 1648 2471 quarn*
1671 2388 1825 2471 tempora

639 2520 724 2567 nnnc
752 2500 863 2584 gravia
885 2504 917 2567 et
939 2498 1117 2585 periculosa
1139 2498 1279 2565 existent
1299 2546 1401 2565 .....
1424 2500 1568 2585 praefato
1590 2498 1699 2566 abbati
1723 2521 1825 2587 super
1917 2464 1919 2511 ἱ

640 2615 803 2703 praedicta
817 2614 955 2683 Hostilia
977 2613 1098 2683 nullam
1120 2618 1247 2681 moveat
1268 2614 1495 2699 quaestionem,
1518 2634 1578 2682 nec
1596 2626 1686 2683 eum‘
1702 2616 1826 2684 exinde

641 2730 839 2818 aliquatenus
866 2730 1019 2799 instinctu
1047 2728 1187 2813 quolibet
1215 2730 1386 2797 contendes
1408 2730 1563 2797 molestiis
1585 2730 1636 2797 vel
1656 2734 1826 2815 parami-
1918 2710 1919 2763 ¹

640 2847 732 2915 nibus
764 2846 909 2931 fatigare.
952 2844 986 2912 Si
1017 2846 1102 2912 enirn
1131 2845 1346 2912 controversie
1373 2844 1431 2911 illa
1458 2846 1681 2931 suscitaretur,
1715 2848 1825 2915 multa

641 2962 725 3030 mala
746 2962 889 3049 pericula
912 2967 944 3029 et
966 2960 1138 3028 homicidia
1160 2960 1298 3047 plurime
1319 2962 1525 3049 provenirent
1547 2968 1580 3029 et
1594 2968 1713 3029 statum
1728 2965 1822 3051 pacis
1918 2974 1919 3053 ᾗ

641 3084 673 3147 st
699 3078 831 3146 unitatis
859 3076 1068 3145 Lomberdiae
1096 3096 1160 3143 non
1188 3076 1344 3143 modicum
1373 3078 1605 3164 perturbarent
1640 3078 1692 3145 Ad
1723 3098 1820 3165 quem
1918 3078 1919 3081 ’

641 3194 890 3263 conservandum
919 3199 951 3261 te
980 3192 1124 3259 volumus
1152 3197 1220 3259 toto
1248 3192 1351 3258 studio
1382 3198 1414 3259 et
1440 3192 1549 3261 labore
1575 3194 1661 3260 eniti
1696 3194 1820 3262 Datum

641 3310 812 3379 Tusculani
834 3311 855 3377 5
879 3309 948 3376 Kal.
972 3306 1148 3376 Februarii.

645 3497 706 3569 58.
728 3498 913 3565 Alabandei·
934 3496 996 3563 ΙΙΙ
1016 3520 1107 3585 papa
1140 3494 1330 3563 Conrado]
1361 3497 1597 3584 archieposcopo
1625 3499 1818 3585 Moqants'rro

731 3616 878 3695 madet,
908 3614 1048 3681 hortetur
1074 3611 1288 3678 Tlseobeldrcn
1314 3615 1495 3700 epsicopum
1516 3614 1751 3695 Pannoniam,
1783 3628 1821 3681 et

732 3730 893 3795 monacbis
917 3728 1204 3795 [accelerantibus
1227 3728 1370 3795 ecclesius
1394 3731 1549 3815 quasdam
1570 3728 1742 3798 ratimari

542 3880 611 3935 1175
732 3861 914 3931 Alexander
940 3862 1107 3949 episcopus
1130 3882 1240 3929 servus
1262 3881 1426 3929 servorum
1447 3861 1509 3929 Dei
1530 3862 1705 3931 venerabili
1724 3863 1817 3929 fratri

522 3954 1015 4061 Μ’Μ0(οιπε.(1ο)Μειίςιιιιιίιιο
1039 3978 1275 4064 archiepiscopo
1299 3986 1331 4045 et
1353 3977 1524 4064 apostolice
1546 3978 1632 4047 sedis
1646 3979 1747 4063 legato
1760 3998 1816 4044 se·

643 4094 741 4162 lntem
765 4099 797 4163 et
819 4095 1024 4181 aposolicae]
1047 4094 1307 4161 benedictionem.

732 4208 784 4277 Ex
811 4211 999 4279 transmisse
1025 4211 1250 4295 conquestione
1278 4205 1418 4277 abbatis¹
1445 4214 1478 4277 et
1505 4217 1679 4279 conventus
1707 4228 1814 4277 mona-

644 4326 734 4395 sterii
755 4325 994 4395 Lunelacensis·
1011 4326 1200 4412 accepimns,
1224 4325 1307 4410 quod
1330 4326 1497 4416 episcopus
1517 4311 1731 4393 Patauiensis⁵
1744 4342 1813 4390 aeo-

644 4443 756 4513 cleeias
779 4444 944 4530 quasdem,
968 4463 1045 4528 ques
1070 4462 1104 4509 se
1128 4447 1273 4509 asserunt
1291 4440 1385 4525 longo
1400 4446 1544 4529 ternpore
1558 4440 1744 4528 possedisse,
1764 4438 1811 4504 eis

715 4600 737 4633 ι.
756 4586 839 4633 lterum
858 4586 883 4633 in
902 4586 986 4645 cerebri
1002 4600 1045 4644 pro
1064 4584 1121 4631 item
1139 4584 1176 4630 ed.
1253 4582 1277 4629 b.
1296 4586 1382 4643 quanta
1396 4584 1433 4631 ed.
1511 4597 1531 4631 e.
1552 4584 1613 4630 enim
1628 4584 1665 4630 ed.
1739 4580 1759 4627 d.
1778 4597 1810 4625 α

644 4666 697 4713 cod.
709 4669 837 4714 Caesareae
852 4665 998 4711 bibliothecae
1010 4664 1188 4711 Viadedenmr's
1204 4662 1267 4709 8825
1281 4664 1341 4710 benc
1355 4664 1476 4722 epistolam
1490 4667 1514 4710 r'n
1529 4681 1594 4713 ssu·
1609 4679 1680 4709 aa·
1695 4660 1809 4718 W

646 4745 776 4793 villelmus
791 4744 890 4793 sclua.
912 4744 987 4791 Medi
1000 4746 1024 4789 ι’»
1040 4746 1131 4806 Rogat.
1143 4752 1207 4801 pont.
1224 4746 1289 4789 aaa.
1302 4760 1327 4802 p·
1338 4744 1386 4791 '162
1401 4762 1423 4789 r.
1433 4743 1502 4792 etad.
1580 4757 1601 4789 e.
1618 4741 1744 4789 Lmolacni
1757 4756 1776 4783 c.

716 4832 741 4887 1.
764 4830 893 4887 Heinrici.
983 4830 1008 4885 2.
1031 4828 1216 4886 Theobaldue.
