4342 6034
510 914 562 969 755

455 990 615 1035 exeunteenno

624 747 690 815 262
867 765 894 813 s.
910 765 1088 813 normann
1108 766 1155 814 ns
1176 766 1280 815 nuum
1300 712 1489 815 mmuou'me
1511 766 1557 813 roe

623 902 790 975 herbetus¹
813 927 923 974 servus
947 927 1110 974 servorum
1125 906 1187 975 Dei
1209 928 1282 975 cum
1304 908 1376 975 aliis
1390 906 1666 975 consacerdotibus
1680 906 1800 975 Christi

625 1029 657 1090 et
679 1023 864 1109 presbiteris
887 1043 944 1090 seu
968 1023 1134 1091 abbatibus
1157 1029 1304 1092 aeternae
1333 1024 1555 1111 prosperitatis
1582 1043 1619 1090 ac
1648 1024 1739 1111 pacis
1766 1025 1800 1091 in

623 1138 761 1205 Domino
785 1138 928 1206 salntem.

713 1252 901 1323 Profitemur
924 1257 1031 1341 igitur,
1055 1255 1236 1340 karissimi,
1259 1255 1474 1322 sincerissima
1494 1255 1670 1323 intentione
1692 1275 1800 1321 coram

624 1368 693 1435 Deo
716 1374 748 1436 et
771 1370 879 1439 electis
902 1372 1023 1456 angelis
1047 1372 1131 1439 eius:
1157 1372 1241 1457 quia,
1265 1371 1525 1457 quandocumque
1547 1376 1688 1438 uestram
1704 1370 1801 1438 dilec-

622 1484 743 1551 tionem
771 1488 858 1573 pacis
889 1508 926 1554 ao
952 1488 1175 1575 prosperitatis
1202 1491 1392 1573 proventum
1420 1492 1453 1553 et
1480 1491 1608 1553 sanotae
1636 1486 1800 1571 religionis

623 1600 657 1666 in
686 1600 812 1669 Christo
846 1603 1023 1690 proiectum
1052 1622 1223 1688 sanaeque
1250 1603 1459 1669 exortationis
1486 1603 1626 1669 fructum
1654 1601 1696 1668 de
1723 1601 1801 1669 alio-

623 1736 695 1781 rum
718 1720 956 1786 conversatione
980 1718 1190 1785 abundantius
1212 1718 1330 1785 habore
1351 1718 1572 1803 rumigerulis·
1590 1716 1802 1785 referentibus
1920 1723 1921 1728 ’

624 1832 785 1919 audimus,
820 1834 921 1919 quod,
955 1834 1028 1901 iude
1061 1834 1140 1900 satis
1173 1834 1347 1917 gaudentes
1381 1840 1414 1901 et
1446 1854 1505 1920 pro
1533 1832 1623 1899 vobis
1652 1832 1802 1900 obnixius

625 1954 766 2035 orantes,
795 1949 872 2017 laeti
901 1950 1020 2033 gratias
1050 1950 1173 2034 agimm
1202 1949 1346 2033 largitori
1373 1950 1528 2015 bonorum
1555 1948 1699 2015 omnium
1722 1948 1801 2015 Deo.

624 2064 755 2143 Quando
779 2064 903 2133 auternb
922 2065 1028 2151 aliqua
1049 2066 1196 2149 religioni
1212 2070 1338 2132 uernae
1355 2064 1473 2131 iniuria
1486 2064 1572 2131 lacta
1586 2068 1657 2130 aue·
1672 2063 1803 2150 aliquod

624 2183 806 2267 inrogatum
832 2186 981 2248 narratur
1011 2182 1179 2266 damnum,
1206 2179 1332 2248 merord
1356 2185 1389 2246 et
1416 2180 1549 2247 tristitia
1574 2200 1634 2246 nus
1663 2182 1801 2263 cruciat3

626 2298 700 2383 quia
722 2297 884 2382 nimirum,
909 2298 991 2363 sicut
1012 2297 1126 2381 gaudio
1149 2303 1254 2364 vestro
1276 2296 1311 2362 in
1334 2295 1459 2363 Christo
1482 2295 1734 2381 congaudemus,
1757 2297 1804 2363 ita

626 2419 659 2480 et
682 2413 875 2481 adversitate
897 2433 956 2499 pro
979 2411 1106 2479 Christo
1129 2413 1307 2479 contristati
1328 2412 1538 2499 conpatimur.
1620 2410 1692 2479 Non
1717 2414 1802 2479 enim

626 2528 794 2615 aliquando
822 2530 857 2595 iu
886 2528 1039 2595 memoria
1061 2534 1171 2595 nostra
1192 2526 1355 2596 obliterari
1377 2533 1512 2613 possunt
1533 2528 1734 2595 duersamm
1755 2534 1803 2595 ab

627 2666 687 2731 que
710 2645 957 2712 indelessarum·
980 2643 1220 2711 tribulationum
1243 2662 1393 2728 angores,
1423 2663 1518 2729 quos,
1542 2649 1579 2710 ut
1599 2645 1725 2711 uiscera
1746 2664 1803 2711 no-

627 2766 709 2846 stra,
737 2782 793 2827 ros
822 2760 884 2847 ipsi
917 2779 987 2827 oum
1011 2758 1080 2827 Deo
1111 2759 1225 2826 dilecto
1254 2763 1347 2846 patre
1373 2765 1482 2825 nostro
1511 2759 1603 2827 beate
1629 2760 1803 2827 memoriae
1920 2819 1921 2824 ,

626 2876 785 2943 Bonifatio
807 2882 949 2963 martyre
971 2876 1054 2942 inter
1076 2879 1294 2962 persecutores
1316 2894 1458 2961 paganos
1480 2881 1514 2943 et
1534 2875 1691 2943 hereticos
1708 2882 1803 2962 atque

628 2994 822 3060 scismaticos
845 2992 1026 3091 seductores
1048 2992 1081 3056 in
1105 2996 1172 3056 tam
1194 2990 1373 3077 periculosa
1388 3010 1426 3057 ae
1441 2991 1605 3059 ferocitate
1619 2990 1717 3078 plena
1731 3012 1804 3079 per·

628 3110 823 3194 egrinatione
852 3128 910 3194 pro
939 3126 1046 3173 amore
1070 3110 1217 3173 aeternae
1238 3107 1363 3193 patriae
1384 3106 1479 3190 longo
1501 3113 1645 3193 tempore
1665 3108 1805 3175 suanno

627 3226 726 3308 batis3
756 3229 788 3290 et
816 3224 891 3309 quia
913 3259 955 3269 —
980 3222 1035 3288 illo
1063 3222 1185 3289 scilieet
1212 3242 1270 3308 per
1300 3242 1431 3306 monem
1460 3222 1607 3309 martyrii
1634 3244 1705 3290 enm
1738 3226 1805 3291 suis

627 3340 773 3427 plurimis
801 3339 982 3405 domesticis
1012 3338 1052 3405 ad
1075 3343 1237 3405 aeternam
1260 3338 1405 3406 caelestis
1428 3338 1551 3425 patriae
1574 3339 1713 3424 quietem
1736 3340 1806 3425 glo-

627 3455 711 3521 riose
733 3453 928 3540 feliciterque
950 3454 1108 3537 migrante
1131 3488 1170 3501 -
1197 3475 1271 3539 roe,
1294 3456 1349 3540 qui
1371 3455 1556 3541 superstites
1578 3454 1692 3521 talium
1715 3458 1805 3542 estis,

628 3570 760 3637 forsitan
788 3590 825 3636 co
848 3568 1055 3656 periculosius
1079 3568 1130 3636 ac¹
1152 3568 1311 3637 difficilius
1333 3571 1418 3637 inter
1435 3570 1561 3637 diversa
1573 3574 1807 3657 temptamenta

629 3686 874 3770 conversamini,
903 3706 964 3770 quo
992 3690 1080 3752 tento
1104 3690 1202 3771 'patre
1230 3690 1283 3753 et⁸
1305 3686 1434 3752 doctore
1456 3686 1497 3751 ad
1520 3706 1650 3771 presens
1672 3705 1730 3753 vos
1754 3708 1805 3754 or·

629 3802 720 3868 batos
743 3820 812 3868 esse
834 3805 965 3868 constat.

717 3916 762 3985 Et
784 3916 928 4001 quamvis
951 3916 1025 3982 hinc
1048 3917 1203 4003 quaedam
1225 3918 1407 3985 maesticiae
1422 3917 1600 3985 amaritudo
1615 3922 1725 3985 nostra
1738 3919 1805 3986 dis-

630 4034 751 4101 cruciat
772 4032 876 4099 valide
897 4032 1080 4120 precordia,
1109 4038 1217 4101 tamen
1239 4034 1369 4101 huiusce
1391 4034 1508 4101 doloris
1530 4033 1684 4117 gemitum
1707 4056 1806 4120 quae-

630 4148 704 4215 dam
726 4146 852 4234 saepius
876 4149 916 4214 ad
939 4150 1126 4216 memoriam
1148 4150 1274 4217 rediens
1295 4151 1414 4217 nimiae
1437 4170 1474 4217 ac
1494 4170 1575 4217 nove
1598 4149 1804 4219 exultationis

629 4264 773 4331 hilaritas
795 4264 947 4331 iucundat
969 4284 1006 4331 ao
1032 4265 1175 4349 mitigat3
1205 4266 1281 4332 dum
1308 4266 1504 4352 frequentius
1532 4265 1708 4333 recolentes
1736 4285 1804 4335 am·

629 4380 768 4447 mirabili
789 4380 841 4447 vel
862 4382 968 4467 potius
990 4378 1144 4447 ineffabili
1157 4380 1220 4447 Dei
1241 4382 1355 4468 pietati
1376 4382 1586 4469 tripudiantes
1600 4382 1722 4465 gratias
1737 4384 1803 4468 agi-

630 4516 717 4563 muer
742 4496 824 4583 quod
847 4500 913 4563 tam
936 4495 1136 4583 praeclarum
1158 4496 1388 4584 speculatorem
1409 4496 1555 4565 caelestis
1577 4494 1802 4567 bibliothecae‘

702 4687 723 4721 a
743 4674 894 4733 rumigerulus
912 4674 939 4721 V.
1017 4674 1040 4720 b.
1061 4672 1081 4720 r
1099 4674 1126 4721 7.
1204 4688 1225 4720 c
1245 4674 1291 4722 aud
1309 4676 1336 4723 7.
1410 4675 1433 4721 d.
1453 4689 1540 4723 memor
1558 4677 1585 4724 7.
1658 4692 1679 4725 e.
1700 4676 1801 4725 diram

631 4756 699 4814 atque
714 4753 842 4801 indefessas
859 4754 887 4801 7.
965 4752 981 4800 l.
1002 4753 1031 4801 ed
1049 4754 1076 4802 7.
1154 4768 1177 4813 g.
1198 4769 1211 4801 e
1229 4756 1257 4801 7.

703 4859 728 4913 1.
754 4856 872 4928 archiep.
892 4857 1278 4930 Oantnariensis,740—'162.
1367 4860 1394 4914 l.
1417 4857 1572 4915 bibliorum.
