4342 6034
726 794 899 842 vuucuuur
920 795 1000 841 vrrs
1022 794 1194 843 nnanorus
1471 776 1537 845 525

380 933 451 1018 quid
471 935 638 1021 episcopus
658 940 775 1021 posset,
798 936 854 1001 sed
877 934 951 1019 qnid
969 936 1151 1022 episcopum
1167 935 1301 1021 deceret,
1325 936 1535 1003 considerans.

379 1046 427 1114 Er
456 1050 545 1115 curia
565 1055 599 1117 et
621 1070 660 1117 ex
683 1050 775 1117 domo
798 1050 891 1116 etad
914 1071 949 1117 se
970 1051 1187 1137 undecumque
1210 1051 1372 1118 uenientes
1395 1072 1465 1118 cum
1489 1054 1537 1119 in-

379 1164 462 1247 genti
484 1166 656 1248 gratiarum
681 1164 897 1249 alloquebatur
919 1166 1092 1250 dulcedine,
1116 1166 1194 1232 illud
1216 1168 1280 1233 iam
1303 1164 1435 1252 implere
1449 1166 1538 1233 festi·

377 1298 444 1362 nus,
468 1280 550 1364 quod
573 1280 702 1347 dicitur:
728 1280 853 1362 Quanto
874 1306 1008 1369 mayaco
1031 1306 1071 1364 aa,
1097 1284 1229 1349 bomilia
1252 1293 1297 1349 te·
1317 1287 1352 1349 in
1368 1285 1510 1349 aeacidae
1519 1278 1536 1347 ¹.

378 1392 612 1462 Sublimatiouis
633 1416 713 1462 nore
736 1397 783 1462 sic
803 1398 993 1483 temperavit
1013 1398 1150 1481 initium,
1173 1404 1209 1465 ut
1227 1400 1291 1463 iam
1307 1399 1373 1464 cius
1390 1404 1421 1464 et
1435 1418 1538 1464 mores

375 1508 408 1574 iu
430 1508 521 1577 illum
548 1513 752 1580 ascenderent
778 1512 927 1596 gradum,
956 1512 996 1579 de
1025 1532 1086 1598 quo
1109 1514 1186 1579 dicit
1207 1514 1420 1597 euangelium:
1444 1516 1540 1580 Batti

370 1648 529 1714 pauperae
550 1632 681 1715 spirata,
706 1633 857 1715 quoniam
877 1632 1020 1715 ipsoram
1042 1628 1104 1695 est*
1126 1652 1256 1715 reposcos
1279 1625 1440 1697 cclorcm'.

463 1741 526 1808 Sed
547 1742 606 1810 bec
627 1745 757 1830 spiritus
778 1749 948 1830 paupertas
961 1745 1030 1810 'sive
1044 1744 1216 1829 humilitas,
1240 1751 1392 1830 quantum
1408 1744 1448 1810 ad
1463 1764 1537 1811 exa-

374 1876 447 1923 men
469 1865 591 1944 spectat
612 1858 827 1942 humanitatis,
850 1880 912 1925 non
936 1860 1027 1945 parvi
1050 1860 1141 1926 beato
1164 1862 1231 1926 viro
1256 1861 1361 1927 extitit
1383 1880 1478 1926 causa
1491 1860 1537 1925 la-

375 1972 470 2039 boris.
505 1973 621 2058 Regia·
641 1974 731 2041 illum
754 1995 791 2041 eo
816 1974 951 2061 amplius
974 1976 1124 2041 mandata
1146 1976 1308 2059 urgebant,
1332 1976 1442 2074 sqique
1465 1994 1536 2041 eum

374 2094 525 2155 econtra
553 2091 657 2156 minus
685 2091 883 2172 metuebant3
914 2098 959 2174 et,
991 2111 1069 2175 quos
1098 2092 1219 2177 proprii
1247 2092 1374 2156 honoris
1396 2090 1537 2156 invenire

373 2204 484 2272 debuit
503 2206 658 2291 lautores,
682 2228 754 2272 suos
776 2208 898 2273 invenit
919 2206 1000 2293 prob
1023 2205 1112 2272 dolor
1135 2207 1309 2273 desertores
1331 2206 1538 2293 propriosque

373 2320 539 2388 delatores.
574 2320 691 2389 Milites
712 2342 849 2407 namque
866 2322 925 2405 sui,
949 2321 1094 2408 despecto
1112 2322 1200 2388 freno
1217 2342 1272 2389 sue
1287 2322 1538 2387 mansuetudinis

373 2436 412 2503 ab
437 2457 475 2503 eo
496 2437 688 2522 recedentes,
710 2438 868 2523 regalibus
891 2458 960 2504 sese
975 2438 1182 2505 subdiderunt
1196 2436 1418 2504 contuberniis.
1452 2436 1538 2503 Non-

372 2552 453 2618 nulli
476 2553 571 2619 etiam
594 2572 633 2619 ex
655 2553 863 2620 servientibus
886 2554 1105 2620 ecclesiasticis
1128 2553 1296 2621 curialibus
1320 2560 1393 2620 sunt
1419 2554 1538 2620 manci·

372 2669 441 2754 pati
465 2670 616 2751 servitiis3
647 2669 814 2754 obsequiis,
838 2670 950 2755 quibus
973 2669 1034 2735 sibi
1057 2675 1148 2735 erant
1170 2670 1307 2753 obnoxii,
1332 2668 1416 2756 apud
1438 2669 1538 2755 impe-

371 2791 511 2850 ratorem
535 2784 681 2851 volebant
703 2804 772 2851 esse
794 2785 932 2867 obligati.
968 2784 1039 2850 Hiis
1062 2785 1189 2869 quidem
1211 2784 1418 2851 familiaribus
1434 2786 1539 2850 inimi·

372 2901 418 2967 cis
448 2899 658 2967 deferentibus
688 2920 858 2985 eorumque
885 2900 1006 2987 perlida
1032 2902 1204 2984 instigante
1227 2901 1382 2985 nequitia,
1414 2900 1539 2967 assidue

373 3017 581 3099 exigebantur
608 3016 691 3081 dona
719 3015 758 3082 ab
785 3036 822 3081 eo
843 3016 1025 3101 magnifica,
1055 3022 1087 3083 ct
1109 3016 1255 3100 graviora
1277 3036 1401 3101 semper
1422 3014 1468 3081 illi
1491 3018 1539 3081 in-

371 3132 586 3216 iungebantur
613 3132 751 3197 servitia.
790 3130 853 3198 Sed
877 3131 979 3197 nude·¹
1001 3131 1242 3216 malignantium
1265 3132 1456 3218 perversitas
1479 3130 1539 3197 Dei

373 3257 484 3315 servo·
507 3248 691 3315 contrahere
713 3248 845 3335 potabat
867 3268 938 3315 curn
961 3247 1113 3315 dedecore
1129 3247 1359 3331 contumeliam,
1385 3246 1539 3313 excellen-

371 3364 455 3431 tem‘
475 3364 545 3431 Deo
564 3364 690 3431 brente
712 3364 921 3431 accumulavit
943 3365 972 3431 ei
993 3365 1146 3431 bonorem
1168 3369 1200 3431 et
1222 3364 1365 3447 gratiam
1402 3362 1483 3429 Nam
1505 3363 1538 3428 in

372 3499 570 3566 quocumque
591 3481 717 3564 negotio
737 3480 823 3547 Deus
845 3481 893 3546 illi
914 3486 1036 3548 tantum
1061 3481 1214 3547 concessit
1237 3485 1434 3566 proventum,
1456 3478 1538 3546 unde

371 3596 443 3683 ipse
466 3601 497 3661 et
519 3595 608 3663 sedes
631 3616 688 3662 sua
711 3596 909 3663 exaltationis
932 3616 996 3663 non
1017 3616 1131 3683 parum
1153 3596 1277 3662 tolleret
1298 3596 1536 3662 incrementum.

462 3710 520 3777 Vir
542 3716 668 3778 sanctus
691 3716 723 3778 et
744 3711 830 3778 mitis
852 3734 916 3778 uon
937 3712 1056 3779 restitit
1070 3706 1182 3796 malo³,
1205 3732 1314 3779 verum
1331 3714 1426 3779 etiam
1441 3712 1538 3778 vicitt

371 3828 492 3894 malum
514 3828 548 3894 in
570 3824 678 3911 bono‘,
700 3824 855 3893 dicentem
879 3828 1002 3894 securn'¹
1024 3828 1153 3895 volvens
1178 3828 1419 3912 euangelistam:
1442 3830 1540 3895 Beati

372 3948 480 4026 eodm,
515 3948 665 4031 quoniam
697 3948 763 4032 daei
792 3945 996 4032 poaaidebuat
1029 3940 1175 4010 terramb
1271 3944 1405 4023 Quidam
1434 3962 1536 4010 comcs

373 4080 465 4144 suus,
488 4060 615 4127 nomine
637 4058 774 4147 perfidus
796 4059 1027 4144 Erkenbaldns,
1051 4060 1170 4126 scilicet
1191 4060 1338 4127 inmerito
1361 4060 1448 4126 urbis
1471 4058 1537 4126 Ma·

447 4217 468 4249 ι.
488 4205 511 4249 te
528 4220 571 4248 on.
583 4221 602 4248 c.
679 4202 702 4249 b.
723 4204 746 4249 et
761 4220 781 4249 o.
859 4216 879 4249 c.
899 4205 998 4263 sequitur
1014 4214 1067 4259 crgo
1088 4204 1111 4247 s'u
1127 4202 1191 4257 cod„
1214 4204 1255 4249 ud
1269 4202 1356 4248 videtur
1372 4202 1467 4249 deletum
1483 4220 1537 4249 use.

374 4282 398 4329 d.
416 4282 478 4331 undo
493 4284 585 4341 sapsa
596 4282 748 4329 Wauatoct
761 4300 805 4342 pro
820 4281 874 4329 inde
891 4282 944 4329 cod.
1021 4296 1042 4327 e.
1061 4280 1155 4327 servibo
1172 4298 1192 4327 c.
1268 4282 1285 4327 f.
1306 4282 1429 4329 excellente
1445 4298 1464 4327 a.
1490 4279 1537 4339 (Cf.

374 4363 500 4410 acuisse.
512 4363 534 4418 c,
546 4363 587 4409 10:
610 4364 717 4423 ,propter
737 4360 882 4409 excellentem
903 4360 1030 4421 gloriam').
1107 4372 1128 4419 g.
1149 4360 1204 4407 vicit
1223 4364 1314 4421 scripsit
1330 4362 1481 4407 Wcsreudact
1495 4378 1538 4421 pro

373 4442 445 4488 vincit
460 4461 480 4488 c.
556 4441 580 4488 b
600 4441 712 4489 dicentem
732 4456 809 4489 secum
828 4444 911 4503 scripsi
927 4459 969 4502 pro
989 4440 1080 4487 dicente
1096 4452 1121 4486 se
1137 4442 1189 4487 ced.
1215 4444 1251 4497 Cf.
1268 4442 1345 4487 Gom.
1357 4441 1447 4497 sats:
1467 4440 1537 4487 Dum

375 4534 418 4581 quc
433 4521 491 4568 baec
505 4522 589 4569 tacitus
604 4535 691 4569 mecum
706 4522 826 4569 volverem.

447 4620 472 4672 l.
495 4617 616 4687 aeona,
630 4618 673 4672 20.
756 4620 782 4672 2.
806 4616 903 4672 Mattb.
916 4616 942 4686 5,
954 4618 980 4671 3.
1070 4616 1096 4671 3.
1118 4612 1214 4669 blattis.
1228 4614 1253 4684 5,
1266 4614 1315 4669 39:
1340 4614 1421 4684 „Ego
1446 4618 1537 4670 autem

376 4704 436 4761 dico
457 4704 550 4777 vobis,
572 4722 628 4761 non
651 4706 778 4761 resistere
801 4706 887 4777 malo3
911 4704 960 4760 sed
984 4704 1091 4774 siquis
1113 4709 1141 4759 te
1164 4703 1330 4773 percusserit
1352 4704 1379 4759 iu
1397 4704 1537 4759 dexteram

376 4794 532 4849 maxillam“
551 4800 604 4850 cet
692 4796 718 4850 4.
742 4795 820 4850 Rom
834 4796 876 4865 12,
889 4796 939 4849 212
958 4793 1040 4865 ,Noli
1057 4794 1130 4850 vinci
1142 4810 1160 4848 a
1171 4793 1250 4863 malo,
1270 4791 1319 4847 sed
1330 4792 1409 4849 vince
1424 4792 1537 4851 inbono

376 4883 507 4940 malum“.
594 4885 620 4940 b.
644 4882 816 4955 nonnae.
