4342 6034
600 713 627 760 s.
643 712 819 763 normann
841 714 886 763 sn
908 715 1011 763 nuum
1032 672 1221 765 samsones
1242 716 1272 765 ιι
1455 698 1523 765 239

356 847 410 919 91.
434 852 623 939 Bonifatium
638 854 862 943 Lsobpytbom,
889 856 1025 939 Tectam,
1050 855 1256 944 Cyocbildom
1270 858 1461 939 cohortatur,
1485 872 1522 925 ot

427 990 543 1057 praese
563 994 625 1059 pro
647 994 680 1039 eo
692 972 851 1059 faciont‘.
1249 972 1286 1055 (S
1301 975 1356 1058 25,
1380 971 1448 1040 WG
1463 972 1520 1055 22)

432 1101 632 1171 venerandis
665 1109 698 1173 st
724 1105 867 1173 amandis
894 1106 1066 1173 carissimis
1094 1104 1255 1173 sororibus
1282 1101 1521 1192 mebgymeefl
1539 1106 1680 1163 723-755

347 1222 376 1285 et
397 1215 552 1287 Toclae‘¹
573 1240 633 1288 uec
654 1240 719 1287 non
741 1227 773 1289 et
794 1216 1023 1307 Gynebildas⁶⁸
1045 1226 1078 1288 et
1099 1222 1245 1289 omnibus
1266 1222 1302 1287 in
1324 1219 1451 1289 Christo
1473 1222 1521 1288 di·

346 1332 481 1417 mendis
496 1336 668 1422 sororibus,
688 1338 778 1405 vobis
794 1336 1056 1422 cohabitantibus,
1076 1343 1204 1404 asterus
1217 1338 1360 1405 ematis
1374 1338 1519 1405 salutem.

432 1450 575 1519 Obsecro
598 1458 631 1520 st
652 1454 813 1540 praecipio
836 1454 925 1539 quasi
946 1452 1071 1521 filiabus
1098 1452 1288 1539 cadmimis,
1317 1454 1521 1541 quemadmo-

346 1565 416 1633 dum
442 1587 501 1634 vos
524 1568 589 1635 iam
610 1569 805 1637 incessanter
826 1570 930 1637 iacere
953 1574 985 1637 ct
1007 1570 1121 1637 iecisse
1143 1574 1175 1636 et
1195 1570 1336 1637 tacturas
1359 1590 1429 1638 esee
1444 1590 1521 1637 eon·

344 1681 488 1767 fidimus,
517 1690 555 1751 ut
580 1685 695 1752 vestris
723 1686 917 1753 orationibus
946 1685 1065 1753 crebris
1087 1684 1261 1751 Dominum
1289 1686 1520 1773 deprecemini:

345 1804 377 1865 ut
403 1802 577 1869 liberentur·
602 1802 694 1869 iuxta
721 1800 840 1869 dictum
869 1800 1004 1889 apostoli
1027 1804 1067 1869 od
1090 1807 1272 1890 tropeam
1295 1816 1325 1869 et
1344 1804 1439 1869 msto
1462 1804 1519 1869 bo-

343 1918 482 1983 minibus
487 1940 500 1995 ,⁸
522 1938 588 1983 noa
610 1921 693 1983 enirn
716 1922 923 1985 catemariam
937 1914 1040 2003 fidea‘
1056 1952 1099 1965 -—
1117 1922 1149 1984 et
1171 1918 1292 2002 scitote,
1317 1918 1393 2003 qnia
1413 1917 1518 1985 Deum

343 2030 529 2118 laudamus,
557 2037 591 2099 st
615 2032 835 2101 tribulationes
864 2034 969 2101 cordis
996 2034 1097 2100 nostri
1125 2033 1390 2101 dilatatassunt·
1413 2038 1518 2100 —ut

343 2148 491 2216 dominus
515 2149 617 2233 Deus,
648 2150 701 2235 qui
725 2156 774 2216 est
794 2149 951 2234 refugium
974 2146 1166 2237 pauperum⁸
1189 2154 1222 2215 et
1243 2170 1317 2236 spes
1339 2148 1517 2235 humilium,

343 2265 379 2333 ds
399 2265 647 2333 nscessitatibus
669 2266 787 2333 uostris
810 2270 843 2333 st
865 2266 905 2333 de
926 2264 1188 2353 temptationibus
1209 2265 1304 2331 huius
1325 2266 1444 2333 saecub
1465 2286 1521 2333 us-

343 2402 437 2467 quam
463 2381 581 2469 eripiat
603 2402 677 2465 nos3
700 2386 737 2448 ut
759 2402 862 2449 sermo
883 2381 1013 2448 Domini
1036 2387 1144 2449 currat
1165 2388 1199 2447 st
1223 2378 1430 2449 clarificetur⁸
1451 2382 1519 2467 glo·

342 2498 464 2565 riosum
487 2497 687 2581 euangelium
710 2496 843 2582 Christi,
867 2502 903 2563 ut
925 2498 1029 2581 gratia
1050 2497 1181 2565 Domini
1203 2498 1238 2563 in
1259 2518 1311 2564 me
1332 2518 1434 2565 vacua
1455 2518 1520 2566 uon

344 2610 418 2681 sit¹⁷
445 2618 480 2681 et
502 2648 543 2660 —
569 2614 643 2699 quia
672 2612 802 2680 ultimus
831 2616 864 2680 et
891 2614 1048 2700 pessimus
1071 2634 1143 2681 sum
1166 2614 1308 2680 omnium
1331 2614 1518 2699 legatorum,

344 2749 418 2815 quos
448 2728 606 2797 catholica
633 2734 666 2797 et
690 2728 865 2817 apostolica
886 2728 1030 2795 Romana
1052 2729 1185 2796 eeclesia
1207 2728 1247 2795 ed
1270 2730 1518 2817 praedicandum

344 2844 544 2931 euangelium
571 2844 807 2913 destinavit-
831 2848 867 2911 ut
895 2845 1022 2911 omniuo
1051 2844 1121 2911 siue
1148 2845 1254 2912 fructu
1277 2846 1434 2931 euangelii
1456 2852 1519 2913 ste·

345 2962 430 3029 rilis⁸
454 2982 520 3029 non
547 2962 682 3046 moriar,
711 2967 744 3029 st
770 2980 888 3028 vacuus
919 2958 1054 3026 filiorum
1087 2965 1120 3027 et
1140 2958 1278 3027 filiarum
1300 2982 1432 3029 numero
1455 2982 1519 3028 non

345 3084 503 3161 revertar3
532 3098 573 3145 ne
595 3078 634 3144 de
658 3078 840 3145 abscondite
863 3071 1002 3144 talento⁸
1025 3074 1163 3143 Domino
1185 3078 1332 3144 veniente
1353 3097 1427 3145 reus
1450 3098 1520 3145 esse

345 3194 464 3262 iudicer
486 3212 555 3279 uss,
579 3194 716 3280 peccatis
740 3193 948 3278 exigentibus,
972 3193 1041 3259 vics
1064 3192 1182 3259 laboris
1204 3214 1263 3280 pro
1285 3192 1430 3261 mercede
1445 3193 1519 3261 ulti-

346 3328 436 3377 onem
459 3308 648 3377 infructuosi
670 3308 788 3377 laboris
812 3310 966 3396 accipiam
995 3308 1034 3376 ab
1057 3328 1111 3392 eo,
1141 3310 1196 3394 qui
1217 3310 1307 3376 misit
1328 3330 1389 3376 me.
1424 3308 1517 3376 Multi

347 3426 439 3511 enim,
464 3424 549 3513 quod
570 3426 662 3513 psius
685 3430 743 3510 est,
767 3446 845 3512 quos
869 3444 942 3491 oves
963 3425 998 3491 iu
1020 3424 1128 3491 futuro
1150 3424 1266 3491 iudicio
1289 3426 1330 3492 ad
1354 3426 1518 3492 dexteram

346 3540 462 3609 Christi
485 3542 666 3629 ponendosh
689 3542 757 3609 fors
779 3542 957 3625 censebam,
980 3560 1074 3607 verse
1095 3542 1174 3625 rios,
1198 3542 1340 3628 putidae‘
1364 3546 1397 3608 et
1415 3540 1519 3628 petul-

346 3676 399 3725 cas
422 3663 454 3725 et
478 3656 519 3725 ad
546 3656 708 3725 sinadam
737 3656 922 3725 statuendas
949 3656 1089 3743 capellae
1117 3678 1186 3724 esse
1214 3656 1430 3724 dinoscuntur.
1475 3656 1520 3725 Et

345 3774 497 3859 pietatem
511 3772 642 3840 Domini
664 3774 853 3860 precamini:
876 3780 913 3841 ut
935 3774 1050 3860 spiritu
1072 3774 1243 3861 principali
1262 3769 1444 3840 confirmet⁹
1464 3794 1519 3841 oor

345 3908 449 3957 mcum
463 3888 562 3975 Deus,
586 3889 640 3975 qui
663 3910 715 3957 me
736 3890 901 3975 iudignum
923 3894 1085 3977 pastorem
1100 3890 1134 3955 in
1147 3890 1265 3977 populo
1280 3890 1387 3957 vocari
1401 3889 1518 3973 voluit3

418 4117 438 4149 a.
457 4122 487 4151 aa
504 4108 534 4151 M
548 4104 726 4159 lore-1080,
749 4104 934 4158 esav-sto,
960 4104 983 4151 V
998 4102 1119 4150 lto-18.
1143 4106 1249 4150 Ιιιιιιιιαι
1264 4103 1322 4150 Item
1338 4102 1436 4163 epistola
1449 4103 1519 4151 Boni·

345 4181 398 4229 ficii
413 4182 579 4243 archiepiscopi
594 4184 673 4231 MCV.
735 4182 758 4229 b.
778 4182 908 4241 Lsobguthe
925 4186 981 4231 MC·
1043 4196 1063 4231 o.
1083 4182 1149 4229 Dede
1165 4184 1226 4239 MC,
1242 4182 1323 4230 Tectae
1341 4185 1371 4231 V.
1432 4182 1455 4230 d
1475 4183 1518 4230 (tu-

347 4262 445 4310 uibiidaa
460 4266 517 4319 MC,
534 4262 673 4323 Dynebildae
692 4264 719 4311 V.
782 4277 802 4311 e.
821 4262 975 4311 tribulatio-
987 4262 1082 4309 dilatata
1098 4264 1134 4309 est
1150 4266 1177 4311 C.
1238 4263 1254 4310 i.
1276 4263 1321 4310 tuit
1336 4266 1371 4310 Μ.
1433 4276 1455 4321 g.
1471 4265 1518 4309 ats-

348 4341 401 4387 rslis
413 4342 438 4391 7.
498 4342 522 4391 h.
543 4342 662 4403 ponendos
671 4344 730 4399 MV,
746 4362 804 4391 cerr.
820 4344 843 4389 ia
859 4342 977 4403 ponendas
988 4346 1016 4391 C·
1077 4343 1095 4388 i.
1114 4340 1215 4403 pedidus
1224 4346 1260 4399 M,
1276 4360 1334 4389 corr.
1349 4344 1373 4389 te
1387 4342 1482 4401 putidae
1492 4346 1518 4392 C.

418 4466 441 4519 l.
463 4480 545 4535 quam
562 4462 719 4520 Bonifatius
736 4463 904 4520 abbatissam
916 4462 1217 4534 Biseopesbsimensem
1234 4462 1347 4519 crearit.
1402 4464 1428 4517 2.
1447 4474 1519 4531 quae

349 4552 518 4624 Ktzringeusi
542 4552 676 4610 coenobio
698 4552 838 4624 praetecta
861 4551 1002 4608 abbatissa
1020 4556 1072 4608 est.
1162 4554 1188 4608 a.
1212 4566 1294 4621 quam
1316 4552 1346 4606 iu
1366 4550 1519 4619 Thuringta

350 4643 525 4711 „mammam
556 4640 720 4698 coustituit⁴¹
754 4638 925 4713 Bonifatium
966 4646 1038 4697 teate
1071 4640 1187 4697 Otblono
1222 4642 1252 4696 in
1283 4640 1342 4695 vita
1377 4636 1516 4693 Bonifatii.

348 4728 375 4783 t
394 4730 540 4789 2Tbsssal.
553 4732 580 4802 3,
593 4733 619 4787 2.
682 4730 708 4786 5.
727 4730 771 4787 Ps.
785 4732 811 4801 9,
825 4732 867 4787 10.
928 4731 954 4787 6.
973 4729 1166 4800 2TbsssD.3‚
1180 4731 1205 4785 1.
1265 4726 1516 4797 t.1Cor.15,10.

350 4816 376 4871 8.
395 4817 483 4877 uam.
496 4820 539 4891 25,
552 4820 597 4875 25.
670 4820 695 4873 9.
713 4820 816 4889 Peto,
830 4820 872 4875 14.
