4342 6034
620 753 647 803 s.
664 754 841 803 normam
862 755 906 803 ur
927 755 1031 803 uuum
1052 754 1240 803 semrom
1263 754 1295 805 aa
1480 740 1544 807 199

370 896 513 963 maures·
536 902 570 965 et
590 895 773 981 vigilantius
801 896 836 963 in
858 894 939 981 quo*
962 894 1120 981 angelieas
1142 901 1191 965 et⁰
1213 896 1301 965 beati
1321 896 1442 963 domiui
1463 893 1545 964 mei¹
1564 906 1638 992 (κβ)

310 1028 319 1037 ·
369 1018 399 1080 et
419 1012 611 1097 singillatim
634 1012 823 1100 protulimus
846 1031 947 1079 aures.
993 1011 1037 1078 lit
1058 1012 1150 1079 iuxta
1171 1031 1298 1079 roseum
1325 1013 1406 1081 illud
1433 1020 1466 1081 et
1487 1036 1545 1083 an·
1563 977 1636 1039 (Μ)

367 1128 505 1212 gedeum
527 1132 672 1216 optatum
695 1128 886 1197 desiderium
909 1127 1123 1195 desideratum
1145 1127 1303 1195 antelatus
1326 1130 1473 1198 dominus
1495 1136 1545 1199 ter

367 1244 479 1312 beatm
502 1245 537 1311 in
560 1244 733 1331 apostolica
755 1264 811 1311 vos
834 1244 875 1311 ad
897 1264 1028 1331 presens
1055 1244 1205 1327 dignatur
1227 1242 1467 1314 informatione¹
1489 1245 1544 1315 fir·

367 1360 483 1429 maffl:
515 1362 650 1448 qualiter
678 1381 742 1427 non
770 1360 872 1427 solum
894 1360 934 1427 de
957 1360 1154 1447 scysmaticis
1177 1364 1210 1427 et
1231 1360 1379 1430 hereticis
1401 1362 1465 1429 illis
1488 1383 1545 1431 seu

367 1477 649 1545 excommunicatis
679 1482 711 1543 et
740 1476 781 1543 ab
803 1476 976 1543 orthodoxe
998 1473 1074 1559 fidei
1095 1475 1206 1559 regula
1227 1477 1372 1562 nequiter
1395 1478 1544 1546 aberran-

366 1593 468 1661 tibus·
492 1593 664 1677 censeatis,
694 1598 730 1659 ut
752 1593 913 1677 eosvenit,
945 1613 1055 1659 rerum
1078 1592 1174 1659 etiam
1196 1590 1391 1661 Francorum
1414 1599 1448 1663 et
1470 1594 1545 1661 Gal-

365 1708 483 1777 liarum
506 1714 616 1794 gentes
638 1708 713 1775 fidei
735 1708 897 1777 tramitem
919 1708 1013 1791 solite
1036 1707 1263 1795 amplectentes
1285 1710 1460 1779 exuberent
1477 1712 1544 1779 eni·

365 1830 480 1910 antes,
509 1830 541 1891 et
563 1828 668 1893 restro
691 1828 800 1893 sancto
824 1824 883 1893 sub
904 1830 1048 1912 tempure
1069 1843 1134 1889 nou
1156 1828 1281 1891 tantm
1304 1826 1466 1893 occiduas¹
1487 1828 1544 1895 sed

365 1960 465 2026 usque
489 1960 613 2026 quaque
635 1940 769 2009 floreant
790 1940 945 2007 nationes.
1026 1938 1187 2025 Scriptum
1210 1960 1348 2025 namque
1365 1946 1430 2009 est:
1452 1943 1541 2010 Mol·

365 2072 428 2125 urm
465 2058 551 2125 ualet
577 2060 755 2145 deprecatio
785 2060 863 2125 ducti
890 2050 1054 2123 adsueui
1100 2055 1145 2122 Et
1171 2054 1275 2123 David
1303 2056 1436 2125 similia:
1465 2059 1544 2126 Niaa'

365 2176 494 2261 Moyses
524 2177 655 2241 amotas
681 2178 717 2241 io
746 2186 910 2261 conspectu
932 2173 1014 2253 Dei,
1047 2186 1081 2241 ut
1108 2185 1258 2240 uomet
1279 2177 1364 2239 iram
1390 2177 1472 2257 aaa,
1502 2198 1543 2241 ne
1598 2177 1600 2180 ’

364 2292 563 2378 disperderet
584 2286 661 2357 cor‘.

452 2405 521 2473 Nos
544 2406 672 2489 etenim,
694 2404 836 2491 priscum
858 2402 1036 2471 sodalitatis
1058 2404 1232 2473 retinentes
1255 2424 1406 2491 amorem,
1430 2425 1541 2491 quam·

364 2525 408 2591 rie
431 2523 545 2591 uariae
566 2522 621 2589 iu⁸
643 2526 793 2605 utrosque
815 2519 959 2587 nationes
974 2524 1006 2586 ct
1021 2521 1126 2587 maria
1140 2520 1294 2606 dividant,
1317 2527 1426 2589 tamen
1440 2524 1540 2609 scrip-

365 2646 428 2707 tum
454 2643 521 2707 est:
552 2638 647 2725 Aque
667 2638 785 2705 multae
806 2660 871 2703 noo
888 2650 1062 2724 portemur
1085 2641 1265 2726 coaequare
1286 2642 1460 2721 camdem,
1484 2662 1541 2707 nec

357 2760 498 2843 flumina
520 2756 651 2823 edacem
679 2749 796 2821 illumi
842 2751 1076 2821 Benedictiouis
1105 2754 1222 2821 etenim
1249 2754 1471 2823 munusculum
1499 2757 1540 2825 ob

365 2872 592 2941 recordationis
614 2870 716 2938 nostri
736 2869 937 2937 memoriam:
961 2870 1213 2953 cinnamomum,
1236 2876 1369 2956 costum,
1392 2874 1486 2960 piper
1507 2880 1541 2942 et

364 2990 529 3057 incensum
557 2988 679 3074 pariter
705 2986 878 3053 direximus
907 2985 1118 3069 obsignatum.
1165 2984 1256 3064 Quod
1283 2988 1451 3055 minimum
1473 2994 1539 3057 ete-

365 3106 447 3173 uimb
476 3108 515 3171 ut
542 3123 600 3190 pro
628 3122 743 3186 magno
772 3102 917 3188 excipere
945 3100 1102 3186 debeatis,
1136 3102 1301 3189 inpensius
1328 3104 1537 3190 postulamus.

366 3219 526 3309 Scriptum
549 3238 686 3303 namque
709 3223 772 3285 ert:
800 3219 910 3285 Oumis
931 3220 1037 3305 plotio
1058 3220 1348 3306 eiuafiliuerepum
1361 3221 1401 3286 uh
1416 3218 1537 3301 intae⁰5

366 3343 408 3403 et:
435 3338 536 3404 Ormi
556 3336 685 3403 lubenti
705 3330 858 3401 duditur⁷.
898 3333 987 3418 Quia,
1012 3334 1154 3419 quisquis
1176 3335 1343 3403 caritatem
1364 3337 1538 3423 perfectam

365 3453 469 3537 habet,
494 3452 590 3519 etiarn
613 3455 727 3517 cuncta
748 3450 841 3535 dona,
865 3456 975 3517 sancto
998 3448 1120 3537 Spiritu
1142 3451 1354 3535 mimstraute,
1376 3473 1538 3539 promere-

366 3574 415 3635 tur
447 3568 601 3655 accipere.
693 3566 900 3653 Omnipotens
934 3567 1052 3633 etenim
1084 3586 1191 3634 rerum
1225 3567 1332 3654 opifex
1359 3572 1393 3635 et
1418 3568 1538 3637 arbiter

366 3684 466 3765 Deus3
491 3684 545 3769 qui
568 3687 674 3750 vestro
698 3686 807 3749 sancto
831 3682 889 3749 sub
911 3687 1054 3769 tempore
1078 3683 1223 3751 occiduos
1246 3688 1279 3751 et
1293 3684 1537 3769 circumquaque

366 3800 497 3887 populos
520 3802 752 3867 commorantes
776 3800 815 3865 ad
831 3802 955 3865 vertrae
970 3798 1081 3865 beatae
1096 3800 1340 3886 praedicationis
1354 3800 1535 3868 facundiam

366 3916 397 3981 iu
419 3915 571 3983 catholice
600 3920 633 3981 et
660 3914 852 4001 apostolicae
874 3918 1002 3981 emotae
1024 3916 1109 3983 sedis
1130 3914 1206 3999 fidei
1227 3914 1341 3983 llorere
1361 3917 1459 3984 faciat
1479 3936 1535 4003 pe·

367 4032 513 4117 renuiter,
536 4036 573 4098 ut
595 4034 752 4118 optamus.

435 4250 457 4282 a.
476 4256 506 4283 aa
522 4237 645 4284 intumimi
715 4236 738 4281 b.
759 4238 794 4282 ric
809 4232 849 4292 (un
865 4233 981 4294 rnqmr)
1048 4249 1068 4283 c.
1089 4254 1119 4282 aa
1135 4234 1180 4282 adi
1250 4236 1274 4283 (l.
1290 4253 1347 4283 corr.
1363 4239 1386 4284 in
1400 4236 1492 4283 firmata
1508 4240 1535 4285 C.

368 4330 387 4361 e.
407 4316 562 4363 ubertatibus
579 4320 605 4365 C.
683 4314 699 4362 l.
720 4333 777 4361 corr.
793 4318 816 4361 ia
836 4314 944 4363 occiduae
962 4318 987 4363 C.
1066 4329 1088 4374 g.
1110 4332 1168 4363 corr.
1183 4318 1207 4362 ts
1226 4316 1286 4363 inter
1303 4318 1329 4365 c.
1406 4316 1430 4363 lu.
1451 4317 1535 4365 etenim

369 4396 459 4441 fldem
473 4408 505 4443 ert
521 4400 544 4443 r'n
561 4398 587 4445 C.

437 4502 462 4553 1.
483 4500 629 4557 measse
647 4514 744 4571 papae.
852 4500 877 4554 2.
901 4512 944 4567 ep.
963 4501 997 4555 66
1016 4514 1100 4569 supra
1116 4516 1144 4569 p.
1158 4500 1218 4555 184.
1326 4500 1534 4570 3.lae.5,16.

368 4588 461 4643 ΗΒ.
472 4590 530 4660 105,
543 4590 587 4645 23.
660 4588 685 4644 5.
708 4588 787 4645 (lant
799 4588 826 4658 8,
839 4590 864 4643 7.
937 4589 962 4644 6.
987 4589 1089 4659 Pseu,
1102 4590 1145 4643 14.
1218 4590 1243 4643 7.
1262 4587 1471 4658 Matuasco.
