4342 6034
686 752 873 799 aeternale
895 752 1122 799 uoccnrman
1146 754 1176 799 aa
1449 734 1513 801 361

362 942 493 957 ......
512 913 549 960 sa
575 892 765 977 certissima,
800 910 985 979 quacunque
1166 892 1333 961 dictaverit
1360 892 1645 1023 renuntiauffi
1654 978 1683 1023 w

360 1014 407 1075 tna

436 1122 621 1191 Condictum
643 1125 709 1191 iam
731 1124 831 1191 babeo
853 1123 1031 1209 concilium,
1055 1125 1094 1191 ad
1120 1125 1203 1209 qued
1226 1123 1361 1193 confluet
1381 1124 1515 1193 tranum

358 1261 488 1307 meorum
510 1240 725 1307 venerandum
747 1240 938 1323 conlegium3
962 1246 1115 1325 eruntque
1137 1240 1182 1306 ibi
1205 1240 1328 1307 consilii
1345 1241 1447 1307 nostri
1463 1260 1515 1307 co-

357 1362 528 1443 operatores
544 1356 727 1440 Piligrimus
742 1354 939 1422 coloniensis
948 1352 966 1441 ¹,
981 1354 1091 1443 Poppo
1104 1352 1329 1440 Trevirensia¹,
1345 1356 1516 1423 venerandi

355 1472 609 1559 protopraesules.
656 1470 720 1538 Sed
754 1473 829 1556 quia
861 1472 900 1538 de
932 1477 1048 1559 nepote
1075 1466 1163 1537 mec³
1191 1470 1380 1555 Piiligrimo)
1409 1472 1515 1557 timeo,

355 1593 387 1654 ut
415 1588 549 1655 senioris
576 1585 656 1655 mci‘
685 1586 855 1655 artificioso
882 1588 1061 1655 retardetur
1089 1588 1235 1671 coneilio,
1269 1588 1454 1655 commendo
1483 1588 1516 1654 id

355 1708 419 1771 tuac
439 1703 645 1770 fidelissimae
667 1703 790 1789 pietati,
812 1708 849 1769 ut
870 1708 906 1769 tu
927 1702 1017 1769 illum
1036 1703 1231 1786 aggrediaris
1246 1724 1387 1769 scorsum
1403 1708 1435 1770 et
1450 1705 1516 1771 sive

354 1820 502 1887 volentem
531 1820 597 1885 sire
622 1820 782 1885 nolentem
804 1819 838 1884 in
861 1820 1042 1886 ascensione
1065 1815 1210 1885 Domini⁵
1234 1819 1274 1885 ad
1296 1824 1440 1885 nostrum
1463 1839 1515 1887 rc-

354 1934 415 2001 nire
435 1934 535 2001 facias
560 1934 737 2001 concilium.
827 1933 978 2019 Proinde,
1001 1935 1171 2001 karissima
1193 1934 1330 2019 domina,
1453 1956 1515 2001 non

353 2070 474 2137 possum
504 2050 607 2117 celare
634 2055 683 2134 tc,
711 2050 794 2135 quod
826 2050 928 2117 adbuc
949 2100 980 2115 ..
1004 2050 1220 2117 absconditum
1244 2048 1344 2117 habeo
1368 2050 1407 2118 ab
1431 2052 1516 2119 omni

355 2217 464 2234 ......
494 2173 527 2234 et
555 2166 706 2252 quidquid
730 2165 889 2249 desidero,
919 2170 1051 2233 utute
1075 2166 1177 2233 verbis
1200 2167 1375 2233 minacibus
1398 2166 1516 2252 audiat,

353 2285 437 2369 quasi
459 2304 511 2351 me
530 2284 699 2349 nesciente.
790 2282 986 2349 Coloniensis
1000 2283 1168 2369 opiscopus
1182 2284 1253 2370 ipse
1266 2302 1309 2351 na
1320 2330 1417 2351 .....
1441 2304 1516 2351 cen-

353 2401 493 2483 atitntns,
516 2400 659 2483 quamvis
681 2418 745 2465 non
766 2400 941 2483 ignoraret,
969 2419 1064 2484 quam
1086 2398 1350 2467 inrationabiliter
1372 2420 1423 2467 me
1445 2400 1518 2467 illu·

353 2534 416 2581 sum
439 2515 572 2582 baberet
593 2510 813 2601 apostoliens⁶,
835 2520 943 2582 tamen
965 2521 998 2581 et
1018 2514 1218 2581 familiariter
1241 2516 1308 2582 eins
1331 2515 1415 2583 dona
1431 2536 1517 2583 acee-

352 2632 397 2717 pit
416 2636 450 2698 et
472 2630 680 2697 amicabiliter
702 2631 769 2697 suis
790 2630 882 2697 illum
904 2631 1087 2698 muneribus
1111 2631 1262 2698 oneravit.
1299 2632 1342 2699 Et
1363 2632 1418 2698 ubi
1439 2632 1519 2699 mibi

353 2746 448 2813 bonor
469 2745 575 2833 pallii,
599 2746 743 2831 quamvis
765 2747 892 2831 iniuste,
915 2752 964 2813 est
985 2748 1188 2831 interdictus,
1211 2748 1256 2815 ibi
1278 2747 1367 2835 pallii
1391 2748 1439 2813 sui
1462 2748 1518 2815 bo·

353 2882 406 2929 nor
426 2882 492 2929 non
514 2862 617 2929 solnm
640 2868 689 2929 est
709 2862 908 2947 melioratus,
932 2863 1003 2946 sed,
1025 2868 1062 2929 ut
1083 2863 1188 2947 aiunt,
1212 2864 1443 2947 quodammodo
1464 2864 1519 2931 de-

354 2984 495 3061 auratus3
526 2980 617 3064 quasi
639 2979 700 3045 sibi
722 2978 796 3045 inde
818 2979 862 3045 sit
883 2984 976 3044 aucta
997 2978 1135 3062 dignitas
1159 2978 1226 3045 sive
1249 2978 1410 3065 duplicata
1430 2979 1518 3046 festi·

353 3095 440 3179 ritas,
465 3094 548 3161 unde
569 3094 648 3160 milri
664 3093 893 3179 aliquantulum
908 3113 1067 3180 oppres..
1081 3144 1089 3159 .
1103 3144 1111 3159 .
1135 3094 1252 3180 perditi
1266 3094 1394 3161 honeris
1411 3114 1520 3162 amam

354 3210 511 3278 calarmtas
624 3210 668 3276 Et
697 3210 772 3295 quia
797 3210 919 3297 pudore
945 3230 1009 3275 non
1031 3211 1120 3296 potui
1143 3216 1232 3297 perta
1354 3212 1445 3297 quasi
1467 3230 1518 3279 mc

353 3328 505 3393 nesciente
530 3376 649 3393 ......
662 3326 729 3393 rius
751 3326 912 3412 imputari.

437 3442 573 3509 Proinde
682 3442 900 3509 celsitudinem
926 3446 1016 3508 tuam
1043 3441 1191 3508 obnixius
1220 3442 1385 3528 deprecor:
1414 3449 1464 3529 ut,
1491 3444 1519 3511 si

354 3556 495 3625 matrem·
517 3565 624 3641 tunm,
652 3558 815 3624 dominum
842 3558 989 3625 videlieet
1009 3556 1183 3625 Metensem
1207 3555 1416 3645 episcopum,
1446 3566 1520 3627 anta

356 3692 443 3757 quam
465 3696 523 3759 ego
548 3675 671 3758 videas,
699 3674 738 3740 dc
760 3692 832 3739 mea
855 3680 944 3759 parte
965 3675 1122 3741 maximas
1144 3674 1263 3758 gratias
1286 3675 1419 3759 referas,
1443 3694 1519 3761 quo-

355 3788 436 3857 niam
466 3792 550 3878 apud
578 3790 684 3857 sedem
716 3808 806 3855 suam
833 3794 923 3855 tanta
950 3795 1114 3876 susceptus
1144 3810 1213 3857 aum
1241 3792 1449 3876 benignitate,
1484 3798 1521 3858 ιιι

355 3924 411 3971 nec
429 3906 539 3974 utilius
561 3926 621 3973 nee
640 3903 842 3971 honorificias
866 3904 985 3990 aliquid
1005 3905 1085 3971 mibi
1106 3912 1215 3993 posset
1232 3907 1374 3974 exhiberi
1390 3907 1520 3992 Mogon-

355 4021 425 4088 tiae.
464 4023 554 4091 lilius
587 4021 728 4089 consiliis
761 4022 836 4106 quia
866 4026 940 4108 post
966 4020 1070 4088 Deum
1099 4028 1131 4088 et
1159 4028 1192 4088 te
1219 4022 1358 4090 maxime
1386 4022 1519 4108 confido,

357 4140 498 4221 qnoniam
527 4138 561 4205 id
589 4138 791 4205 devotissimo
813 4137 987 4225 promereri
1009 4186 1106 4203 .....
1133 4138 1233 4205 babeo
1263 4138 1407 4224 servitio,
1438 4140 1520 4207 sclo-

357 4258 441 4321 tenua
469 4260 649 4342 prostratus
677 4252 832 4338 efflagito:
865 4259 901 4319 ut
926 4254 990 4319 tuis
1016 4253 1106 4319 illurn
1135 4254 1281 4340 precibus
1309 4256 1408 4322 facias
1436 4256 1520 4342 apud

359 4365 476 4437 Hosteti
498 4371 589 4437 iuxta
603 4369 799 4454 Mogontiam
819 4370 972 4437 interesse
985 4370 1153 4437 conventui
1169 4376 1277 4437 ncetm
1301 4420 1353 4437 ...
1377 4372 1431 4457 qui
1446 4390 1519 4437 oon·

425 4516 444 4549 ι
461 4504 556 4551 intruso
570 4506 607 4551 «a

426 4583 448 4634 1.
470 4582 656 4637 loct-1036.
745 4582 771 4636 2.
797 4580 981 4635 1017-1047.
1074 4583 1101 4635 3.
1125 4578 1167 4637 cf.
1185 4581 1310 4651 Wipcnis
1328 4581 1394 4637 Vita
1411 4580 1518 4636 (thaon-

361 4666 417 4721 radi
432 4669 494 4739 imp.
512 4670 594 4733 (lton
614 4670 706 4725 Germ.
725 4668 774 4725 88.
792 4668 833 4723 xi
845 4669 921 4731 auct:
942 4668 1114 4738 „Pilegrinus
1134 4698 1165 4709 -
1185 4670 1404 4739 consanguineus
1422 4668 1518 4724 Aribo-

362 4752 402 4807 nis
418 4757 638 4827 archiepiscopi“.
745 4758 772 4811 4.
794 4756 915 4813 Heinrici
925 4758 953 4813 Π
970 4758 1150 4828 imperatoris.
1256 4760 1281 4814 b.
1306 4758 1340 4813 14
1358 4758 1421 4813 ltaii
1441 4757 1518 4813 1024.

364 4840 389 4895 6.
410 4841 568 4903 Benedictus
580 4846 654 4903 VIII.
744 4848 769 4901 i.
791 4844 1038 4903 Theodericumll
