4342 6034
649 772 715 839 otc
851 790 931 838 vrrs
954 790 1108 839 snsonnr
1129 790 1390 839 leoumrusoorr
1411 790 1608 839 moouurms

552 940 621 995 noc
649 932 729 998 alins
757 938 847 999 recte
872 933 994 1018 ipsum,
1021 932 1127 1000 media
1154 952 1211 1019 per
1239 931 1341 998 dorsi·
1364 932 1543 1018 percutiens
1566 932 1664 1019 plaga
1684 930 1809 1017 crudeli,

541 1013 631 1061 m
648 1048 689 1113 ad
710 1052 828 1114 terram
851 1068 950 1132 usque
971 1048 1089 1115 illisio.
1174 1046 1236 1115 Sed
1250 1048 1437 1132 hlaguntini,
1461 1068 1570 1117 omnes
1593 1049 1714 1135 impetu
1730 1048 1811 1113 lacto

647 1162 833 1230 clamantes:
859 1164 982 1245 Occide,
1007 1166 1130 1241 occider
1153 1178 1182 1231 et
1202 1188 1290 1231 semo
1313 1166 1452 1231 dimicat
1469 1188 1539 1231 eum
1553 1170 1666 1247 cicere,
1690 1163 1811 1230 linlsnli

645 1278 729 1344 turia
758 1298 867 1345 ornnes
895 1279 1123 1346 confertissime
1151 1284 1379 1364 accurrerunt⁸,
1409 1281 1529 1364 cuncti,
1558 1280 1624 1364 re‘,
1653 1280 1813 1345 dominum

646 1401 679 1461 et
700 1395 881 1481 episcopum
906 1416 998 1461 suum
1019 1394 1251 1463 interficientes.
1287 1394 1421 1473 Quidam
1444 1416 1573 1463 manum
1595 1400 1752 1462 sacratam
1773 1394 1814 1461 ad

646 1510 809 1577 brachium
832 1530 931 1594 usque
950 1510 1054 1594 gladio
1070 1512 1207 1579 vibranti
1221 1511 1364 1579 sulcauit.
1393 1512 1486 1580 Alter
1499 1514 1583 1579 circa
1598 1513 1681 1579 sinna
1695 1510 1813 1577 modia·

646 1625 731 1693 nasi'
753 1628 792 1693 ab
820 1647 896 1693 aure
922 1627 956 1691 in
984 1647 1093 1694 aurem
1121 1648 1193 1695 enm
1220 1628 1286 1695 ictu
1314 1628 1477 1695 sevissimo
1507 1626 1655 1715 perculit;
1687 1626 1812 1712 qnidam

646 1762 705 1829 per
725 1743 887 1809 sublabia¹
909 1744 948 1809 (le
970 1744 1080 1811 dextro
1104 1744 1145 1810 ad
1167 1744 1331 1811 sinistrum
1354 1743 1511 1831 protunda
1525 1744 1621 1831 plaga
1634 1742 1812 1809 transfodit

646 1859 769 1944 Atque*
791 1858 846 1925 alii
873 1864 1000 1945 pectus,
1027 1859 1083 1927 alii
1110 1860 1255 1943 brachia,
1284 1860 1340 1926 alii
1368 1880 1476 1945 crura,
1508 1859 1691 1945 etquidem
1714 1858 1813 1925 sicet

647 1975 702 2041 alii
723 1976 784 2059 sic,
813 1975 952 2041 infausto
974 1973 1077 2042 Marte
1100 1974 1291 2041 sacerdotem
1316 1975 1392 2061 Dei,
1423 1982 1459 2043 ut
1480 1996 1554 2043 caro
1577 1976 1658 2043 solet
1679 1974 1810 2057 macelli,

645 2092 681 2157 in
700 2092 780 2177 ipsis
801 2090 933 2157 ecclesie
953 2090 1115 2157 liminibus
1138 2090 1340 2177 piaculariter
1356 2098 1388 2159 et
1401 2092 1624 2159 miserabiliter
1638 2091 1811 2157 divarican-

647 2213 705 2290 tes,
728 2208 776 2273 eo¹
799 2208 928 2294 proprio
950 2206 1110 2273 rubricato
1133 2206 1355 2293 baptizatoque
1377 2228 1502 2292 cruore,
1531 2208 1570 2273 do
1592 2208 1753 2293 principe,
1776 2206 1810 2272 de

647 2320 897 2409 archipontifice,
921 2322 960 2389 de
982 2323 1146 2390 sacerdote
1167 2323 1329 2390 martirem
1353 2323 1471 2392 Christi
1493 2328 1669 2409 testemque
1690 2322 1809 2389 fidelem

646 2439 680 2504 in
703 2444 846 2505 eternum
866 2438 1017 2505 focerunt

736 2552 789 2619 Sic
810 2554 924 2638 igitur,
947 2558 983 2619 ut
1005 2554 1125 2620 dictum
1148 2560 1209 2639 est,
1232 2574 1349 2621 sesam
1370 2554 1624 2638 Marrucinorum
1647 2554 1743 2621 turba
1764 2574 1810 2620 ar·

646 2668 880 2755 chiepisoopum
914 2674 947 2735 et
980 2670 1143 2736 dominum
1171 2690 1279 2754 suum,
1313 2672 1389 2756 quia
1416 2670 1568 2755 arguebat
1596 2670 1695 2755 euml,
1731 2668 1810 2756 quoi

582 2829 586 2833 Α
646 2784 718 2851 lesu
739 2784 857 2851 Christi
879 2804 1044 2872 sponsam,
1066 2786 1187 2853 scilicet
1208 2784 1425 2869 Magantinam
1447 2786 1627 2870 ecclesiam,
1650 2787 1810 2875 profanas·

647 2906 705 2985 set,
729 2900 811 2967 sicut
831 2901 985 2968 lohannes
1008 2902 1159 2986 arguebat
1180 2902 1336 2969 Herodem
1359 2908 1488 2989 propter
1510 2900 1749 2987 Herodiadem¹‚
1770 2903 1809 2968 si-

646 3016 754 3107 milem
776 2996 922 3101 Iohanni,
951 3016 1106 3101 largiente
1133 3018 1202 3085 Deo
1231 3018 1366 3085 martirii
1396 3034 1453 3104 per
1480 3019 1585 3101 ignem
1616 3024 1649 3087 et
1674 3019 1807 3103 gladium

646 3151 866 3218 possessurum
888 3133 1038 3219 palmam,
1061 3134 1095 3200 in
1118 3134 1258 3201 eiusdem
1280 3135 1474 3219 precursoris
1497 3133 1627 3201 Domini
1649 3136 1807 3202 nocuas

646 3248 816 3314 crudeliter
839 3255 871 3316 et
891 3249 1171 3316 inmisericorditer
1193 3248 1359 3315 interfecit.
1393 3248 1429 3315 ln
1451 3270 1513 3334 quo
1535 3250 1672 3319 nefando
1688 3252 1805 3333 scelera

646 3362 722 3430 licet
746 3363 971 3450 plebsfurens
994 3370 1122 3431 cruente
1144 3364 1316 3451 impictatis
1340 3364 1382 3431 sit
1404 3364 1506 3451 potita
1533 3367 1681 3452 motoria,
1709 3374 1804 3434 nmen

647 3480 721 3564 iste,
744 3480 919 3547 munimine
939 3480 1038 3564 regio¹
1061 3484 1187 3567 septus,
1214 3480 1393 3548 nullatenus
1417 3482 1456 3548 ab
1480 3481 1669 3549 adversariis
1692 3488 1740 3551 est
1759 3502 1804 3549 su·

646 3601 784 3683 perotus.

734 3712 797 3779 Iste
825 3716 875 3778 est
904 3716 1009 3778 autem
1035 3710 1196 3777 Arncldus
1223 3710 1443 3797 Maguntinus,
1472 3714 1527 3797 qui
1555 3748 1598 3760 -
1630 3712 1802 3799 llaguntino

593 3833 597 3838 '
647 3827 714 3894 solo
742 3848 782 3894 ex
809 3827 969 3911 generosis
995 3826 1179 3913 parentibus
1211 3833 1243 3894 ot
1270 3828 1426 3912 religiosis
1456 3834 1602 3914 exortus,
1630 3828 1802 3914 Mogontine

646 3944 777 4011 ecclesie
798 3942 933 4009 clericus
955 3947 989 4009 et
1009 3942 1123 4010 deinde
1146 3944 1324 4028 canonicus,
1353 3950 1408 4011 et²¹
1431 3950 1503 4031 post
1524 3945 1634 4012 multis
1656 3945 1801 4013 nobilibm

647 4059 856 4147 preposituris
878 4058 1079 4144 ecclesiisque
1097 4058 1192 4125 simul
1207 4058 1342 4145 dotatus,
1365 4066 1398 4127 et
1412 4060 1525 4128 abhinc
1539 4060 1722 4145 Magantine
1735 4060 1800 4127 cisi·

646 4176 722 4242 tatis
744 4176 945 4260 camerarius,
968 4180 1000 4243 ct
1020 4175 1196 4262 imperialis
1219 4174 1289 4242 aule
1312 4176 1439 4243 inclitus
1461 4177 1666 4245 cancellarius
1681 4184 1714 4245 ct
1726 4196 1799 4244 sum·

646 4310 717 4358 mus
737 4290 929 4379 capellanus,
951 4312 1009 4378 per
1030 4290 1147 4358 multas
1168 4292 1312 4375 virtutos,
1335 4293 1476 4359 omnium
1492 4294 1666 4361 bonorum·
1682 4312 1798 4383 operum

647 4406 728 4476 celle
748 4407 942 4492 misericors,
964 4407 1006 4473 ad
1026 4426 1185 4475 sommum
1208 4408 1375 4475 sacerdotii
1396 4408 1544 4493 gradum,
1567 4408 1670 4477 titulis
1691 4408 1799 4497 proclo·

719 4634 740 4668 a
761 4619 829 4667 dorsa
844 4620 871 4677 1,
886 4621 910 4666 ἱ.
1006 4620 1030 4667 b.
1050 4620 1123 4668 allisit
1137 4622 1160 4668 l.
1253 4635 1273 4669 c
1294 4623 1437 4669 manentes
1453 4622 1480 4678 1,
1496 4624 1518 4669 2
1611 4622 1634 4669 δ
1655 4622 1797 4684 metuont

648 4700 898 4749 emmanuelis.
961 4700 1107 4748 tacerel.
1172 4702 1255 4759 pso.
1319 4701 1425 4749 hott.
1486 4702 1659 4751 isoarlds'ds'.
1718 4704 1796 4750 heu

647 4784 731 4841 mopsi
742 4796 785 4841 pro
801 4792 853 4827 eum
869 4780 891 4837 1,
907 4780 930 4825 2.
989 4779 1006 4826 l.
1026 4782 1070 4829 uic.
1130 4794 1159 4829 m.
1180 4784 1217 4829 est
1232 4784 1254 4829 1.
1316 4796 1339 4829 n.
1359 4781 1471 4831 bonorum
1486 4783 1578 4831 addua

719 4886 744 4939 1.
768 4882 810 4940 cr.
828 4882 924 4938 naen.
940 4883 979 4952 14,
993 4885 1081 4954 aequ
