4342 6034
575 744 601 792 s.
618 744 794 793 soumsru
815 745 860 793 nn
881 745 984 793 nuum
1004 744 1193 795 nrrsnonsu
1218 744 1270 791 112.
1287 746 1332 791 me
1472 728 1536 795 277

369 890 432 951 ter·
454 886 641 971 corporibus
663 907 722 973 pro
738 885 938 970 neglegentia
953 892 1176 953 extranearum
1190 886 1364 955 forinsecus
1379 908 1436 974 per
1451 907 1538 955 erea-
1554 898 1619 963 post
1631 894 1682 949 mr

366 1006 470 1066 turam
493 1002 703 1069 monitionum
725 1001 816 1085 Deil,
844 1006 1009 1087 ceteraque
1031 1002 1080 1069 his
1104 1001 1221 1069 similia
1243 1002 1360 1089 multa,
1389 1003 1537 1089 predixit

364 1114 406 1181 Et
427 1121 525 1183 antea
546 1117 629 1183 hauc
650 1117 800 1183 miseram
816 1118 925 1200 utam,
949 1116 1023 1183 dum
1040 1137 1079 1183 ex
1096 1116 1258 1203 superiore
1274 1118 1538 1204 contemplatione

363 1250 493 1297 reversa
514 1231 633 1315 iuerat,
662 1232 747 1298 vitiis
776 1232 923 1318 superbie
949 1232 1088 1299 invidiae
1111 1232 1310 1318 cupiditatis⁸
1335 1234 1538 1301 detractionis

363 1346 550 1432 ceterisque,
574 1348 666 1432 quasi
687 1348 858 1431 nigerrimo
881 1347 986 1434 peplo,
1009 1353 1185 1415 contectam
1208 1354 1240 1415 et
1263 1350 1331 1417 siue
1353 1349 1474 1417 lumine
1488 1370 1539 1417 re-

362 1463 519 1527 mansisse
536 1468 682 1529 aeternae
698 1462 861 1545 claritatis,
883 1462 1085 1548 conspexisse
1102 1483 1145 1547 se,
1167 1463 1278 1547 lugens
1292 1465 1537 1551 protestabatur.

452 1576 534 1644 Vale
555 1578 590 1645 in
612 1577 756 1659 Christo,
779 1582 811 1645 et
833 1577 896 1645 mei
918 1578 987 1645 siue
1009 1577 1263 1646 intermissioned
1287 1580 1320 1647 iu
1343 1580 1538 1647 orationibus

361 1693 506 1760 fraterno
529 1714 636 1759 amore

365 1878 453 1948 113.
474 1882 685 1965 Brepoaoiaas
713 1881 967 1967 archiepiscopus
996 1878 1231 1947 Cantaurieneia
1263 1882 1358 1947 Iasllo
1392 1884 1538 1969 episcopo

475 1997 717 2063 Hildeberdtam
744 2000 891 2061 naamam
918 1998 1023 2061 mittit.
1069 1997 1174 2063 Addit
1207 1998 1246 2061 de
1274 1998 1453 2063 marcidae
1480 2020 1539 2083 per

475 2112 647 2176 letardum
668 2115 784 2191 muso,
808 2113 847 2177 de
870 2114 1011 2177 amiatio
1032 2115 1116 2178 irater
1130 2134 1162 2177 ee
1175 2114 1326 2198 parada,
1352 2115 1390 2178 de
1405 2113 1539 2199 Bapqae

474 2228 653 2292 athanasus
674 2236 799 2292 morte·.
1111 2224 1146 2309 (S
1166 2228 1239 2311 103,
1262 2224 1302 2294 W
1318 2228 1391 2311 130,
1415 2225 1537 2308 (3120)

451 2358 720 2426 Reverentissimo
743 2365 776 2427 et
798 2359 833 2425 in
848 2358 974 2425 Christo
989 2359 1158 2426 karissimo
1173 2360 1266 2427 fratri
1281 2358 1372 2426 Lullo
1389 2360 1537 2449 episcopo
1557 2372 1698 2430 759-765

358 2472 586 2559 Bregowinus¹
609 2496 718 2541 servus
742 2495 904 2541 servorum
928 2474 989 2541 Dei
1011 2481 1197 2563 perpetuam
1221 2477 1254 2543 in
1271 2475 1389 2544 Christi
1411 2478 1538 2545 nomine

357 2591 509 2659 salutem.

449 2706 530 2772 Dies
552 2706 646 2772 multi
669 2706 769 2792 elapsi
792 2711 882 2790 sunt,
912 2726 1036 2791 exque
1059 2706 1212 2773 sollicitus
1235 2708 1479 2794 praeoptabam,
1502 2713 1540 2775 ut

357 2822 425 2889 Deo
451 2822 581 2889 favente
603 2821 732 2889 tandem
761 2822 929 2907 aliquando
958 2841 1145 2907 prosperum
1174 2822 1235 2889 iter
1262 2822 1409 2907 legatarii
1436 2824 1538 2889 nostri

357 2938 569 3025 perveniendi
592 2937 633 3003 ad
654 2937 881 3004 beatitudinem
904 2941 1041 3003 vestram
1064 2938 1209 3004 invenire
1231 2938 1417 3023 potuissent.
1457 2937 1538 3016 Quia

356 3075 414 3140 per
446 3054 524 3135 hos,
552 3053 672 3119 scilicet
693 3054 838 3139 proxime
861 3052 1062 3118 decurrentes
1083 3053 1222 3139 priores,
1253 3073 1352 3120 anuos
1383 3053 1537 3140 plurimae

357 3190 394 3236 ac
415 3170 567 3236 diversae
590 3168 824 3253 inquietudines
848 3167 933 3255 apud
953 3187 1011 3233 nos
1033 3169 1068 3233 iu
1090 3167 1265 3235 Brittaniac
1287 3168 1338 3235 vel
1359 3169 1394 3235 iu
1415 3168 1538 3237 Galliae

358 3286 508 3371 partibus
532 3284 739 3351 audiebantur
761 3284 913 3365 existere3
943 3289 975 3350 et
997 3283 1058 3354 hoc
1078 3283 1226 3351 videlicet
1247 3290 1391 3351 nostrum
1415 3285 1537 3352 deside·

357 3401 461 3467 rabile
486 3400 682 3485 propositum
707 3398 832 3484 saepius
854 3400 1011 3484 inpedivit
1033 3403 1065 3465 et
1086 3401 1292 3485 perterrendo
1314 3400 1407 3467 valde
1429 3401 1537 3488 prohi-

358 3517 429 3584 buit
457 3516 500 3581 de
521 3516 640 3581 nostris
663 3514 785 3599 aliquos
809 3514 928 3579 advos
950 3515 1086 3599 dirigere
1111 3536 1166 3599 per
1189 3521 1256 3582 tam
1278 3516 1433 3583 incertam
1455 3522 1536 3583 tam·

358 3632 436 3717 que'
596 3630 715 3697 crebris
748 3630 1037 3696 infestinationibus
1070 3631 1275 3717 inproborum
1309 3632 1473 3699 hominum
1501 3633 1535 3698 in

358 3747 535 3835 provinciis
557 3746 733 3829 Anglorum
761 3766 817 3811 seu
846 3744 967 3811 Galliae
994 3746 1142 3828 regionis.
1233 3746 1324 3813 Nune
1352 3768 1426 3813 vero
1456 3768 1536 3833 paee

358 3883 396 3929 ac
424 3863 561 3929 tuitione
587 3862 679 3927 nobis
708 3882 728 3927 a
750 3861 944 3948 principibus
968 3860 1184 3927 indubitanter
1206 3860 1344 3947 undique
1367 3864 1534 3949 promissa,

358 3978 529 4043 misimus⁸
551 3977 592 4042 ad
619 3982 757 4043 vestram
789 3976 1000 4043 venerabilem
1027 3977 1259 4043 fraternitatem
1281 3977 1364 4045 hunc
1385 3998 1534 4065 praesen·

358 4100 425 4161 tem
449 4094 592 4175 tratrem,
614 4092 747 4157 istarum
771 4092 965 4177 presentium
979 4091 1159 4159 litterarum
1174 4093 1325 4177 baiulum,
1348 4092 1535 4162 Hildeberh·

358 4216 430 4275 tum
453 4208 597 4289 nomiue;
620 4208 827 4274 reminiscens
850 4206 1006 4289 videlicet,
1030 4207 1166 4291 qualiter
1186 4208 1269 4275 inter
1284 4228 1341 4274 nos
1356 4210 1390 4275 in
1406 4211 1534 4277 civitate

358 4323 506 4391 Romana
534 4322 574 4389 de
602 4324 759 4389 amicitiae
787 4323 993 4389 conventione
1015 4322 1214 4409 conloquium
1238 4324 1421 4407 habuimus;
1451 4326 1534 4411 quod

360 4441 461 4506 etiam
487 4458 546 4505 nos
574 4458 702 4506 servare
731 4438 919 4505 omnimodis
948 4438 1143 4505 confitemur.
1190 4438 1388 4527 Quapropter
1415 4445 1447 4507 et
1476 4460 1533 4523 ego

437 4594 457 4626 ι
477 4582 625 4627 commonitor
643 4582 670 4627 V.
724 4582 748 4627 b.
763 4584 805 4627 sir.
861 4592 881 4625 a
903 4558 1039 4639 cupuditati?
1053 4582 1081 4627 V.
1137 4580 1159 4627 d.
1175 4580 1331 4627 intermisione
1350 4581 1377 4627 V.
1431 4595 1450 4627 e.
1466 4598 1496 4627 a
1513 4582 1538 4627 7

361 4660 510 4707 obv-tos.
538 4662 592 4708 sisa
610 4662 720 4705 lemmate.
797 4659 813 4705 1.
837 4661 1026 4721 repulsorium
1047 4669 1144 4720 quatuor
1162 4664 1210 4715 sm
1228 4662 1358 4706 litterarum.
1436 4674 1458 4719 g.
1478 4661 1532 4706 nis·

361 4738 437 4785 mnus
453 4740 481 4787 7.

438 4826 462 4878 l.
485 4822 707 4893 archiepiscopus
725 4823 937 4893 Cantauriensis,
955 4824 1110 4879 toa-765.
