4342 6034
595 743 622 788 s.
640 742 816 789 normann
838 744 882 790 ur
904 744 1006 790 cunni
1028 745 1215 792 cursionum
1239 744 1266 791 er
1456 730 1518 794 149

357 883 501 950 Dominus
528 905 568 950 ex
596 885 742 970 supernis
765 905 835 950 eam
858 885 1006 968 dignatus
1029 889 1078 951 est
1100 887 1289 953 consuleret
1327 885 1379 954 Sic
1402 889 1518 954 etenim
1552 897 1604 951 745

356 999 518 1081 oredimus,
548 1000 625 1085 quia
654 1004 687 1066 et
713 1019 769 1066 uos
798 1000 1019 1067 consolabitur.
1113 1001 1176 1068 Sed
1203 1002 1328 1090 populis
1350 1004 1410 1069 tibi
1433 1023 1518 1070 com·

354 1115 467 1199 missis,
495 1115 749 1182 reverentissime
770 1116 880 1201 frater,
902 1117 1051 1203 praedica
1073 1119 1241 1202 ieiunium,
1271 1118 1518 1205 supplicationes

353 1231 429 1317 apud
450 1230 555 1298 Deum
576 1231 802 1313 laetaniarum
833 1239 865 1298 et
887 1234 1125 1319 supereminens
1149 1234 1316 1301 clementia
1339 1236 1406 1301 eius
1430 1235 1519 1300 adiu-

352 1347 433 1414 vabit
452 1368 518 1414 vos.
589 1348 634 1414 Te
657 1351 772 1432 autem
795 1355 832 1415 ut
845 1350 1073 1436 praediximus,
1097 1349 1277 1418 nullatenus
1298 1351 1430 1417 adversa
1445 1371 1519 1416 con·

352 1462 487 1546 turbent3
511 1464 625 1530 sedin
648 1464 729 1530 bono
753 1485 858 1552 opere,
882 1466 965 1549 quod
988 1467 1131 1552 caepisti,
1155 1465 1241 1532 nullo
1264 1466 1358 1532 modo
1381 1465 1517 1534 deficias.

352 1578 409 1645 Nos
430 1600 523 1664 uero,
552 1580 629 1647 licet
648 1581 790 1648 inmeriti
813 1587 846 1648 et
866 1587 1047 1667 peccatores
1071 1583 1277 1666 exsistamus,
1306 1583 1424 1650 nostris
1446 1603 1519 1669 pre-

1536 969 1585 1018 Oct.
1595 973 1623 1016 31

351 1695 431 1762 cibus
453 1696 505 1763 vel
528 1697 787 1764 consacerdotum
810 1702 1005 1781 nostrorum,
1029 1700 1063 1764 in
1085 1703 1239 1784 quantum
1261 1718 1439 1784 possumus,
1463 1699 1518 1766 ad·

350 1810 496 1879 iuramus.

429 1929 480 1996 De
502 1928 624 2016 synodo
648 1933 754 1996 autem
776 1928 985 2013 congregatab
1002 1929 1087 2017 apud
1102 1928 1296 1996 Francorum
1311 1929 1517 2015 provinciam,

349 2045 555 2112 mediantibus
569 2044 705 2131 Pippino
728 2049 761 2111 et
775 2044 986 2112 carlomanno
1009 2045 1282 2112 excellentissimis
1299 2043 1372 2111 filiis
1389 2046 1516 2130 nostris,

349 2163 432 2229 iuxta
456 2166 640 2228 nostrarum
670 2160 863 2248 syllabarum
890 2162 1183 2246 commonitionem,
1213 2165 1384 2248 peragente
1408 2166 1518 2228 nostra

350 2278 428 2346 rioe⁰
449 2283 508 2345 tua
530 2278 713 2360 sanctitate,
744 2276 879 2362 qualiter
902 2278 1036 2363 egisses,
1060 2279 1274 2362 cognovimus.
1310 2277 1353 2344 Et
1376 2277 1518 2364 omnipo

349 2395 421 2468 tanti
442 2394 511 2461 Deo
539 2398 649 2460 nostro
670 2394 789 2477 gratias
813 2394 951 2477 egimuS,
980 2394 1035 2478 qui
1057 2414 1166 2460 eorum
1190 2395 1287 2460 eorda
1309 2392 1517 2478 confirmavit,

350 2516 382 2576 ut
406 2511 439 2576 in
466 2511 528 2576 hoc
554 2509 609 2596 pio
632 2529 726 2596 opere
749 2509 908 2576 adiutores
931 2511 1113 2577 existerent
1148 2509 1192 2576 Et
1214 2511 1321 2576 omnio
1345 2510 1463 2596 optime
1486 2517 1519 2578 et

350 2627 490 2694 muonice
512 2625 675 2712 peregisti,
699 2630 766 2692 tam
788 2626 827 2692 de
848 2625 938 2693 falsis
961 2627 1120 2713 episcopis
1144 2633 1176 2693 et
1198 2627 1375 2694 iornioariis
1395 2632 1426 2694 et
1441 2628 1518 2694 sois·

351 2743 465 2810 matids
481 2762 641 2828 quamque
656 2742 753 2808 etiam
768 2747 801 2809 et
815 2743 848 2808 in
863 2742 1004 2827 reliquis,
1022 2742 1150 2809 nomine
1167 2743 1392 2828 sacerdotibus,
1409 2749 1519 2810 contra

351 2878 496 2926 duonum
520 2860 669 2926 instituta
690 2859 855 2943 agentibus
870 2858 921 2925 vel
936 2865 1047 2925 contra
1061 2859 1249 2925 catholicam
1265 2865 1297 2926 et
1312 2860 1518 2945 apostolicam

351 2973 405 3042 Dei
425 2975 620 3044 aecclesiam.
656 2975 705 3041 De
728 2975 842 3059 quibus
865 2975 1036 3042 secundum
1060 2979 1149 3040 tuam
1172 2975 1357 3041 relationem
1380 2996 1438 3062 per
1453 2977 1517 3042 sin-

350 3091 417 3173 gula
435 3091 675 3178 respondemus.

429 3207 478 3276 De
507 3228 546 3275 oo
568 3226 705 3290 namquo
728 3207 812 3291 quod
833 3207 1035 3290 suggessisti,
1065 3207 1149 3292 quod
1172 3207 1333 3291 elegerunt
1355 3227 1450 3274 unam
1474 3209 1517 3274 ci-

351 3323 472 3390 uitatem
499 3343 611 3390 omnes
641 3322 834 3390 Francorum
863 3323 1041 3409 principes,
1076 3324 1317 3406 coniungentem
1347 3345 1445 3408 usque
1476 3324 1516 3390 ud

351 3459 539 3523 paganorum
561 3438 640 3506 finos
663 3440 750 3506 etin
772 3443 879 3525 partes
903 3436 1162 3506 Germanicarum
1178 3441 1329 3524 gentium,
1353 3441 1407 3506 ubi
1423 3445 1516 3508 antea

351 3556 549 3640 praedicasti:
577 3555 805 3653 quatenus-ibi
832 3554 938 3622 sedem
962 3555 1238 3642 metropolitanam
1260 3562 1412 3642 perpetuo
1435 3562 1515 3623 tom-

351 3691 420 3756 pore
441 3672 559 3738 haberc
581 3671 695 3739 debeas
719 3677 751 3737 et
771 3671 846 3737 inde
868 3676 989 3738 ceteros
1005 3673 1170 3759 episcopos
1187 3673 1227 3738 ad
1241 3673 1326 3738 viam
1341 3673 1514 3738 instrueres

351 3788 541 3854 mutitudinis
557 3791 591 3854 et
606 3793 680 3875 post
695 3788 742 3854 tui
759 3807 954 3854 successores
970 3794 1123 3874 perpetuo
1141 3789 1209 3856 iure
1224 3789 1421 3875 possideant3
1445 3787 1514 3872 hoo,

352 3905 425 3987 quod
447 3905 664 3989 decreverunt,
686 3925 745 3970 nos
766 3903 850 3969 laeto
873 3905 1068 3990 suscepimus
1092 3905 1208 3989 animo,
1232 3924 1268 3972 eo
1292 3905 1376 3990 quod
1399 3925 1437 3971 ex
1453 3904 1514 3972 Dei

351 4025 423 4086 nutu
442 4021 563 4088 lactum
586 4026 643 4087 est
677 4019 736 4086 Vel
759 4020 916 4106 siquidem
937 4020 1010 4086 falsi
1029 4021 1207 4088 sacerdotes
1224 4027 1255 4087 et
1270 4021 1441 4087 scismatici
1455 4021 1514 4087 hoc

350 4133 495 4221 impedire
522 4137 626 4203 conati
652 4141 740 4218 sunt3
770 4156 903 4221 quorum
931 4157 1046 4202 vanum
1077 4157 1209 4220 agonem
1237 4135 1392 4203 Dominus
1421 4137 1513 4202 dissi-

351 4250 460 4337 pabit‘,
489 4257 522 4320 et
542 4251 599 4319 illa
625 4253 721 4318 faciet
742 4252 897 4336 stabilita,
928 4273 1009 4338 quae
1031 4258 1214 4319 sanctornm
1236 4258 1364 4339 patrum
1387 4253 1513 4320 statutis

352 4369 533 4435 conveniunt
560 4369 760 4436 concordare.
795 4368 838 4435 Et
865 4369 940 4453 quia
965 4370 1025 4437 tibi
1051 4371 1116 4457 ipsi
1136 4370 1296 4458 principes
1320 4369 1511 4436 Francorum

353 4483 440 4550 etiam
467 4485 502 4550 in
530 4485 590 4552 boo
619 4486 777 4553 adiutores
806 4486 1010 4570 exstiterunt,
1038 4487 1194 4554 retribuat
1222 4486 1285 4552 illis
1313 4487 1512 4573 omnipotens

353 4595 431 4667 Deus
451 4601 678 4669 vicissitudinis
700 4602 857 4688 premium
879 4607 911 4669 ot
931 4603 1100 4670 innumera
1121 4603 1275 4687 largiatur
1297 4603 1388 4668 bonu.

417 4792 437 4825 a
458 4797 514 4826 corr.
529 4784 552 4828 in
568 4780 681 4827 consolari
697 4783 723 4828 c.
799 4780 823 4828 b.
844 4783 980 4839 congregato
996 4785 1031 4837 M,
1049 4799 1105 4829 corr.
1121 4784 1144 4828 r'o
1161 4782 1296 4840 congregata
1313 4783 1339 4829 ι’.
1413 4795 1433 4827 o.
1455 4798 1510 4827 corr.

354 4857 375 4899 ἱ·
387 4861 483 4907 uoetrcm
497 4861 569 4908 ricem
586 4863 613 4908 C.
693 4860 716 4906 d.
736 4859 858 4921 dissiparit
872 4865 902 4908 M
916 4871 937 4906 er
954 4865 980 4909 ι’.
