4342 6034
659 756 727 826 482
908 774 1114 823 wnurnsnnr
1135 772 1216 823 vana
1237 772 1266 821 s.
1281 772 1459 821 nomam
1480 774 1556 823 cae.
1573 774 1587 821 1

658 921 818 1005 posuerat,
841 934 913 983 eum
936 918 1020 983 asset
1042 932 1196 985 manum
1217 912 1345 981 oireiiu
1364 918 1515 999 quatuor
1528 934 1585 983 eeu
1599 914 1741 1000 quinque,
1759 913 1812 983 nu

659 1032 787 1100 oervibo
810 1050 846 1099 ee
868 1030 1035 1115 subiugare
1057 1029 1210 1097 atudivit·
1224 1028 1387 1115 multoque
1400 1030 1516 1097 muntia
1530 1031 1695 1097 eouamiue
1707 1030 1812 1097 dene·

539 1194 546 1209 .
657 1147 821 1215 nestoriali
847 1147 965 1231 ingiter
990 1146 1058 1213 rita
1079 1144 1230 1213 insudare
1250 1149 1284 1212 et
1305 1144 1347 1211 ad
1368 1166 1440 1212 eam
1461 1145 1579 1213 mentis
1601 1146 1730 1215 cottidie
1745 1147 1813 1213 nisi

657 1263 717 1331 bna
744 1262 901 1331 anhelare.
947 1260 1026 1329 Cum
1054 1280 1129 1327 uero
1152 1260 1252 1347 aliqui
1274 1296 1317 1307 -·
1340 1260 1424 1329 siord
1443 1261 1508 1329 illis
1530 1261 1710 1345 regionibus
1730 1261 1815 1327 noris

658 1384 707 1445 est
728 1416 771 1431 -
795 1378 963 1465 presbiteri
991 1377 1057 1444 sive
1085 1376 1193 1445 ulerioi
1220 1376 1389 1465 populares
1415 1377 1467 1445 uel
1488 1376 1605 1444 luleus*
1628 1376 1817 1464 praedicandi

658 1512 754 1561 sama
783 1494 923 1561 adissem
950 1492 1045 1561 etad
1065 1492 1176 1559 villam
1198 1492 1389 1579 domumque
1409 1493 1547 1580 praefati
1568 1494 1671 1579 patria
1692 1491 1817 1558 familias
1900 1519 1905 1586 g

658 1610 828 1693 venissent,
851 1628 936 1693 mex,
960 1614 1114 1693 quantum
1135 1608 1356 1695 possibilitatis
1379 1610 1447 1677 eius
1468 1608 1716 1695 pusillanimitas
1732 1608 1818 1675 iniu-
1904 1617 1905 1620 ’

656 1725 758 1793 fantis
779 1745 837 1793 aua
858 1724 1046 1811 praevaluit,
1070 1729 1219 1811 eoeperat
1239 1744 1309 1791 eum
1333 1724 1380 1791 eis
1402 1724 1442 1791 de
1463 1724 1652 1792 sedeatibus
1675 1723 1819 1811 loquendo

656 1846 794 1911 traotare
816 1845 865 1925 at,
893 1840 968 1926 quid
991 1840 1052 1907 sibi
1074 1860 1213 1925 suaque
1233 1839 1414 1907 infirmitati
1433 1842 1469 1907 in
1489 1842 1631 1907 futurum
1654 1838 1821 1927 proflueret,

656 1957 861 2041 interrogare.
907 1954 1050 2041 Cumque
1082 1957 1129 2023 ita
1161 1956 1218 2023 diu
1250 1956 1290 2023 de
1322 1955 1510 2024 caelestibus
1538 1957 1692 2025 diuturna
1717 1957 1821 2025 ιιιοιιιι

656 2072 860 2141 meditatione
887 2072 1041 2156 cogitaret
1068 2090 1106 2139 ao
1127 2077 1231 2139 toturn
1252 2090 1288 2139 se
1309 2073 1342 2138 in
1365 2072 1508 2142 futurum
1530 2074 1717 2141 extenderet
1737 2078 1769 2141 et
1788 2072 1822 2139 ad

656 2208 795 2276 superna
816 2188 960 2273 erigeret,
983 2188 1068 2275 patri
1091 2187 1187 2254 etiam
1209 2187 1337 2255 demum
1359 2188 1447 2273 baso,
1471 2208 1552 2275 quae
1572 2190 1679 2257 animo
1694 2189 1822 2275 gerebat

656 2303 811 2371 revelavit
839 2308 889 2387 ei,
917 2308 954 2369 ut
981 2324 1057 2371 suae
1084 2303 1263 2371 eonsuleret
1290 2304 1460 2389 uoluntati,
1487 2306 1621 2389 rogarit
1669 2305 1739 2385 Quo
1760 2325 1823 2373 oon-

656 2425 747 2508 perte
775 2418 1025 2506 obstupefactus,
1059 2424 1152 2507 pater
1178 2440 1294 2504 magna
1323 2440 1396 2487 eum
1423 2422 1652 2509 inerepationis
1680 2421 1824 2489 instante

656 2535 775 2623 partim
797 2534 903 2619 minis,
930 2554 971 2603 ne
993 2556 1027 2603 se
1049 2536 1225 2621 desereret,
1246 2536 1424 2624 prohibuit,
1447 2537 1566 2624 partim
1586 2537 1688 2603 etiam
1709 2536 1824 2604 blaudi·

656 2650 772 2719 mentis
800 2650 841 2717 ad
867 2650 1038 2721 saecularis
1066 2652 1185 2735 negotii
1212 2671 1324 2719 euram
1348 2652 1537 2737 instigabat3
1564 2659 1601 2719 ut
1627 2656 1827 2741 temporanee

657 2786 730 2835 eum
751 2766 952 2834 transitoriae
973 2766 1159 2835 hereditatis
1179 2767 1383 2852 subiungeret
1405 2768 1493 2835 luero
1514 2774 1563 2853 et,
1591 2789 1663 2836 sese
1693 2770 1827 2856 quaudo·

657 2900 719 2969 que
739 2882 896 2967 desumto,
920 2902 996 2950 suae
1017 2888 1163 2951 terrenae
1183 2883 1344 2951 facultatis
1367 2885 1530 2952 eustodem
1550 2886 1650 2953 immo
1665 2887 1766 2953 etiarn
1778 2885 1825 2953 be

656 2998 764 3067 redenu
786 2998 987 3085 relinqueret
1021 2997 1136 3067 Verbis
1164 2999 1291 3085 quidem
1319 3020 1415 3086 quam
1442 3000 1603 3087 plurimis,
1630 3001 1826 3069 fraudulenta

656 3113 811 3182 humanae
834 3114 1015 3183 ealliditatis
1037 3136 1114 3182 usus
1136 3116 1288 3200 uersutia,
1310 3122 1454 3183 ιοιιοιιιιιι
1469 3136 1490 3181 a
1503 3118 1624 3203 oospti⁰
1638 3118 1825 3204 ροτιοιιίοιιο

656 3230 812 3318 propositi
834 3231 975 3297 animum
998 3231 1157 3299 declinare
1178 3232 1362 3319 temptarit3
1385 3232 1550 3317 magisque
1563 3232 1742 3301 banosuae
1754 3232 1825 3299 tole·

656 3346 838 3414 rutilioram
860 3366 932 3413 esee
951 3347 1105 3415 infantiae
1128 3347 1275 3431 mbram,
1297 3366 1455 3434 quamque
1477 3348 1576 3415 ritum
1598 3347 1824 3417 monasterialis

657 3460 789 3529 miiitiae
816 3462 1109 3549 oontemplativam,
1138 3463 1306 3551 multiplici
1331 3483 1513 3531 semaam
1536 3462 1739 3532 adolatione*
1759 3484 1825 3552 pro·

656 3578 773 3660 miano
800 3583 837 3644 ut
857 3577 908 3645 vel
925 3578 978 3645 -sio
1000 3599 1020 3646 u
1042 3579 1198 3665 propositi
1219 3578 1314 3647 buius
1336 3580 1500 3647 eenamine
1521 3600 1595 3647 euna
1617 3580 1825 3649 oobiberetet

658 3693 699 3761 ad
725 3692 893 3761 mundani·
916 3693 1009 3761 luxus
1037 3694 1203 3762 mollitiem
1231 3695 1388 3763 inoitanet.
1433 3694 1497 3763 Sed
1524 3695 1590 3781 uir,
1617 3697 1684 3763 iarn
1707 3696 1825 3765 Deoin

657 3808 796 3897 pueritia
815 3808 938 3897 plenus,
961 3816 1078 3896 quanto
1101 3816 1150 3878 eat
1171 3831 1192 3877 a
1212 3816 1304 3898 patre
1322 3809 1394 3898 plus
1409 3810 1598 3898 prohibitus,
1619 3817 1721 3897 tanto,
1743 3830 1827 3881 men·

657 3926 701 3995 tia
729 3930 856 4013 arrepta
883 3926 1085 4011 fortitudine,
1114 3926 1284 3995 eoelestem
1299 3926 1475 4013 adquirere
1503 3928 1566 3995 sibi
1587 3927 1772 3997 thesaurum
1796 3933 1827 3995 et

658 4042 757 4109 saeris
783 4060 818 4109 se
839 4042 1027 4128 coniungere
1048 4042 1227 4109 litterarum
1249 4042 1364 4109 studiis
1386 4044 1517 4111 anexius
1539 4043 1717 4113 anhelabat
1763 4044 1825 4111 lit·

657 4177 719 4246 que
740 4158 855 4225 mirum
878 4158 912 4225 in
934 4158 1073 4243 modum,
1097 4159 1191 4227 aienti
1213 4178 1338 4247 semper
1360 4158 1468 4227 diuina
1489 4180 1584 4244 agere
1605 4160 1688 4229 aoiet
1706 4160 1824 4229 miseri·

657 4274 779 4359 eordia,
807 4278 844 4340 ut
872 4292 928 4341 suo
958 4274 1178 4341 inbecillioris¹
1204 4276 1317 4341 aetatis
1344 4272 1497 4342 ιιιιιιιοιιὶι
1523 4274 1610 4343 Deus
1638 4284 1671 4345 et
1698 4282 1824 4365 oeeptae
1903 4265 1904 4272 '

655 4390 705 4459 rei
726 4388 877 4457 solacium
899 4394 931 4457 et
953 4390 1085 4457 ananiae
1106 4390 1277 4459 voluntatis
1300 4397 1504 4477 augmentum
1519 4390 1763 4479 obsistentisque
1777 4412 1824 4459 re·

655 4506 820 4593 pentinum
842 4506 943 4593 petris
965 4506 1193 4574 mutationem⁸
1214 4508 1330 4576 mentia
1352 4507 1522 4595 providens
1536 4508 1759 4591 oondonavit⁵3
1780 4509 1823 4574 ita

729 4670 750 4705 a.
771 4656 860 4704 studuit
874 4658 940 4713 ΑΒ.
1027 4656 1050 4704 b.
1072 4656 1125 4705 lalei
1137 4660 1165 4705 B.
1253 4672 1274 4705 a
1297 4660 1432 4719 aeoneepti
1446 4662 1474 4706 B.
1563 4658 1587 4707 d.
1609 4660 1739 4707 adulatione
1754 4663 1782 4715 Δ,
1795 4658 1823 4705 B.
1901 4721 1902 4730 ἵ

656 4748 677 4783 a.
700 4736 816 4803 mundane
831 4738 858 4794 F,
879 4736 986 4783 mundani
1002 4740 1035 4794 A,
1051 4738 1079 4785 B.
1157 4736 1173 4785 f.
1193 4736 1346 4785 inbecilliores
1362 4740 1388 4795 Ρ,
1403 4736 1552 4786 inbecillioris
1568 4741 1637 4797 m.
1711 4752 1734 4798 g.
1753 4740 1820 4785 ιιοιι·

655 4814 742 4863 tionem
757 4818 784 4873 ι’,
799 4816 946 4863 mutationem
961 4820 990 4873 A,
1006 4818 1034 4864 B.
1113 4816 1137 4864 h.
1156 4816 1297 4866 wedewei
1309 4822 1339 4866 A.

728 4911 753 4965 1.
778 4910 864 4965 militi.
892 4912 927 4968 V.
942 4912 1121 4968 Dieffeubaob
1138 4912 1306 4969 Glossarium
1324 4914 1633 4984 latino-germanieurn:
1653 4910 1786 4985 „militet
