4342 6034
596 756 623 805 s.
639 755 815 805 normann
836 758 881 805 nu
902 758 1004 805 nuum
1026 756 1214 807 neronom
1232 758 1263 807 ao
1445 740 1512 809 223

356 894 503 983 patribus,
525 914 564 965 ex
587 915 649 983 quo
671 916 729 983 per
748 897 801 967 dei
823 902 856 967 et
877 897 998 967 domini
1019 898 1122 967 nostri
1145 898 1218 969 lesu
1237 898 1356 967 Christi
1375 900 1513 985 gratiam
1544 906 1596 963 751

356 1016 384 1078 et
401 1012 534 1097 pretioso
563 1013 733 1098 sauguine·
761 1015 828 1081 eius
858 1013 1011 1083 aeoelesia
1032 1014 1178 1083 dedieata
1198 1021 1265 1099 eet,
1293 1017 1406 1102 quinta
1431 1016 1513 1083 feria
1528 978 1613 1028 ΝΜ

352 1125 487 1213 pasehae,
510 1128 586 1195 dum
600 1148 725 1199 eaerum
740 1131 856 1199 erisma
870 1134 1081 1215 ooneeoratur,
1096 1136 1163 1199 tres
1177 1130 1362 1219 lampadaeb
1377 1152 1512 1217 magnae

350 1243 540 1329 capacitatis,
564 1265 605 1313 ex
627 1245 760 1315 diversis
783 1245 923 1315 eandelis
947 1245 1118 1313 aecclesiae
1139 1246 1209 1315 oleo
1231 1248 1379 1331 collecto,
1403 1249 1438 1315 in
1460 1268 1511 1316 se-

350 1360 466 1427 eretiori
493 1360 664 1431 aecclesiae
691 1362 760 1431 loeo
789 1362 829 1431 ad
857 1360 992 1447 liguram
1014 1362 1193 1431 interioris·
1215 1364 1411 1433 tabernaculi
1433 1365 1511 1431 insi·

349 1478 450 1561 sunta
473 1475 689 1547 mdefieientsr
710 1498 783 1547 oum
805 1478 907 1547 mults
928 1478 1095 1562 diligentia
1114 1478 1257 1566 inspeote
1276 1480 1442 1565 ardebunt,
1465 1480 1512 1547 ita

348 1596 379 1657 ut
398 1589 500 1661 oleum
528 1593 633 1681 ipsum
662 1593 807 1663 suffioere
833 1595 936 1682 possit
962 1614 1063 1679 usque
1091 1594 1134 1661 ad
1161 1596 1293 1663 tertium
1320 1596 1415 1663 diem
1460 1596 1511 1665 De

347 1706 450 1791 quibus
470 1708 611 1779 oandslis
634 1710 764 1779 sabbato
787 1716 897 1779 saneto
911 1731 970 1799 pro
986 1710 1069 1777 sauri
1082 1710 1180 1777 tontis
1194 1710 1386 1798 baptismate
1401 1732 1510 1800 eump-

345 1828 390 1891 tus
414 1822 498 1909 ignis
526 1846 585 1913 per
609 1826 805 1895 aaeerdotem
831 1826 1043 1895 renovabitur.
1111 1826 1161 1895 De
1182 1826 1373 1896 eluristullisd
1392 1833 1509 1913 autem,

346 1944 377 2007 ut
395 1939 579 2027 emersisti,
602 1940 723 2011 nullam
745 1942 897 2011 habemus
919 1942 1132 2011 traditionem.

421 2054 471 2125 De
493 2057 546 2125 his
569 2058 732 2145 quinegio
754 2054 882 2127 morbo¹
904 2062 1060 2127 vexantur
1082 2057 1253 2144 inquisisti,
1276 2058 1344 2127 sive
1365 2058 1509 2127 homines

344 2172 402 2241 sive
422 2174 497 2261 oqui
520 2174 597 2259 sint,
620 2174 697 2259 quid
718 2172 858 2243 fiendum
881 2174 923 2243 eit
944 2175 984 2243 de
1005 2174 1080 2243 illie.
1162 2173 1196 2241 Si
1211 2173 1356 2243 homines
1371 2196 1411 2243 en
1425 2175 1510 2243 nali-

344 2288 431 2359 vitate
453 2295 511 2359 aut
534 2309 649 2374 genere
671 2288 764 2357 huius
786 2290 890 2359 morbi
913 2294 997 2376 sunt,
1020 2290 1055 2357 hi
1077 2294 1170 2358 extra
1187 2290 1350 2359 eivitatem
1363 2291 1510 2359 eomitari

343 2403 505 2489 debebunt3
531 2405 590 2473 ad·
612 2404 835 2493 elymosinam‘
856 2426 931 2475 vero
954 2406 1171 2494 aoeipiendam
1193 2426 1214 2473 a
1235 2407 1353 2493 populo
1372 2427 1437 2475 non
1453 2407 1509 2475 de·

342 2522 434 2589 vitari.
483 2521 521 2591 Si
550 2526 656 2591 aubin
683 2522 869 2608 eontigerit,
898 2542 1049 2607 magnum
1076 2522 1128 2591 vel
1150 2542 1285 2609 parvum
1306 2543 1370 2590 non
1393 2524 1509 2592 nativi·

325 2640 399 2705 ‘tate
423 2638 481 2707 aed
508 2638 753 2725 superveniente
780 2639 956 2724 egritudine
977 2640 1105 2725 vexari,
1132 2659 1197 2707 non
1219 2643 1269 2707 est
1290 2640 1508 2726 proiciendum

342 2752 399 2839 sed,
420 2754 448 2821 si
469 2753 625 2842 possibile
647 2759 706 2839 ost,
729 2755 897 2825 euraudus.
943 2754 1103 2823 Adtamon
1125 2755 1160 2823 in
1183 2754 1345 2841 aecolesia,
1369 2756 1447 2823 dum
1467 2756 1509 2824 ad
1647 2762 1651 2768 ’

342 2871 587 2939 eommuniouem
608 2870 746 2956 venerit,
773 2876 848 2959 post
869 2872 1010 2941 omnium
1033 2870 1244 2959 repletionem
1265 2870 1327 2939 orit
1346 2871 1508 2956 ingressu·

342 3004 388 3053 roa
410 2986 449 3055 ad
471 2986 733 3075 participandum
755 3008 880 3055 munus.
959 2986 1044 3074 Equi
1058 3007 1145 3072 vero,
1169 2986 1225 3073 qui
1237 2986 1382 3073 praefato
1396 2987 1508 3055 morbo

342 3099 448 3173 luerint
469 3102 684 3189 ooinquinati,
707 3102 736 3169 si
758 3103 864 3171 ourari
884 3123 949 3171 non
972 3102 1146 3187 valuerint,
1168 3104 1204 3169 in
1225 3102 1331 3189 puteis
1354 3108 1387 3170 et
1407 3102 1507 3171 foveis

341 3218 506 3303 proieiendi
544 3224 635 3305 suut,
668 3238 709 3287 ne
741 3218 882 3289 eiusdem
916 3220 1038 3289 morbi⁸
1065 3218 1253 3305 mutagioue
1286 3218 1385 3287 aeteri
1419 3218 1507 3286 eoin·

342 3335 510 3419 puisentur.

417 3452 467 3521 De
502 3449 695 3519 animalibus
724 3456 846 3536 autem,
883 3451 956 3536 quil
985 3470 1006 3519 a
1031 3450 1209 3519 furentibus
1236 3450 1272 3517 id
1299 3454 1349 3517 eat
1375 3450 1506 3519 rabidis¹

340 3562 413 3653 lupis
441 3572 474 3637 et
502 3566 636 3635 oanibus
662 3566 782 3635 fuerim
808 3566 948 3635 laeerati.
996 3566 1131 3654 Oportet
1157 3566 1214 3635 aa*
1237 3586 1257 3633 a
1278 3566 1392 3635 ueteris
1414 3586 1507 3653 sepa·

339 3682 412 3769 rari,
445 3704 487 3752 ne
517 3682 660 3751 mentae
689 3688 721 3751 et
748 3682 929 3753 mordentes
957 3686 1062 3751 uetera
1089 3683 1341 3769 ooinquinentur.
1388 3681 1507 3761 Quodsi

339 3816 430 3883 panea
450 3804 544 3884 sunt,
567 3805 604 3867 ut
625 3819 723 3887 snpra
744 3798 897 3884 diximus,
920 3800 955 3867 in
976 3799 1070 3867 lovea
1090 3798 1275 3886 proioienda
1296 3803 1380 3867 sunt

417 3916 501 3985 Nam
526 3918 560 3983 et
580 3914 641 3983 hoe
661 3915 828 4001 inquisivit
849 3915 1031 3983 meruitne
1053 3920 1126 3983 tua:
1149 3915 1179 3983 si
1199 3914 1312 4000 lioeat,
1335 3916 1506 3983 sanotimo·

338 4030 428 4100 nialee
448 4032 600 4116 feminas,
624 4030 887 4117 quemadmodum
909 4031 993 4116 viri¹,
1016 4030 1078 4099 sibi
1099 4031 1238 4099 invidam
1257 4030 1354 4117 pedes
1377 4028 1506 4098 abluere

338 4148 396 4213 tam
422 4148 457 4217 in
485 4168 588 4217 ooeua
609 4146 738 4215 Domini
761 4167 918 4233 quamque
945 4146 979 4214 in
1008 4146 1079 4215 aliis
1107 4146 1229 4215 diebus
1274 4146 1344 4215 Hoo
1371 4146 1506 4213 domini·

338 4279 401 4331 eum
420 4268 631 4353 praeoeptnm
653 4266 713 4349 eet,
735 4263 819 4349 quod
841 4264 896 4349 qui
918 4283 977 4352 per
998 4261 1093 4332 fidem
1107 4262 1299 4351 impleverit,
1321 4262 1451 4331 habebit
1466 4282 1507 4330 ex

401 4509 421 4542 a.
441 4514 501 4543 corr.
517 4498 542 4543 r'n
556 4492 682 4556 pretiorum
698 4492 831 4553 anguinum
848 4496 875 4543 C.
937 4494 960 4541 b,
982 4512 1039 4542 corr.
1055 4496 1078 4541 ἕω
1094 4493 1212 4555 lampadae
1228 4496 1254 4543 c.
1316 4508 1337 4541 a.
1352 4492 1468 4541 interioria
1479 4495 1505 4542 C.

339 4570 358 4617 d
376 4576 487 4633 crystallis
504 4578 532 4624 c.
607 4589 627 4621 a.
647 4574 677 4621 ad
693 4591 735 4623 oa.
754 4578 789 4621 M.
859 4573 875 4621 l.
896 4572 1043 4621 elemosinam
1060 4576 1085 4622 C.
1157 4588 1179 4633 g.
1200 4590 1243 4620 ora.
1260 4576 1295 4621 dl.
1364 4572 1388 4621 h.
1410 4590 1466 4620 corr.
1482 4575 1505 4619 rie

339 4656 416 4709 quac.
494 4652 671 4714 irapiniadl.
750 4652 924 4701 hetone.
1001 4652 1251 4702 loorrdnvlrlac.

339 4778 425 4919 mi.
446 4778 533 4847 lepra.
560 4773 603 4835 ct
615 4773 796 4835 Dietienbaolr
814 4774 984 4833 Glossarium
1000 4774 1049 4833 lat.
1061 4790 1149 4845 gorm.
1170 4773 1282 4831 llorbus
1293 4773 1402 4845 mgiua:
1422 4788 1504 4845 „aua-

395 4864 488 4921 'eit“.
