4342 6034
658 787 845 835 sorsuouuu
867 789 1095 837 moouurmne
1119 790 1150 835 ss
1421 774 1486 841 357

339 929 423 1013 gitsre
453 928 609 1014 potuerit,
643 948 727 995 nuno
754 929 906 1015 temporis
934 950 1028 1016 posse
1055 928 1126 997 fieri
1155 935 1210 997 aut
1238 930 1361 997 debere.
1453 930 1488 999 Si
1507 941 1575 997 1007

338 1064 413 1126 uero,
437 1062 493 1111 our
515 1043 595 1109 illud
616 1050 782 1131 tantopere
804 1050 877 1111 ante
899 1044 1132 1113 inchoationem
1154 1046 1301 1113 omuibus
1321 1044 1488 1115 uelandum

336 1160 481 1242 duxerim,
509 1159 667 1244 queritur,
696 1180 755 1227 neo
782 1160 842 1227 hoo
863 1162 932 1227 sine
954 1180 1050 1228 eausa
1072 1162 1255 1229 aotitatum·
1277 1162 1486 1248 respondebo.

334 1275 518 1341 Institutione
550 1275 700 1341 doeemur
733 1275 930 1359 euangelioe,
965 1275 1175 1345 aedificandae
1208 1278 1242 1343 in
1279 1277 1376 1345 altum
1406 1278 1488 1345 turri

333 1396 463 1477 sumptus
485 1391 576 1478 priua
596 1391 763 1478 providere
785 1393 979 1459 ueoesmrios
989 1389 1005 1459 ¹.
1041 1392 1085 1459 Et
1100 1414 1167 1477 ego,
1191 1391 1321 1461 effeetus
1336 1394 1400 1460 mei
1415 1414 1488 1461 oon·

332 1507 404 1572 seius
434 1506 491 1573 sed
520 1506 621 1574 futuri
647 1508 777 1591 ignarus
805 1505 951 1591 effeetus,
984 1507 1081 1575 malui
1110 1508 1320 1577 delitesoendo
1350 1508 1489 1594 experiri

331 1622 396 1706 quid
415 1642 553 1709 possem,
577 1644 672 1709 quam
694 1624 884 1691 immaturius
906 1624 1066 1709 prodendo
1087 1622 1251 1692 diffamare
1267 1625 1343 1710 quid
1358 1624 1487 1707 vellem3

330 1757 364 1803 uo
388 1737 467 1805 torte
494 1738 642 1807 iueffioas
671 1745 744 1825 post
770 1738 889 1806 derisui
918 1738 1009 1805 oeulo
1037 1758 1174 1824 nequam
1198 1740 1372 1827 patuerim,
1400 1740 1487 1826 dum,

330 1873 389 1919 sero
400 1854 557 1941 pudendo,
573 1860 687 1941 ooepta
699 1874 764 1921 non
775 1852 968 1941 perfioerem.
1014 1854 1167 1941 Superest
1181 1876 1281 1923 nuno:
1299 1854 1487 1943 explanatab

329 1969 452 2035 dam-
465 1969 614 2057 placeant
635 1970 992 2056 displiceamus—iam
1014 1970 1122 2057 palam
1144 1972 1355 2053 innotesaer03
1378 1978 1411 2038 et
1433 1972 1489 2037 do·

328 2083 393 2151 tiles
414 2086 575 2153 auditores
591 2106 655 2153 non
669 2092 735 2154 tam
749 2086 911 2153 benivolos
926 2086 1094 2153 oonoiliare
1111 2107 1206 2171 quam
1221 2092 1358 2155 attentos
1373 2087 1489 2155 solber-

327 2206 396 2284 tsre,
411 2202 465 2287 qui
480 2202 600 2269 direoto
615 2203 758 2269 oaritatis
772 2204 909 2286 tramite,
924 2202 1133 2287 neutrubique
1148 2200 1232 2286 flexi,
1249 2208 1281 2271 et
1294 2203 1490 2271 emendanda

327 2317 475 2401 surrigere
500 2323 534 2385 et
554 2338 619 2385 non
640 2318 845 2405 dampnanda
864 2318 1038 2385 diiudioare
1060 2323 1179 2403 queant
1200 2324 1233 2385 et
1256 2318 1363 2386 velint.
1398 2318 1489 2403 Quis,

326 2432 450 2516 siquod
473 2432 633 2500 elaborari
656 2435 769 2501 taoitus
791 2434 861 2520 ipse
883 2433 1058 2517 ooouluerq
1082 2434 1153 2519 quis
1176 2434 1260 2519 quod
1282 2436 1407 2519 ignoret
1423 2434 1489 2502 sdi-
1520 2470 1524 2479 ·

326 2554 385 2613 seat
406 2549 456 2617 rel
479 2548 682 2635 eomprobeti
704 2549 906 2634 Maximeque
928 2550 987 2615 boo
1008 2550 1042 2615 in
1064 2550 1219 2635 uentibus,
1244 2570 1324 2635 quae
1346 2550 1410 2617 nisi
1429 2570 1489 2619 usu

325 2664 465 2733 audiendi
493 2665 630 2731 disserui
659 2666 848 2733 delectariue
869 2670 1039 2750 nequeunt
1073 2664 1226 2751 Alioquin
1249 2664 1333 2733 ultro
1355 2666 1489 2751 ingratis

325 2779 485 2867 inportune
514 2782 672 2866 ingerere,
701 2802 782 2868 quae
809 2783 864 2849 rix
891 2802 1003 2849 suasus
1032 2800 1172 2849 annuere
1199 2782 1275 2866 quin
1304 2782 1409 2868 potius
1431 2800 1490 2849 neo

324 2904 442 2965 moetus
464 2918 667 2984 praesumere
682 2897 807 2979 debeas,
830 2897 1009 2963 dementiae
1022 2917 1075 2963 res
1090 2904 1147 2965 est
1228 2896 1405 2981 Caeterum,
1429 2897 1489 2965 etsi

324 3012 448 3080 stultum
471 3014 576 3082 estin
598 3014 762 3100 probemio
785 3012 922 3097 effluere,
945 3012 1188 3098 reprehensores
1211 3032 1308 3096 meos,
1332 3032 1410 3097 quos
1430 3032 1489 3081 nee

324 3130 393 3195 satis
406 3129 549 3197 mirabor
563 3148 621 3196 neo
635 3130 759 3197 futuros
773 3128 942 3195 admodum
954 3128 1145 3212 detestabor,
1158 3129 1256 3213 qui-
1269 3128 1410 3213 quolibet
1420 3128 1488 3195 zelo

324 3247 434 3315 amoris
449 3246 502 3313 vel
522 3245 743 3313 amaritudinis
755 3280 797 3291 -
809 3245 902 3311 modo
918 3246 1131 3329 quieseantem
1147 3264 1198 3311 mo
1213 3245 1269 3311 de‘
1285 3244 1490 3313 subterranea

324 3360 428 3429 talenti
455 3362 606 3429 dominici
635 3361 840 3427 absconsione
869 3360 1072 3445 cavillantur,
1101 3360 1195 3429 modo
1223 3360 1337 3428 studiis
1360 3377 1489 3447 operum

324 3476 456 3561 dautem,
473 3478 562 3545 velut
575 3496 729 3543 novarum
744 3478 1037 3563 praesumptionum
1053 3479 1224 3561 dumorum,
1242 3476 1367 3543 aemula
1382 3496 1489 3543 susur-

323 3594 439 3660 ratione
461 3592 645 3677 suggillant,
668 3592 835 3677 utrobique
855 3614 913 3679 per
935 3614 987 3659 me
1006 3592 1243 3661 ratiooinandod
1258 3610 1489 3678 praeoooupare

323 3725 355 3772 ao
375 3710 544 3796 perpaucis
567 3710 750 3775 satisfaoere
772 3708 901 3792 eisdem,
924 3710 1139 3775 necessarium
1162 3707 1264 3775 video.
1298 3706 1334 3773 ln
1350 3706 1490 3793 quolibet

322 3824 435 3910 seripto
462 3826 531 3891 vita
557 3844 595 3891 ao
616 3825 750 3891 seientia
771 3824 959 3909 disquiritur
979 3824 1127 3891 auotoris.
1174 3822 1292 3902 Quodsi
1315 3822 1353 3890 do
1375 3822 1489 3889 merito

322 3938 402 4005 ritae
423 3960 550 4008 meeum
572 3941 692 4025 agitur,
721 3960 784 4006 nou
805 3946 874 4006 tam
895 3944 1006 4007 sauma
1027 3938 1225 4006 oonsoribere
1247 3958 1342 4023 quam
1364 3958 1423 4005 neo
1444 3938 1489 4005 le-

320 4073 391 4135 gere
413 4076 465 4123 me
488 4057 618 4140 dignum
642 4076 770 4139 denseo,
801 4056 879 4123 adeo
907 4061 945 4121 ut
972 4055 1050 4121 mibi
1074 4056 1164 4140 qussi
1187 4054 1315 4141 proprie
1336 4055 1490 4141 seriptum

320 4176 477 4257 reputem:
500 4174 578 4241 Non
600 4186 645 4239 eat
667 4174 737 4238 losa
759 4176 900 4260 speciosa
914 4175 950 4237 ia
965 4194 1019 4237 ore
1028 4166 1236 4258 peccator-sib
1259 4170 1333 4256 qula
1348 4171 1490 4256 omniurn

322 4306 399 4370 poue
419 4308 511 4355 reum
533 4310 585 4355 me
607 4289 725 4372 fateor,
754 4308 812 4374 pro
836 4288 949 4373 quibus
973 4288 1132 4374 peooatori
1154 4286 1232 4353 dioit
1254 4285 1357 4352 Deus:
1382 4286 1490 4368 Quare

322 4416 353 4467 so
374 4408 665 4472 mariandina
686 4398 810 4470 meas?
837 4424 909 4471 oum
936 4404 1148 4487 sequentibus.
1195 4402 1252 4471 Sin
1276 4420 1350 4469 vero
1372 4400 1488 4467 doetri-

323 4536 381 4585 nae
402 4521 535 4588 soieutia
557 4520 710 4605 exigitur,
740 4520 806 4585 aosi
826 4520 976 4606 privatim
999 4540 1051 4586 me
1072 4524 1216 4587 notatum
1240 4518 1386 4599 adverto,
1415 4536 1487 4583 oum

324 4633 454 4703 diuitum:
478 4638 610 4720 Stultus,
634 4641 665 4703 si
685 4640 833 4716 mesu,
856 4640 984 4723 sapim
1007 4632 1226 4703 mtiuuobo'tur‘.
1273 4633 1355 4701 Hine
1377 4632 1489 4699 utrim-

392 4792 414 4823 ι
435 4779 573 4825 mumdum
589 4798 609 4825 c.
686 4778 709 4825 b.
730 4776 846 4838 explorata
861 4794 881 4823 a.
959 4790 979 4825 e
1000 4778 1041 4823 sed
1057 4796 1078 4823 c.
1156 4776 1179 4823 d.
1200 4774 1352 4822 ratiotinando
1369 4793 1388 4820 c.

393 4884 418 4936 1.
438 4880 556 4939 ornus
571 4882 614 4953 14,
626 4882 669 4937 ss.
723 4884 748 4939 s.
768 4881 852 4937 non
865 4882 908 4953 15,
920 4882 946 4935 o.
999 4882 1026 4937 s.
1044 4882 1089 4936 rs.
1102 4882 1146 4951 oo,
1158 4881 1200 4937 16.
1253 4880 1280 4937 4.
1297 4880 1378 4935 mov.
1392 4878 1487 4949 runs.
