4342 6034
698 783 887 835 menoses
907 784 1137 835 moournmsa
1161 786 1192 831 ro
1458 770 1526 837 -331

370 926 666 1011 communioneque
687 931 799 995 noema
819 926 992 1012 mationa,
1019 928 1047 995 si
1070 926 1215 995 sollerter
1236 927 1445 1013 intendimus,
1472 948 1529 997 nos
1547 952 1571 995 c.
1583 936 1637 993 sot

370 1060 455 1124 agere
476 1041 620 1126 nimium,
642 1042 830 1110 invenimus.
876 1042 1006 1121 Quaerit
1028 1044 1112 1111 enim
1135 1044 1261 1128 liuguae
1284 1044 1377 1111 huius
1400 1050 1529 1115 ornatus

368 1161 398 1223 ct
416 1176 436 1223 a
455 1155 648 1240 legentibus:
670 1158 848 1245 sinaliphae
863 1158 974 1227 ‘lanam
995 1164 1029 1225 et
1049 1159 1253 1227 conlisionem
1269 1160 1423 1229 lubricam
1439 1180 1530 1247 prce-

368 1291 482 1355 cavere,
506 1277 540 1338 et
561 1292 582 1339 a
602 1273 808 1343 dictantibus:
833 1274 1092 1359 omoeoteleuton‚
1115 1276 1148 1341 id
1172 1281 1220 1343 est
1241 1275 1438 1367 consimilem
1460 1296 1530 1343 uor-

367 1387 472 1455 borum
500 1388 772 1474 terminationem,
806 1390 983 1457 observare.
1030 1389 1148 1457 Sensus
1176 1392 1261 1459 enirn
1290 1391 1342 1459 hic
1370 1392 1530 1461 interdum
1583 1442 1585 1451 ,

365 1502 445 1569 ultra
472 1503 535 1569 duo
562 1503 613 1570 vel
640 1509 704 1573 tres
731 1525 842 1572 versus
864 1506 915 1573 vel
937 1506 1033 1575 etiam
1057 1511 1205 1591 quattuor
1226 1508 1259 1573 in
1281 1506 1415 1575 lectione
1438 1506 1540 1575 debet.

366 1638 430 1685 esse
451 1638 640 1706 suspensus,
667 1627 704 1687 ut
725 1620 912 1705 legentibus,
935 1621 1019 1707 quod
1040 1621 1134 1688 lectio
1156 1622 1277 1707 signat,
1303 1624 1442 1711 apertior
1463 1622 1528 1691 fiat

366 1733 422 1801 llic
447 1735 556 1821 sepius
582 1740 653 1802 iet
674 1760 692 1803 o
715 1744 900 1822 ceteraeque
926 1737 1073 1805 similiter
1101 1757 1173 1805 cum
1195 1735 1268 1805 illo¹
1290 1739 1414 1807 uocales
1436 1739 1531 1807 simul

365 1850 565 1917 inueniuntur
591 1852 779 1940 inscriptae,
809 1853 969 1921 interdum
995 1854 1029 1919 in
1058 1872 1135 1920 sono
1164 1854 1284 1923 divisae
1311 1854 1435 1925 vocales
1462 1874 1531 1921 ma

365 1971 481 2051 nentes,
504 1967 663 2035 interdum
686 1970 881 2052 coniunctae,
903 1968 1011 2055 priore
1031 1973 1216 2037 transeunte
1237 1971 1271 2037 in
1291 1971 1530 2039 consonantium

364 2088 561 2169 potestatem.

448 2199 523 2267 Duo
545 2200 641 2267 etiam
662 2200 819 2285 nmadvi,
846 2199 923 2267 dum
944 2201 979 2267 in
999 2198 1173 2275 Latinitate
1196 2202 1328 2269 rationis
1351 2202 1435 2269 dioto
1457 2216 1531 2271 oen-

364 2314 498 2400 firmant,
522 2316 558 2383 iu
579 2316 673 2383 buius
695 2316 821 2400 linguae
843 2337 903 2383 usu
925 2336 1007 2402 pene
1028 2316 1154 2383 assidue
1172 2322 1297 2401 armant
1331 2298 1532 2403 Et'quamris

363 2432 419 2499 boc
443 2432 606 2501 interdum
628 2452 817 2519 praecavere
839 2431 993 2516 umorem,
1021 2432 1062 2499 ob
1084 2452 1176 2499 usum
1198 2438 1305 2499 tamen
1327 2434 1531 2519 cotidianum,

364 2555 397 2615 ut
421 2568 549 2615 morum
578 2568 613 2615 se
638 2548 756 2615 locutio
783 2548 945 2636 praebuit,
973 2548 1093 2617 dictam
1115 2548 1232 2615 curaui.
1322 2548 1425 2617 Huius
1447 2550 1532 2619 enim

363 2664 488 2748 linguae
516 2664 694 2753 proprietas
721 2684 780 2731 nec
800 2684 966 2733 numerum
989 2683 1049 2731 nec
1069 2684 1187 2748 genera
1208 2684 1259 2732 me
1282 2684 1468 2735 conservare
1489 2666 1532 2733 si-

364 2780 466 2847 nebat.
501 2780 662 2848 Interdum
686 2781 771 2847 enim
793 2780 1002 2849 masculinum
1016 2778 1150 2847 Latinae
1172 2780 1298 2863 baguae
1320 2782 1355 2849 in
1368 2782 1428 2849 bac
1441 2782 1533 2851 femi·

364 2898 436 2964 uino
458 2897 596 2984 protuli;
619 2903 653 2965 et
673 2902 778 2965 cetera
799 2916 916 2981 genera
936 2896 1114 2963 necessarie
1131 2895 1228 2963 simili
1242 2896 1336 2965 modo
1351 2899 1531 2985 permiscui.

363 3012 537 3081 Numerum
560 3012 716 3100 pluralem
738 3012 901 3096 singulari,
924 3012 1117 3095 singularem
1138 3011 1255 3097 plurali
1269 3013 1406 3097 vanuum
1429 3018 1462 3081 et
1475 3014 1533 3083 tali

364 3129 456 3196 modo
481 3130 516 3195 in
537 3128 768 3197 barbarismum
792 3134 826 3195 et
845 3127 1064 3195 soloecismum
1087 3128 1195 3215 sepius
1217 3133 1343 3195 coactus
1365 3128 1471 3195 incidi

450 3245 575 3312 Horum
597 3264 695 3331 supra
716 3245 905 3331 scriptorum
929 3244 1070 3310 omniurn
1092 3244 1242 3311 vitiorum
1262 3244 1407 3331 exempla
1421 3245 1460 3313 de
1474 3246 1533 3313 hoc

365 3360 443 3427 libro
467 3360 633 3428 Tbeotisce
660 3380 826 3447 ponerem,
854 3360 917 3426 nisi
942 3360 1128 3426 inrisionem
1150 3360 1321 3444 legentium
1345 3360 1531 3445 devitarem3

365 3498 437 3543 nam
466 3478 543 3544 dum
572 3476 705 3561 agrestis
731 3476 858 3561 linguae
885 3476 1004 3542 inculta
1029 3476 1127 3543 verba
1148 3476 1330 3543 inseruntur
1351 3476 1533 3545 Latinitatis

366 3592 534 3680 planitiae,
557 3590 766 3659 chachinnum
788 3592 964 3676 legentibus
986 3593 1128 3679 prebent
1197 3590 1321 3676 Lingua
1349 3594 1432 3660 enim
1454 3592 1532 3661 haec

366 3709 451 3776 velut
479 3708 613 3794 mestis
641 3708 790 3792 habetur,
820 3708 895 3774 dum
924 3728 944 3774 a
963 3708 1103 3795 propriis
1126 3728 1184 3775 noc
1206 3708 1364 3795 scriptura
1385 3728 1443 3776 nec
1465 3715 1533 3777 arte

367 3825 472 3911 aliqua
498 3824 572 3892 ullis
601 3830 650 3891 eet
676 3824 871 3910 temporibus
898 3822 1053 3910 expolita3
1082 3824 1200 3910 quippe
1229 3825 1283 3909 qui
1304 3844 1364 3891 nec
1384 3824 1533 3893 historias

367 3962 494 4008 suorum
517 3946 767 4023 antecessorum,
795 3945 832 4005 ut
853 3938 972 4007 multae
993 3944 1103 4023 gentes
1125 3944 1284 4023 caeterae,
1314 3941 1534 4009 commendant

367 4058 536 4125 memoriae
563 4076 622 4123 nec
649 4076 759 4123 eorum
785 4061 875 4140 gesta
896 4054 947 4122 rel
968 4056 1067 4122 uitam
1090 4061 1205 4122 ornant
1229 4055 1392 4140 dignitatis
1416 4076 1532 4125 amoro.

368 4173 457 4252 Quod
477 4175 507 4241 si
527 4194 601 4240 raro
623 4173 765 4256 configit,
789 4172 923 4238 aliorum
939 4172 1079 4256 gentium
1095 4170 1213 4256 lingua,
1236 4172 1270 4238 id
1288 4176 1336 4239 est
1349 4171 1534 4240 Latinorum

368 4290 419 4356 rel
441 4288 621 4372 Grecornm,
643 4289 750 4376 potius
773 4288 955 4375 explanant
989 4287 1110 4355 Carent
1133 4286 1276 4372 aliarum,
1300 4292 1331 4355 et
1353 4288 1533 4355 deformita-

369 4412 433 4472 tem
464 4424 529 4473 non
562 4404 776 4472 uerecundant
807 4424 945 4471 suarum
985 4402 1122 4490 Stupcnt
1150 4404 1184 4469 in
1212 4403 1283 4471 aliis
1314 4402 1363 4469 vel
1394 4402 1535 4471 litterula

371 4542 468 4608 parra
488 4526 589 4589 artem
610 4520 805 4605 managmdi3
834 4524 867 4587 st
887 4540 968 4607 pene
989 4520 1120 4607 propria
1140 4520 1249 4603 lingua
1270 4520 1383 4586 uitium
1405 4528 1535 4604 generat

372 4658 429 4723 per
450 4638 572 4722 singula
592 4637 698 4733 verba
733 4635 795 4703 Res
815 4636 913 4702 mira:
935 4641 1002 4702 mm
1024 4655 1155 4721 magnos
1178 4636 1274 4719 viros,
1297 4634 1466 4723 prudentia
1479 4635 1533 4703 de-

374 4752 463 4839 ditos
484 4753 605 4822 cautela
621 4754 817 4841 praecipuos,
840 4750 982 4836 agilitate
996 4750 1150 4836 suffultos,
1167 4752 1323 4839 sapientia
1336 4750 1427 4837 latos,
1442 4772 1532 4820 sanc·

443 4886 467 4940 1.
488 4900 550 4942 cum
569 4882 629 4957 ,i“.
