4342 6034
652 745 720 811 630
858 764 939 810 vrrs
961 761 1117 808 neroum
1139 759 1402 812 Anemuriecom
1423 759 1620 808 moousrnu

485 909 758 986 1158-11590rant3
783 903 1005 971 maledicentes
1028 901 1144 968 domno
1160 902 1319 988 episcopo,
1342 900 1591 986 minitantesque
1606 901 1647 984 ei,
1669 898 1754 986 quod
1768 919 1820 986 pro

650 1021 721 1107 ipso
744 1039 906 1104 nunquam
929 1018 968 1086 de
990 1018 1118 1084 ciutate
1140 1017 1348 1084 discederent.

739 1135 932 1222 Episcopus,
960 1138 1033 1219 post
1060 1138 1187 1200 tantum
1214 1133 1355 1200 laborem
1383 1135 1518 1218 etpost
1545 1135 1671 1199 tantum
1699 1131 1823 1218 imperii
1921 1120 1922 1205 l

651 1251 816 1318 servitium
839 1251 969 1336 cupiens
991 1250 1206 1334 requiescere,
1228 1269 1340 1336 pacem
1362 1268 1428 1315 non
1449 1247 1630 1331 inveniens,
1653 1247 1771 1314 multos
1791 1249 1824 1314 in

652 1367 878 1434 coniurationis
901 1365 984 1432 malo
1007 1365 1127 1432 habene
1149 1369 1372 1450 suspectos-
1387 1384 1447 1430 neo
1468 1363 1562 1430 facile
1584 1383 1619 1429 se
1641 1363 1687 1430 eis
1701 1368 1825 1448 poterat

652 1483 791 1566 credere,
815 1482 890 1566 quie
911 1480 1055 1567 plerique
1076 1480 1219 1548 latebant
1241 1515 1283 1528 -
1307 1486 1477 1566 postquam
1499 1479 1650 1562 oblongos
1671 1478 1824 1563 cultellos,

626 1597 765 1690 ¹quibus
795 1617 865 1664 eum
889 1596 1030 1663 clanculo
1053 1597 1112 1663 rub
1134 1596 1311 1662 velamento
1335 1595 1560 1662 satisfactionis
1582 1594 1751 1662 confodere
1772 1595 1824 1662 do

651 1718 829 1796 creverant,
859 1712 1066 1798 deprehendit
1095 1718 1128 1778 et
1155 1712 1242 1798 ipsos
1271 1711 1486 1778 coniuratores
1509 1716 1621 1778 contm
1641 1731 1677 1778 se
1699 1711 1772 1798 ipsa
1792 1712 1824 1776 in

651 1829 779 1896 civitate
801 1829 906 1894 moliri
930 1827 1075 1894 omnibus
1099 1828 1202 1894 modis
1224 1827 1383 1910 cernebat,
1406 1825 1605 1894 Burcardum
1618 1828 1824 1914 prepositum,

651 1944 706 2028 qui
729 1963 871 2010 summus
893 1944 928 2010 in
950 1944 1167 2010 coniuratione
1189 1949 1299 2010 auctor
1321 1947 1355 2010 et
1375 1942 1442 2008 dux
1463 1947 1543 2028 erat
1566 1942 1607 2010 do
1628 1943 1758 2010 civibte
1771 1963 1824 2010 ex·

651 2059 743 2146 pulit,
766 2065 799 2126 et
820 2060 903 2126 vires
927 2059 972 2127 ei·
996 2079 1105 2126 omnes
1127 2059 1313 2126 incivitate
1335 2058 1462 2124 ademit

740 2175 833 2242 Hunc
860 2177 983 2260 itaque,
1015 2175 1056 2242 ad
1082 2175 1309 2261 imperatorem
1331 2171 1600 2260 proficiscentem,
1629 2181 1757 2242 secutus
1779 2181 1825 2242 est

650 2291 800 2358 Embrico
827 2290 966 2374 Meugoti
995 2289 1078 2356 filius
1088 2287 1106 2374 ¹,
1135 2295 1169 2358 et
1196 2291 1294 2358 abbas
1317 2289 1428 2356 Sancti
1452 2287 1586 2375 Iacobi²,
1615 2289 1823 2359 Wemborns'

652 2408 691 2474 de
713 2406 866 2490 Bonlant,
890 2413 922 2472 et
944 2405 1130 2474 clericorum
1154 2411 1186 2472 et
1206 2406 1360 2473 laicorum
1383 2406 1524 2472 maxima
1545 2407 1726 2474 multitudo.

741 2523 769 2588 E
793 2523 926 2606 vestigio
948 2522 1066 2606 legem,
1091 2523 1130 2589 eb
1152 2521 1311 2608 imperiali
1334 2541 1389 2588 ore
1410 2521 1451 2588 de
1472 2520 1633 2589 beneficiis
1655 2521 1824 2591 Mediolani

651 2638 884 2724 promulgatam
918 2639 952 2704 in
986 2658 1054 2721 eos,
1089 2637 1143 2722 qui
1176 2636 1291 2704 militie
1324 2637 1439 2723 stipem
1473 2637 1536 2705 sibi
1569 2659 1634 2705 non
1663 2639 1822 2724 dederant
1921 2664 1922 2701 l

652 2754 786 2820 domnus
816 2755 982 2841 episcopus
1011 2755 1046 2820 in
1073 2753 1212 2821 modium
1242 2752 1431 2838 proferebat
1468 2752 1514 2820 Et
1541 2753 1581 2822 de
1602 2753 1821 2824 beneficiorum

652 2869 823 2938 amissione
846 2870 1016 2954 perterriti,
1040 2868 1185 2934 nonnulli
1207 2868 1380 2936 secundum
1401 2868 1558 2936 iustitiam
1580 2870 1633 2938 vel
1653 2871 1821 2939 secundnm

651 2986 789 3070 gratiam
813 3005 908 3072 super
930 2985 990 3052 hoc
1009 2984 1270 3072 respondebant.
1307 2983 1400 3050 Solus
1418 2984 1580 3052 Amoldus
1598 2985 1710 3072 Rufus,
1733 2988 1820 3056 mini-

651 3102 789 3170 sterialis
818 3101 885 3168 eius
915 3101 953 3168 de
977 3119 1038 3186 que
1062 3121 1160 3186 supra
1181 3100 1348 3166 retulimus
1371 3137 1415 3146 -
1438 3120 1511 3168 cum
1533 3103 1733 3188 comparium
1753 3123 1819 3172 suo·

651 3240 722 3285 rum
746 3217 845 3285 nollet
872 3223 956 3284 stare
985 3215 1169 3300 seutentie⁶‚
1198 3235 1257 3282 nec
1279 3215 1377 3282 ullam
1399 3216 1439 3282 de
1460 3217 1579 3284 iniuria
1599 3217 1691 3286 illata
1711 3220 1818 3286 domno

653 3335 801 3422 episcopo
829 3334 992 3401 exhiberet
1020 3331 1283 3416 satisfactionem,
1313 3333 1369 3400 sed
1396 3353 1482 3400 nuuc
1502 3333 1594 3402 bonis
1616 3335 1723 3403 sorbis
1743 3354 1818 3401 nuuc

652 3451 867 3518 occasionibus
890 3469 974 3516 nunc
996 3455 1029 3517 et
1049 3448 1202 3514 induciis·
1226 3453 1352 3535 tempus
1373 3450 1550 3534 redimens,
1573 3470 1645 3518 cum
1669 3451 1815 3518 mbncin

652 3567 739 3632 nullo
762 3567 800 3633 ab
824 3566 972 3652 episcopo
995 3569 1191 3650 gravaretur,
1213 3564 1289 3632 licet
1310 3585 1384 3632 eum
1403 3585 1500 3652 super
1514 3566 1703 3651 quibusdam
1717 3572 1815 3634 contu
1921 3638 1922 3671 1

654 3703 688 3748 se
710 3681 977 3748 satisfactionibus
999 3679 1232 3766 interpellaret‘
1248 3715 1291 3726 —
1311 3681 1395 3748 male
1417 3681 1479 3749 sibi
1500 3684 1660 3767 censdus,
1686 3701 1814 3752 men

653 3797 835 3884 appellavit
869 3797 913 3864 Et
936 3799 1018 3864 sicut
1039 3796 1266 3864 coniurationis
1288 3797 1335 3864 ita
1350 3797 1474 3864 itineris
1489 3800 1652 3886 preposito
1665 3797 1813 3868 Buroerdo

653 3913 695 3982 ad
715 3913 940 3998 imperatorem
961 3914 1062 3986 factus
1085 3915 1137 3978 est
1157 3930 1272 3978 comm.

742 4028 914 4114 Postquam
929 4029 1210 4096 commentationes
1225 4047 1300 4094 suas
1322 4033 1355 4094 et
1375 4029 1536 4097 fraudium
1558 4031 1733 4116 molimina,
1753 4031 1813 4117 qn·-

653 4145 712 4214 bus
740 4145 859 4212 famam
881 4145 989 4212 domui
1012 4145 1153 4232 episcopi
1174 4146 1351 4214 incrustare
1374 4165 1411 4212 ac
1431 4146 1633 4214 insimulare⁸
1656 4153 1811 4234 atempta-

652 4262 755 4346 rant‘,
779 4282 876 4347 penes
898 4261 1138 4346 imperatoriam
1160 4263 1359 4330 maiestatem
1374 4261 1459 4330 lente
1475 4261 1646 4349 procedere
1660 4262 1810 4344 riderent,

1921 4382 1922 4415 l

726 4399 747 4432 a
769 4385 803 4432 eis
820 4388 841 4441 1,
858 4387 879 4431 2.
950 4385 973 4431 b.
993 4385 1117 4432 Wernerue
1134 4388 1155 4441 1,
1171 4385 1310 4433 wernherus
1327 4389 1349 4433 2.
1419 4400 1439 4433 a
1459 4387 1624 4448 respondentes
1642 4391 1664 4436 1.
1729 4389 1810 4435 deon

652 4467 728 4513 tentis
745 4467 767 4522 1,
783 4467 806 4512 2.
868 4479 888 4510 e.
908 4465 1000 4511 indiciis
1017 4467 1039 4519 1,
1055 4466 1077 4510 2.
1140 4464 1156 4512 f.
1176 4466 1333 4526 interpelleret
1348 4468 1371 4513 1.
1433 4479 1454 4524 g.
1475 4467 1660 4524 simularem.
1712 4467 1810 4514 nemr-

652 4547 728 4592 tarent
744 4547 767 4593 2.
844 4545 859 4590 i.
880 4543 1011 4592 riderentur
1027 4547 1049 4591 1.

725 4625 750 4679 1.
774 4623 902 4678 Embrioo
920 4621 991 4676 filius
1009 4621 1141 4691 Mefngoti
1159 4622 1264 4678 eteius
1282 4619 1367 4678 frater
1383 4623 1552 4694 lleingotns,
1574 4625 1758 4682 ministeriales
1773 4635 1808 4675 ee-
1921 4696 1922 4705 ἵ

653 4713 752 4768 olesiee
770 4711 960 4782 Mogontinae,
986 4711 1014 4765 in
1032 4711 1115 4765 variis
1133 4709 1248 4766 Aruoldi
1271 4711 1469 4782 archicpiscopi
1485 4712 1587 4770 tabulis
1604 4715 1757 4785 comparent
1771 4723 1807 4778 ep
1921 4720 1922 4727 ’

653 4801 766 4871 Stampf
781 4801 854 4856 Acta
870 4799 1032 4870 lioguntina
1048 4815 1076 4870 p.
1090 4800 1133 4870 69,
1146 4799 1189 4870 71,
1203 4801 1238 4855 ‘12
1255 4802 1284 4855 et
1301 4815 1345 4870 ap.
1358 4799 1458 4858 (iudan
1476 4801 1507 4857 C.
1519 4802 1555 4856 D.
1567 4802 1581 4857 1
1592 4803 1654 4858 282.
1722 4803 1745 4856 a.
1761 4797 1805 4853 do

653 4887 784 4944 defridus.
