4342 6034
622 744 667 809 40
870 757 897 805 s.
914 756 1091 806 normann
1112 758 1157 803 ur
1179 756 1282 803 nunu
1303 754 1491 803 nrmronan
1512 752 1551 800 er

622 902 765 970 Oceanus
789 918 860 966 cum
882 898 1018 965 molibus
1109 902 1204 983 atque
1226 896 1304 963 diris
1325 895 1547 964 dodrantibus·

566 1033 596 1081 ss
621 1016 769 1105 pulsabat
790 1016 1017 1103 promontoria,
1108 1012 1301 1097 suffragante
1322 1012 1464 1079 uictoria.

622 1133 675 1202 Sic
697 1131 896 1217 turgescebat
917 1130 1057 1198 tnreibus
1147 1134 1262 1216 pontus
1284 1133 1452 1196 ventorum
1472 1127 1610 1212 flatibus,

620 1247 791 1333 infligendo
814 1245 1012 1313 flaminibusb
1103 1244 1276 1332 scopulosis
1297 1244 1503 1329 marginibus.

621 1364 703 1445 Quid
725 1363 829 1429 dicam
851 1362 890 1428 de
913 1362 1093 1445 ingentibus
1182 1360 1357 1426 Altitbroni
1379 1360 1537 1447 operibus,

622 1500 702 1567 quae
724 1478 829 1545 nullus
852 1478 961 1562 nequit
982 1496 1115 1545 numero
1205 1481 1380 1563 conputare
1401 1477 1436 1541 in
1458 1474 1588 1542 calculo.

566 1611 597 1659 eo
709 1594 761 1661 En
782 1592 891 1661 multa.
938 1592 974 1659 ln
996 1592 1149 1661 miraculo
1238 1611 1324 1658 nunc
1346 1597 1497 1678 apparet⁰
1520 1589 1688 1677 propatulo

606 1711 707 1779 'clara
729 1710 848 1777 Christi
870 1708 1038 1776 elementia
1126 1729 1185 1795 per
1208 1708 1287 1775 haec
1308 1707 1394 1773 tacta
1414 1706 1564 1789 recentia,

621 1848 692 1895 oum
715 1832 806 1911 grata
828 1824 988 1910 gallicinia
1077 1825 1167 1910 quasi
1191 1829 1304 1908 quarta
1325 1823 1437 1907 uigilia

621 1944 810 2011 suscitarent
832 1941 1017 2010 sonantibus
1108 1939 1335 2007 somniculosos
1357 1938 1512 2007 cantibus.

621 2060 717 2144 Turn,
740 2058 823 2125 binis
846 2062 966 2125 stantes
988 2054 1152 2140 elassibus,
1242 2055 1436 2123 celebramus
1458 2053 1661 2122 enubentibus

566 2192 597 2239 ee
621 2175 809 2242 matutinam
832 2173 1002 2239 melodiam
1092 2191 1129 2238 ac
1151 2173 1281 2258 synaxis
1303 2171 1524 2259 psalmodiam,

622 2312 661 2359 sn
684 2290 792 2357 statim
815 2288 918 2355 fudere
939 2286 1065 2354 flamine
1155 2288 1311 2355 nutabant
1332 2308 1353 2354 a
1373 2287 1568 2372 fundamine,

621 2407 710 2491 tigna
731 2411 799 2473 tota
821 2425 893 2471 curn
915 2402 1058 2469 trabibus
1148 2404 1350 2471 tremibunda
1370 2403 1551 2488 ingentibus

621 2521 822 2606 vacillabant,
845 2520 885 2587 ab
908 2518 1053 2586 omnibus
1143 2520 1215 2587 aule
1236 2520 1380 2607 pulsata*
1402 2520 1556 2607 partibus.

622 2638 681 2705 His
703 2638 800 2705 tantis
824 2635 1063 2723 tempestatibus
1154 2655 1192 2703 ac
1213 2642 1372 2703 terrorum
1392 2634 1571 2702 turbinibus

567 2770 598 2817 ro
621 2758 731 2821 nostra
752 2757 870 2840 pavent
891 2751 1057 2838 precordia
1146 2756 1194 2818 tot
1214 2757 1429 2819 monstrorum
1450 2750 1605 2837 prodigia,

622 2868 746 2955 quaudo
770 2868 940 2935 cernebant
961 2867 1083 2934 lumina
1172 2874 1327 2935 tectorum
1349 2867 1511 2953 laquearia

621 2984 794 3052 horrisonis
816 2983 994 3069 fragoribus
1085 2986 1209 3052 concuti
1232 2991 1265 3052 et
1286 2984 1478 3071 creporibus.
1947 3025 1948 3084 }

623 3101 704 3167 Tum
726 3100 855 3167 tandem
877 3120 972 3167 cursu
995 3106 1132 3185 caterva,
1222 3100 1383 3167 contracta
1404 3100 1549 3185 linquens
1571 3098 1692 3185 limina,
1947 3109 1948 3192 l

622 3220 749 3303 portum
771 3216 852 3302 petit
874 3215 1033 3298 basilidae,
1124 3214 1338 3302 propellente·
1359 3216 1515 3303 perninie3

567 3352 597 3401 re
622 3332 668 3398 sic
690 3330 851 3417 pelluntur
873 3331 1014 3417 pericula
1103 3352 1162 3418 per
1184 3333 1295 3398 matris
1318 3332 1518 3399 adminicula

622 3446 767 3531 Quidam,
791 3446 960 3513 discrimen
984 3446 1102 3513 dubiis'
1190 3448 1385 3516 devitantes⁸
1407 3469 1479 3515 cum
1502 3448 1634 3517 saltibus

622 3582 679 3651 per
701 3563 821 3630 devexa
843 3582 881 3630 ac
901 3562 1023 3629 lubrica
1048 3614 1049 3617 ,
1112 3550 1222 3631 clivosi
1242 3567 1327 3632 ruris
1347 3566 1460 3651 latera,

622 3680 804 3747 metuebant
825 3699 1017 3766 magnopere
1106 3699 1214 3747 casam
1236 3682 1422 3749 contritamh
1437 3701 1577 3769 cropore.

711 3794 809 3863 Porro
832 3816 904 3862 eum
926 3797 1037 3862 tetrae*
1061 3796 1209 3863 tenebrae
1298 3800 1505 3885 preterissent
1527 3804 1560 3866 et
1580 3798 1730 3883 latebrae,

567 3934 597 3981 so
621 3912 808 3980 fatiscentek
831 3911 996 3996 velamine,
1087 3916 1157 3978 orto
1179 3912 1309 3980 iubaris¹
1331 3914 1461 3999 lumine,

622 4030 721 4097 scissa
742 4048 817 4096 ceca
839 4027 973 4113 caligine
1063 4029 1155 4114 quasi
1177 4030 1288 4097 mortis
1310 4032 1459 4116 imagine,

621 4152 697 4212 tune
718 4145 852 4212 uidentm
875 4144 915 4211 ab
939 4144 1071 4212 eeclesia
1160 4146 1255 4230 tigilli
1276 4148 1348 4214 fusa
1368 4148 1534 4233 fragmina

620 4260 681 4346 En,
703 4262 843 4347 inquam,
866 4262 968 4327 noctis
991 4261 1121 4329 horrida
1209 4283 1293 4330 nunc
1315 4271 1471 4351 apparent
1491 4263 1680 4351 spectacula

620 4377 703 4444 Eece
726 4396 817 4445 casm
840 4378 1003 4444 cacumina
1092 4379 1248 4446 cadebant
1270 4380 1311 4446 ad
1331 4380 1526 4462 fundamina,

566 4512 596 4559 es
621 4503 701 4579 qua¹¹
725 4493 869 4561 solebant
891 4493 1083 4561 lautissime⁰
1174 4497 1256 4563 sumi
1279 4496 1385 4563 dulces
1408 4495 1548 4564 deliciae.

1897 4634 1906 4669 t

694 4722 714 4755 a
730 4711 771 4755 sic.
833 4708 855 4755 b.
872 4706 1001 4755 flaminibus
1015 4710 1041 4755 V.
1104 4723 1124 4756 c.
1140 4713 1251 4771 apparent
1265 4711 1292 4757 V.
1355 4710 1378 4757 d.
1393 4710 1491 4770 pulsatis
1504 4710 1532 4757 V.
1594 4724 1614 4755 e.
1629 4710 1753 4769 populante
1763 4712 1791 4759 7.
1886 4683 1892 4692 ι

620 4786 636 4834 i.
653 4788 742 4835 duobus
756 4790 784 4837 V.
847 4801 868 4845 g.
885 4788 1006 4835 diritanter
1022 4791 1048 4835 V.
1112 4790 1135 4837 b
1151 4791 1313 4838 contritumV.
1375 4792 1391 4837 i.
1406 4793 1466 4837 tetro
1485 4792 1513 4839 V.
1576 4788 1790 4838 kiatescenteal'.

620 4868 636 4915 l.
656 4870 740 4915 iuvaris
759 4870 786 4917 V.
849 4882 878 4915 m.
900 4868 979 4915 videns
998 4871 1025 4917 V.
1088 4885 1111 4918 n
1132 4885 1175 4931 quo
1194 4872 1221 4919 V.
1285 4885 1306 4917 o.
1326 4870 1466 4917 lautissimae
1485 4872 1512 4917 V.
