4342 6034
643 753 709 819 626
846 771 927 819 vura
950 770 1106 817 neroum
1128 770 1389 819 ARcflmPlsooPt
1409 769 1608 819 mocunuurru

555 919 625 974 1158
643 932 704 996 que
725 911 767 977 ad
787 911 994 995 regressionis
1016 932 1077 977 sue·
1096 913 1288 997 presentiam
1312 910 1350 978 ab
1374 912 1575 997 expeditione
1598 910 1714 977 distulit
1732 931 1809 996 pro-

643 1027 844 1112 sequendam.

731 1143 792 1209 Die
820 1150 927 1209 autem
954 1143 1143 1227 egressionis
1173 1162 1245 1226 sue,
1275 1142 1434 1209 accersitis
1461 1142 1649 1209 necessariis
1670 1141 1811 1209 fidelibus

643 1258 725 1341 suis,
751 1262 789 1323 ut
816 1258 924 1325 domui
946 1280 1002 1324 sue
1024 1256 1269 1345 proficiscendus
1292 1258 1488 1345 disponeret,
1519 1259 1603 1324 inter
1625 1278 1730 1324 omncs
1753 1277 1813 1322 no-

642 1374 788 1439 minatim
811 1380 843 1439 et
872 1374 1053 1460 specialiter
1077 1374 1159 1441 filios
1181 1372 1335 1457 Mengoti,
1365 1374 1453 1439 cuius
1483 1394 1580 1459 supra
1602 1375 1814 1455 meminimus,

643 1496 676 1555 ct
696 1491 894 1575 prepositum
908 1490 1104 1556 Burcardum
1128 1491 1184 1557 de·
1198 1490 1379 1571 Iecbeburg,
1403 1509 1512 1554 eorum
1535 1488 1733 1571 avunculum,
1756 1489 1816 1554 sd-

642 1612 785 1686 voearat3
812 1612 976 1691 tamquam
997 1626 1067 1691 eos,
1097 1606 1209 1691 quibus
1232 1605 1357 1671 omnial
1379 1604 1506 1672 fidebat.
1544 1605 1689 1691 Namque
1712 1605 1817 1671 eidem

641 1720 802 1787 Burcardo
825 1722 1002 1806 quandam⁸
1023 1722 1253 1789 nobilissimam
1276 1722 1460 1804 Maguntine
1481 1720 1614 1787 wecclesie
1637 1723 1818 1807 prepositu-

642 1858 728 1921 ram,
757 1837 866 1903 Sancti
887 1837 976 1903 Petri
1003 1838 1149 1903 videlicet
1181 1857 1241 1923 que
1269 1838 1363 1903 tertie
1390 1838 1476 1903 vocis
1506 1837 1625 1903 honore
1646 1836 1818 1923 prefulget,
1921 1882 1922 1933 ι

643 1953 770 2019 eteius
799 1952 873 2019 fidei
903 1953 1094 2037 contulerat,
1124 1959 1157 2019 et
1183 1954 1222 2018 de
1251 1952 1387 2019 scabello
1416 1954 1531 2039 pedum
1556 1973 1686 2019 suorum
1708 1954 1819 2039 ipsum

643 2068 704 2135 sibi
732 2069 940 2135 auricularem
967 2068 1242 2153 collateralemque
1265 2073 1297 2134 et
1318 2068 1490 2151 gloriosum
1512 2068 1699 2154 perfecerat
1733 2066 1820 2133 Huic
1921 2112 1922 2163 ,

642 2184 741 2267 igitur
769 2186 867 2250 vicem
898 2186 1049 2251 suumin
1077 2184 1294 2271 spiritualibus
1323 2186 1426 2249 causis
1454 2190 1487 2250 et
1512 2184 1654 2251 iustitia‘¹
1677 2184 1821 2250 bannis

642 2299 771 2365 flumine
798 2299 908 2365 Werre
935 2301 969 2365 in
998 2306 1097 2367 totam
1125 2320 1224 2385 usque
1253 2300 1477 2384 Franconiam,
1511 2300 1627 2366 deinde
1654 2300 1820 2365 civitatem

642 2414 857 2498 blaguutinam
887 2416 948 2480 sibi
978 2416 1106 2500 suisque
1134 2415 1320 2501 nepotibus,
1349 2416 1423 2481 filiis
1452 2414 1609 2499 Mengoti,
1643 2416 1726 2481 bona
1753 2414 1822 2480 fide
1921 2450 1922 2473 ι

641 2552 741 2616 usqne
765 2531 820 2595 ed·
843 2531 981 2597 reditum
1003 2551 1094 2597 suum
1119 2532 1285 2597 commisit.
1320 2532 1364 2597 Et
1386 2530 1472 2598 eum‘
1494 2538 1657 2617 tamquam
1680 2531 1822 2597 alterum

643 2666 677 2712 se
699 2646 805 2731 ipsum
828 2666 924 2733 super
945 2648 1080 2730 iustitiis
1103 2648 1168 2713 suis
1192 2648 1395 2733 disponendis
1416 2647 1560 2733 reliquit3
1585 2650 1636 2713 cui
1659 2648 1823 2713 omnimo·
1921 2652 1922 2681 ³

641 2761 715 2827 dam
737 2761 922 2829 fidelitatem
944 2769 1106 2848 tamquam
1129 2764 1256 2829 domino
1280 2784 1336 2830 suo
1358 2766 1512 2830 iurarunt

730 2878 831 2961 Igitur
851 2879 1071 2963 Magantinus,
1096 2881 1153 2946 sub
1177 2881 1390 2967 predictorum
1413 2878 1475 2945 fide
1498 2880 1590 2945 domo
1613 2879 1741 2945 civitate
1765 2900 1824 2945 re-

641 3013 774 3078 rumque
801 3015 929 3061 suarum
957 3016 1035 3061 cura
1060 2996 1188 3079 relicta,
1218 2998 1253 3061 in
1281 2996 1477 3064 nobilissimo
1500 2996 1690 3080 robustoque
1712 2994 1823 3061 milite

643 3114 773 3175 cenwno
796 3116 829 3176 et
850 3112 1067 3195 quadrageno,
1092 3132 1150 3177 ave
1173 3112 1279 3178 dicens
1302 3112 1469 3196 fratribus,
1493 3113 1580 3196 regio
1604 3116 1761 3197 apparatu
1789 3118 1824 3178 et

642 3226 676 3291 iu
698 3226 1006 3308 religiosissimorum
1027 3228 1163 3293 fratrum
1185 3228 1372 3313 frequentia,
1396 3234 1432 3294 ut
1454 3249 1514 3313 que
1536 3232 1611 3293 suut
1631 3228 1748 3293 cesama
1763 3248 1823 3293 ce-

586 3371 623 3401 un.
643 3342 709 3406 sari
740 3342 853 3408 reddat
886 3348 919 3408 et
952 3364 1013 3428 que
1048 3350 1123 3409 sunt
1148 3344 1209 3409 Dei
1237 3343 1305 3410 Deo
1315 3340 1332 3426 ¹,
1368 3344 1492 3410 ltaliam
1523 3356 1632 3410 versus
1660 3343 1821 3428 procedit

642 3455 782 3541 Eratque
804 3459 960 3524 exercitus
983 3459 1051 3525 eius
1073 3464 1236 3544 tamquam
1260 3462 1416 3526 exercitus
1438 3462 1532 3544 regis,
1557 3480 1635 3545 quos
1656 3460 1726 3544 ipse
1741 3478 1824 3545 pro-

642 3573 721 3658 priis
750 3573 885 3640 ducebat
911 3576 1075 3660 expensis3
1104 3596 1144 3641 ne
1166 3576 1278 3661 rapine
1301 3576 1435 3660 malum,
1465 3576 1605 3662 qualibet
1625 3574 1824 3641 necessitate
1921 3576 1922 3657 ᾖ

643 3690 753 3772 coacti,
775 3690 982 3756 incurrerent.
1017 3690 1183 3775 Dabatque
1207 3692 1239 3755 in
1263 3692 1349 3757 omni
1372 3690 1560 3759 sufficientia
1581 3692 1723 3777 singulis.
1753 3690 1822 3770 Qui

643 3824 752 3871 omnes
774 3812 865 3871 erant
887 3813 1078 3892 pugnatores
1099 3807 1312 3873 robustissimi
1331 3808 1365 3872 in
1380 3807 1482 3894 clipeo
1498 3814 1530 3875 et
1544 3808 1645 3893 hesta,
1667 3810 1700 3875 in
1714 3808 1824 3875 lorica

644 3926 677 3986 ct
697 3920 813 4004 gladic,
837 3921 987 4007 pharetra
1009 3928 1041 3988 et
1061 3942 1147 4006 arcu,
1171 3922 1269 3988 fundu
1284 3930 1316 3989 et
1330 3922 1453 4009 lapide3
1477 3924 1688 4009 gerebautque
1703 3942 1821 3991 omnes
1921 3978 1922 4013 ,

642 4036 908 4103 ferventissimam
930 4044 963 4105 ct
990 4038 1114 4103 virilem
1143 4043 1273 4122 etatem,
1302 4058 1411 4105 omnes
1438 4038 1540 4105 inoliti
1562 4040 1723 4107 iuventute
1745 4060 1819 4106 sua„
1921 4046 1922 4121 l

643 4150 843 4237 Dederatque
876 4154 1011 4220 domnus
1038 4154 1242 4239 Maguntiuus
1277 4154 1421 4221 omnibus
1449 4156 1483 4221 in
1511 4156 1687 4239 mandatis,
1717 4157 1818 4241 quod,
1921 4142 1922 4163 ἦ

644 4268 727 4335 sicut
747 4268 916 4353 diligerent
938 4290 1090 4355 personas
1113 4280 1204 4336 suas⁸
1227 4275 1259 4336 et
1279 4290 1348 4353 res,
1377 4292 1396 4335 a
1418 4291 1595 4357 pauperum
1617 4292 1651 4338 sc
1673 4272 1818 4337 contine-
1921 4218 1922 4311 l

643 4390 715 4450 rent
736 4386 874 4471 rapinis3
898 4404 959 4451 non
983 4385 1077 4469 furta,
1101 4406 1164 4451 non
1187 4386 1284 4469 rixas,
1308 4406 1372 4453 non
1387 4386 1626 4473 expoliationes,
1649 4386 1818 4472 nullusque

642 4501 727 4566 inter
748 4520 783 4567 se
805 4506 1031 4587 attemptarent
1052 4502 1236 4568 discordias.

715 4657 736 4690 a
758 4643 787 4689 da
801 4667 826 4675 -
839 4643 974 4690 armculum
990 4662 1032 4691 om.
1049 4646 1072 4690 2.
1165 4644 1187 4691 b.
1208 4644 1313 4691 omnibus
1329 4646 1350 4691 2.
1445 4658 1465 4691 c.
1486 4644 1598 4705 quandam
1615 4648 1641 4701 1,
1662 4644 1772 4705 quondam
1789 4647 1816 4691 2.
1921 4654 1922 4701 ξ

643 4722 666 4768 d.
686 4724 777 4770 iusticie
794 4724 815 4769 1.
922 4738 941 4770 a
962 4736 1034 4783 usque
1054 4724 1115 4770 bona
1134 4722 1180 4770 fide
1202 4724 1231 4770 ed
1248 4726 1273 4780 l,
1291 4727 1313 4770 2.
1417 4724 1432 4769 l.
1454 4738 1505 4771 eum
1526 4728 1610 4785 scrupea·
1625 4743 1667 4785 pro
1687 4736 1724 4771 eor
1742 4726 1770 4780 1,
1788 4726 1814 4771 2

503 4846 507 4853 .
642 4815 738 4861 grues
754 4802 846 4849 addidi.

715 4900 739 4953 1.
763 4898 858 4952 naen.
872 4900 914 4966 aa,
928 4901 971 4953 nr.
