4342 6034
641 834 830 883 rnunonrus
851 837 898 883 on
920 836 947 883 s.
964 836 1095 883 snvnso
1385 818 1451 885 tre

302 976 402 1058 aditm,
424 976 552 1063 proprio
576 985 646 1045 eas·
669 976 806 1059 signavit
828 976 941 1060 sigillo.
1025 976 1117 1043 llane
1133 980 1238 1043 autem
1253 976 1347 1063 laeto,
1370 976 1451 1043 Hilti
1469 986 1521 1041 836

301 1097 327 1157 et
345 1091 494 1177 praedicti
515 1092 645 1159 comites
669 1092 709 1158 ad
730 1092 925 1159 mansionem
948 1092 1071 1177 Otgan'i
1094 1097 1320 1176 convenerunt,
1349 1093 1452 1177 quati·

299 1227 349 1272 nus
369 1207 501 1273 inrisam
524 1208 712 1291 conterrent,
736 1208 870 1293 qualiter
891 1208 1080 1291 legationem
1103 1208 1165 1275 sibi
1187 1208 1360 1275 iniunctam
1379 1228 1452 1275 oon-

298 1322 420 1388 oorditer
446 1334 643 1409 peragerent
678 1322 819 1409 Cumque
846 1323 1031 1389 introissent
1052 1323 1225 1407 eellnlam⁵‚
1248 1324 1303 1391 nbi
1325 1328 1452 1391 sanotae

297 1438 326 1501 in
345 1438 482 1503 seriniis·
505 1437 711 1505 servabantur
731 1439 893 1523 reliquiae,
917 1438 1027 1505 horror
1050 1444 1082 1505 et
1104 1440 1199 1507 timor
1220 1439 1337 1505 nimius
1360 1438 1454 1507 irruit

297 1572 381 1639 snper
403 1572 465 1637 eos,
487 1555 535 1619 ita
556 1559 593 1619 ut
613 1561 749 1621 tremore
773 1554 884 1639 agitati
905 1554 959 1619 vin
980 1554 1164 1621 residerent.
1200 1554 1283 1633 Quos
1304 1554 1452 1639 Otgarius

296 1667 437 1753 pallentes
466 1674 499 1735 et
525 1670 720 1757 trepidantes
749 1670 859 1737 videns
886 1670 1108 1753 interrogauit,
1138 1690 1218 1755 quae
1247 1690 1342 1737 eausa
1370 1675 1454 1737 esset

296 1785 368 1849 tanti
387 1784 519 1851 timoris.
553 1786 599 1851 At
618 1786 681 1851 illi:
704 1786 857 1853 Forsitan
878 1785 1026 1870 inquiunt
1047 1790 1082 1851 ie
1105 1787 1164 1853 tae
1186 1787 1340 1873 laqueone
1354 1786 1454 1869 finem

294 1899 377 1965 Ιιιιίιω
397 1904 481 1967 vitoe
502 1924 608 1967 sames
630 1902 784 1979 dotatum
806 1925 882 1967 nam
902 1924 959 1967 nee
981 1915 1091 1967 eontra
1113 1903 1212 1969 hostes
1235 1904 1270 1967 s'o
1293 1902 1371 1969 dello
1394 1924 1453 1988 po·

294 2019 361 2081 sitos
381 2017 455 2082 telis
476 2029 641 2103 tantasque
663 2020 756 2083 timor
777 2040 835 2083 eoa
856 2040 1007 2105 umquam
1021 2021 1147 2083 invasit.
1219 2016 1328 2084 Nolite
1350 2016 1455 2101 inquit

295 2128 432 2213 degerim
460 2136 583 2209 timer03
613 2133 719 2197 nullos
746 2136 830 2198 enim
856 2136 892 2197 in
922 2134 979 2199 doe
1005 2137 1133 2215 itinere,
1165 2133 1236 2199 Deo
1263 2156 1321 2199 nos
1348 2146 1453 2221 prote-

293 2260 383 2331 pene,
402 2251 562 2334 potiemur
584 2251 756 2333 aspersas.
791 2247 858 2315 Sed
878 2252 909 2313 si
928 2249 1023 2315 valeas
1036 2262 1200 2337 protester
1221 2252 1373 2337 ovomere,
1398 2270 1454 2334 epo

296 2364 390 2427 ddum
409 2364 497 2429 sodes
519 2386 648 2429 oausam
671 2365 763 2429 leuius
785 2367 916 2429 umores.
952 2365 1109 2431 Hesterna
1132 2368 1250 2453 quippe
1272 2367 1324 2429 die
1338 2364 1456 2429 adlatae

295 2491 359 2541 sont
384 2479 463 2545 milei
489 2492 668 2545 eanmmom
695 2480 867 2566 reliquiae,
899 2502 978 2567 quoa
1003 2503 1100 2567 penes
1129 2504 1178 2547 me
1208 2484 1243 2547 io
1265 2483 1334 2545 iotis
1357 2480 1454 2547 dobeo

294 2596 427 2671 sortiririsr
457 2595 570 2681 quibua
593 2598 744 2681 quonium
766 2596 826 2661 dae
847 2598 1055 2681 inpredientes
1079 2598 1271 2683 eondipnum
1292 2618 1357 2661 oon
1376 2618 1454 2682 pre·

295 2708 392 2773 dudm
415 2710 578 2791 honorem,
606 2714 717 2775 memte
740 2713 896 2777 insideat&
918 2714 954 2775 in
976 2715 1128 2777 timorerm
1165 2711 1210 2777 At
1234 2710 1281 2775 illi
1301 2710 1380 2777 haee
1400 2730 1455 2775 au-

294 2821 405 2889 dientes
432 2844 536 2909 genua
563 2824 692 2891 lleotnnt
721 2829 768 2909 et,
796 2825 857 2891 sibi
886 2846 1040 2911 prospere
1068 2826 1194 2893 evenire
1224 2845 1281 2911 per
1304 2824 1455 2909 suffragia

295 2945 478 3025 sanctornm,
503 2940 712 3027 postulabant
803 2939 893 3018 Quod
917 2940 1089 3007 attactum
1113 2946 1169 3007 est.
1205 2940 1287 3007 Nam
1311 2941 1455 3025 sequenti

294 3054 336 3120 die
358 3056 595 3123 allluothariod
617 3054 786 3123 honorilice
809 3057 948 3142 suseepti
970 3062 1058 3137 sunt3
1082 3061 1115 3123 et
1136 3056 1293 3141 legatione
1315 3061 1454 3141 peraeta,

294 3172 349 3237 soti
364 3178 523 3258 compotes
536 3172 699 3239 rediemnt
713 3172 753 3239 ad
768 3171 1002 3258 imperatorem,
1018 3172 1072 3256 qui
1089 3172 1219 3238 miserat
1234 3191 1297 3239 eos.
1358 3170 1454 3239 Prae·

294 3285 384 3352 dietus
407 3294 512 3355 autem
534 3288 623 3355 Felix
647 3308 718 3355 eum
741 3288 835 3354 sociis
858 3289 953 3371 suis·‚
983 3287 1119 3373 aeoeptis
1149 3287 1188 3353 ab
1212 3286 1341 3371 Otgario
1366 3288 1454 3373 equis

294 3408 320 3466 et
335 3402 403 3469 aliis
417 3402 624 3487 muneribus¹‚
646 3404 730 3470 inter
745 3404 888 3470 homines
903 3402 989 3469 illins
1004 3402 1134 3469 latitans
1142 3412 1164 3487 ⁸,
1188 3402 1227 3469 de
1242 3402 1335 3469 Italia
1350 3422 1454 3486 egres·

294 3537 338 3584 sus
359 3520 426 3586 estl
448 3525 480 3586 et
501 3520 559 3585 sie¹
582 3519 733 3587 Italorum
755 3524 961 3607 praeparatas
985 3518 1156 3586 devitavitl
1179 3518 1322 3585 insidias.

374 3635 520 3720 Otgarius
549 3656 640 3718 vero,
673 3641 802 3721 peraeta
829 3634 1008 3719 legatione,
1038 3634 1077 3700 de
1106 3634 1222 3721 palatio
1252 3634 1454 3721 imperatoris

294 3746 514 3833 llogontiaenm
541 3752 685 3835 veniens,
715 3756 921 3817 sanctornm*
943 3750 1094 3835 reliquias
1118 3769 1189 3815 eum
1212 3770 1338 3817 summa
1361 3770 1454 3817 vene-

294 3866 403 3933 ratione
431 3866 550 3953 susoipi
577 3887 598 3932 a
625 3866 708 3933 clero
736 3870 769 3933 et
795 3866 913 3953 populo
935 3867 1108 3951 praecepit
1148 3864 1215 3943 Quo
1238 3866 1358 3949 faetor,
1383 3886 1455 3931 ossa

295 3983 384 4048 saneti
399 3980 507 4049 Severi
528 3982 620 4049 iuxta
641 3982 741 4049 altare
759 3983 861 4048 saneti
875 3980 993 4047 Albani
1008 3981 1041 4046 in
1058 3980 1160 4047 loonlo
1177 3982 1292 4067 posuit,
1317 3986 1349 4049 et
1364 4001 1455 4047 sano-

295 4098 338 4160 tae
353 4097 534 4165 Vinoentiae
557 4098 598 4164 ad
621 4097 792 4165 australem
814 4097 952 4183 plagam,
977 4103 1167 4181 sanctaeque
1190 4096 1390 4163 Innocentiae
1414 4098 1455 4163 ad

294 4213 558 4295 septentrionalem
580 4214 726 4301 plagamn
749 4213 886 4279 eiusdem
912 4212 1092 4295 aecclesiae,
1115 4218 1151 4279 ut
1173 4212 1206 4279 iu
1227 4213 1332 4298 priore
1348 4212 1453 4279 libello

295 4328 416 4409 praelati
437 4350 556 4413 sumus,
579 4329 829 4397 honestissimis⁰
851 4330 885 4394 in
907 4328 985 4395 loeis
1007 4328 1099 4395 iuxta
1121 4327 1246 4411 singula
1262 4328 1375 4393 altaria
1391 4328 1453 4395 ool-

295 4436 405 4529 loeavit,
420 4446 608 4512 constructis
623 4446 758 4531 desuper
772 4444 905 4528 leetnlis,
929 4465 1007 4530 quos
1022 4444 1151 4511 vestivit
1166 4464 1242 4511 auro
1258 4448 1290 4511 et
1305 4449 1451 4527 argentm

296 4555 366 4623 dent
384 4581 483 4647 usque
505 4561 566 4627 hue
588 4561 788 4629 sernentibus
811 4560 919 4645 liquet

357 4706 376 4738 ι
394 4708 421 4741 ss
435 4713 456 4743 e.
522 4693 546 4741 b.
567 4694 648 4741 osllsnr
662 4695 699 4741 ed.
765 4709 784 4741 a
804 4695 829 4740 in
844 4694 935 4740 seriniis
950 4710 994 4740 en.
1010 4712 1031 4739 c.
1094 4692 1117 4739 d.
1136 4691 1244 4739 Lothsrio
1260 4692 1296 4737 ed.
1360 4705 1381 4736 e.
1401 4704 1452 4737 enm

297 4770 354 4815 sociis
368 4775 414 4820 suls
429 4792 472 4821 em.
489 4792 509 4820 c.
586 4774 603 4820 t
623 4776 647 4821 et
662 4774 713 4821 aliia
729 4774 860 4821 muneribus
876 4791 919 4819 om.
936 4792 956 4819 c.
1035 4786 1056 4831 g.
1078 4772 1195 4817 latitantes
1212 4772 1247 4817 cd.
1320 4768 1343 4816 h.
1365 4770 1452 4829 egressi

298 4852 341 4893 rme
353 4854 386 4898 cd.
476 4854 493 4899 l.
513 4853 547 4901 aio
563 4870 606 4899 osu
621 4854 658 4899 ed.
750 4852 773 4899 ln
794 4854 952 4901 devitaverunt
967 4853 1003 4897 ed.
1097 4852 1113 4897 l.
1133 4854 1226 4910 peraeta
1241 4850 1354 4907 legatione
1371 4868 1414 4897 om.
1431 4868 1451 4897 c.

298 4936 321 4970 Ι
338 4935 459 4980 suetorum
473 4956 498 4965 -
510 4933 571 4979 laeto
587 4950 631 4979 oss.
646 4951 666 4979 e.
744 4947 767 4979 n.
787 4950 831 4979 oar.
847 4934 883 4979 ed.
962 4946 983 4977 o.
1003 4930 1173 4977 honestissimis
1188 4954 1212 4961 -
1226 4930 1306 4977 altaria
1321 4947 1365 4976 om.
1381 4948 1401 4977 c.

1176 5014 1238 5072 33¹!
