4342 6034
638 760 665 809 s.
682 760 859 809 normann
879 762 924 809 nr
945 762 1048 811 ocum
1069 760 1256 811 nrmronsn
1280 764 1292 809 1
1504 746 1549 813 29

377 922 522 970 normam
545 902 636 971 nobis
658 902 826 970 tradiderit
846 903 992 971 imitandi
1015 904 1138 970 dicensr
1162 905 1255 972 Scae
1277 926 1332 992 epo
1344 905 1418 991 saci
1429 906 1547 987 octog
1566 910 1708 967 ete—705

376 1022 423 1086 ito
446 1032 475 1087 et
496 1042 551 1086 eoa
564 1020 668 1105 somer
689 1020 763 1085 aliis
773 1014 790 1083 ¹.
834 1018 896 1085 Ast
918 1039 1003 1105 vero,
1026 1020 1054 1087 si
1077 1019 1210 1105 quilibet
1231 1020 1271 1087 de
1291 1021 1421 1105 nostris,
1443 1020 1478 1086 id
1500 1027 1550 1088 est

376 1133 556 1218 catholicis,
591 1134 632 1201 ad
659 1152 712 1202 eos
742 1134 906 1202 habitandi
933 1135 1036 1219 gratia
1063 1136 1278 1222 perrexerint,
1306 1155 1371 1203 non
1393 1137 1482 1223 prins
1507 1136 1548 1203 ad

375 1252 569 1317 consortium
592 1250 768 1317 sodalitatis
792 1270 867 1317 suae
889 1249 1064 1317 adsciscere
1087 1251 1267 1336 dignantur,
1291 1272 1387 1337 quam
1410 1252 1548 1337 quadra-

375 1366 465 1450 ginta
487 1366 610 1433 dierum
633 1364 738 1453 spatia
759 1366 794 1432 in
816 1366 985 1453 penitendo
1008 1386 1160 1454 peragere
1182 1366 1410 1454 conpellantur.
1448 1364 1492 1434 Et
1512 1367 1548 1435 in

375 1481 435 1548 hoc
456 1480 611 1549 hereticos
632 1482 801 1549 infeliciter
823 1482 998 1567 imitantur,
1022 1484 1076 1569 qui
1099 1504 1134 1550 se
1156 1483 1310 1567 catharos,
1334 1482 1368 1549 id
1391 1488 1441 1550 est
1455 1504 1548 1549 mun-

376 1596 450 1682 dos,
478 1598 655 1685 nuncupari
682 1596 857 1665 voluerunt.
904 1598 992 1680 Heu,
1021 1600 1080 1665 bes
1108 1598 1293 1685 protentis
1321 1598 1480 1665 erroribus
1503 1636 1546 1647 -

374 1714 480 1801 petius
503 1734 598 1800 quam
621 1736 710 1795 cecc,
734 1738 813 1781 eoos
836 1750 877 1761 -
900 1712 1076 1781 lacrimosis
1091 1714 1221 1783 vocibus
1236 1719 1269 1782 et
1282 1714 1458 1801 querulosis
1481 1715 1547 1781 sin·

373 1829 513 1914 gultibus
534 1829 711 1915 lugubriter
732 1828 990 1913 ingeminandum
1010 1848 1092 1897 reor.
1182 1828 1227 1897 nt
1245 1835 1348 1897 totum
1362 1829 1422 1896 hoc
1436 1834 1548 1897 contra

375 1944 530 2031 euangelii
563 1950 713 2033 precepta
745 1945 917 2013 secundum
951 1944 1174 2012 Phariseorum
1213 1946 1325 2014 inanes
1358 1945 1545 2013 traditiones

375 2082 466 2147 agere
477 2066 661 2146 noscuntur,
678 2060 803 2128 Christo
815 2061 968 2128 veraciter
983 2061 1211 2148 adstipulante:
1234 2062 1299 2129 Vae
1308 2062 1408 2145 eoba,
1423 2062 1546 2129 aestas

375 2192 403 2246 et
423 2180 611 2260 Pborr'saec',
637 2180 694 2265 qai
713 2178 889 2259 mamni,
914 2180 1000 2264 qaod
1012 2179 1103 2264 foreis
1127 2192 1172 2244 est
1194 2179 1303 2244 colmie
1326 2192 1356 2244 et
1371 2178 1545 2265 pbcrobsi·

375 2289 451 2361 αἰεὶ
498 2292 581 2360 Nam
604 2291 759 2359 Dominus
790 2312 862 2361 cum
889 2292 1066 2381 publicanis
1094 2297 1127 2361 ct
1152 2293 1370 2381 peccatoribus
1401 2293 1546 2360 convivia

374 2409 549 2477 celebrasse
571 2404 780 2492 discribitur⁸,
808 2414 845 2475 ut
873 2422 965 2476 venus
995 2409 1135 2476 medicus
1162 2408 1338 2497 purulentis
1368 2410 1546 2477 animarum

374 2526 556 2593 vulneribus
582 2524 707 2592 diuinae
734 2525 862 2611 pietatis
889 2524 1101 2593 medicamina
1127 2530 1160 2593 et
1186 2525 1330 2594 caelestis
1358 2524 1545 2593 clementiae

374 2642 569 2730 cataplasma
591 2646 791 2728 conponeret.
833 2641 953 2709 Idcirco
975 2647 1176 2728 peccatorum
1198 2642 1358 2709 consortia
1379 2641 1545 2709 Pharisae-

373 2778 442 2825 rum
457 2778 548 2824 more
561 2757 692 2823 minime
707 2756 856 2844 dispexit,
879 2758 934 2825 sed
948 2757 1054 2845 potins
1069 2756 1158 2823 illam
1171 2758 1390 2844 peccatricem,
1405 2756 1546 2844 pollutae

373 2874 457 2941 vitae
477 2872 606 2961 piacula
626 2872 802 2957 lugubriter
823 2872 988 2941 dedentem
1010 2877 1042 2939 et
1057 2872 1231 2939 dominicos
1245 2872 1342 2959 pedes
1356 2873 1436 2939 fusis
1451 2872 1545 2939 lacri-

373 3008 498 3057 marum
526 2988 680 3057 imbribus
708 2992 920 3055 umectantem
955 3008 991 3056 ac
1019 2988 1131 3055 solutis
1159 2992 1192 3055 st
1217 2987 1299 3055 laxis
1327 2988 1545 3055 cincinnorum

374 3106 513 3173 crinibus
547 3109 739 3190 tergentem,
779 3103 873 3171 solita
905 3104 1072 3172 clementia
1104 3104 1350 3171 misericorditer
1382 3102 1544 3172 refocilat*

374 3221 496 3290 dicens:
522 3223 734 3289 memoro
755 3222 807 3287 illi
826 3235 955 3308 peccota
976 3222 1086 3303 molta,
1112 3224 1190 3307 qaia
1210 3222 1322 3288 deboc
1342 3218 1500 3289 multura‘.

461 3336 549 3416 Quae
576 3348 665 3404 cum⁰
694 3336 740 3403 ita
768 3356 803 3403 se
829 3335 981 3420 habeant,
1016 3340 1147 3423 propter
1174 3354 1372 3403 communem
1400 3336 1544 3404 caelestis

373 3454 497 3541 patriae
519 3458 636 3520 sortem
659 3458 692 3520 et
714 3450 853 3537 angelice
876 3452 1072 3519 sodalitatisd
1095 3451 1261 3537 collegium
1284 3452 1427 3519 subnixis
1442 3453 1544 3540 preci·

373 3568 431 3637 bus
454 3574 488 3637 et
507 3567 598 3636 flexis
619 3568 793 3656 poplitibus
815 3572 954 3635 vestram
977 3568 1209 3635 fraternitatem
1225 3568 1407 3635 adiurantes
1422 3568 1544 3656 suppli·

373 3684 452 3752 citer
474 3682 697 3769 efflagitamus:
725 3688 762 3751 ut
783 3684 916 3751 ulterius
939 3684 1115 3751 doctrinam
1137 3688 1170 3751 et
1192 3684 1321 3752 decreta
1350 3684 1434 3751 beati
1456 3682 1544 3750 Petri

373 3800 551 3867 contumaci
573 3798 677 3867 cordis
699 3800 868 3888 supercilio
891 3805 923 3867 et
943 3806 1093 3887 protervo
1120 3806 1248 3887 pectore
1274 3820 1338 3866 non
1361 3799 1544 3867 abhomine-

373 3916 452 3983 mini
474 3921 508 3983 et
528 3916 730 3984 deditionem
753 3916 903 3984 ecclesiae
924 3906 1084 3982 Romanae
1111 3920 1243 4003 propter
1268 3916 1376 4003 prisca
1401 3916 1545 4002 priorum

374 4036 494 4100 statuta
515 4036 692 4099 vastrorum
714 4052 930 4119 nequaquam,
958 4032 1126 4118 tyrannica
1146 4031 1221 4098 freti
1242 4030 1428 4118 pertinacia,
1452 4030 1544 4098 adro-

373 4150 485 4231 ganter
508 4148 729 4234 aspernemini.
764 4146 877 4215 Petrus
899 4168 1037 4234 namque
1051 4146 1113 4214 Dei
1134 4146 1235 4213 tilium
1256 4146 1351 4215 beata
1371 4166 1448 4215 voce
1469 4166 1544 4215 con·

372 4262 474 4329 isssns
497 4263 607 4331 audire
628 4264 758 4332 meruit:
786 4264 837 4332 Tu
859 4288 890 4331 cs
904 4266 1030 4347 Penas,
1055 4278 1084 4331 et
1105 4286 1202 4351 saper
1222 4266 1441 4352 dompetram
1454 4266 1543 4330 oedi-

367 4380 472 4462 ficabo
496 4380 677 4447 sarabaiam
698 4402 815 4463 mam,
846 4394 874 4447 et
898 4394 991 4468 porta
1017 4380 1141 4467 inferni
1165 4402 1231 4447 aas
1254 4381 1463 4468 prmcledsat
1483 4382 1543 4446 cd·

373 4516 480 4563 aaran
504 4518 590 4575 carra·
619 4510 648 4564 et
675 4496 735 4564 tibi
760 4498 842 4564 dado
871 4498 971 4563 clane
994 4500 1086 4585 repsi
1106 4496 1265 4564 coelestem
1285 4515 1387 4581 usque
1408 4496 1545 4563 solutam

443 4674 573 4721 arosV.
651 4672 868 4724 assuerant.
948 4674 1140 4722 acumem.
1217 4670 1434 4721 dscbditatisl'.

443 4774 535 4833 1.OE
557 4776 651 4834 Ichau.
670 4778 773 4848 13,15.
899 4779 925 4835 2.
949 4777 1044 4835 naen.
1063 4778 1108 4848 23,
1125 4778 1169 4833 ab.
1292 4778 1319 4832 3.
1341 4775 1437 4833 nean.
1455 4777 1481 4845 9,
1499 4777 1543 4831 11.

374 4864 586 4936 bionoldi.
