4342 6034
609 762 635 811 s.
652 762 829 813 sennenn
849 764 895 812 nn
916 764 1020 813 nnnnr
1041 765 1229 814 nrmnomn
1253 767 1283 814 ec
1465 752 1529 817 221

366 899 483 969 adiutor
506 902 540 970 et
560 908 720 991 protector
742 911 791 973 est
812 906 846 972 in
869 926 903 973 se
917 906 1134 990 credentibus,
1157 909 1228 995 ipse
1243 909 1327 976 enim
1343 908 1441 977 dixit:
1467 910 1534 993 Qui
1550 918 1634 1039 N'ffi

364 1020 456 1085 eredit
482 1020 520 1085 ιιι
548 1042 612 1103 cae,
640 1025 706 1089 aaa
734 1026 817 1089 vicet
845 1036 873 1089 et
900 1046 966 1089 noo
987 1020 1173 1103 monteacr¹3
1203 1029 1355 1112 quoniam
1383 1049 1439 1113 epo
1461 1048 1532 1093 eum
1602 1026 1609 1037 '

363 1138 411 1199 cic
435 1138 502 1201 oia
525 1150 555 1203 ct
574 1132 717 1204 ceratae&
751 1136 932 1205 Laudamus
956 1142 988 1205 et
1011 1140 1284 1227 superexaltamus
1307 1146 1453 1226 sanctum
1474 1162 1531 1209 no·

362 1270 430 1317 men
452 1252 532 1335 eins,
555 1251 632 1319 laeti
653 1254 836 1337 gaudentes,
860 1274 918 1341 per
940 1254 1054 1321 harum
1076 1255 1202 1339 gerulos
1227 1261 1259 1323 et
1275 1261 1402 1324 sanctae
1417 1258 1532 1325 framr-

361 1366 465 1433 nitatis
487 1373 563 1435 tuae
585 1368 700 1435 litteris
724 1368 839 1454 allatis,
862 1371 1066 1457 superstitem
1089 1372 1123 1437 in
1144 1371 1204 1438 hac
1217 1373 1285 1439 vita
1299 1374 1380 1440 etin
1394 1372 1532 1441 Domino

362 1486 390 1548 te
409 1482 527 1568 valere,
551 1490 790 1569 cognoscentem
814 1490 958 1572 petentes
981 1488 1161 1554 inmensam
1175 1487 1237 1554 Dei
1258 1490 1360 1555 nostri
1382 1478 1531 1555 divinita)

362 1604 435 1665 tem:
458 1606 496 1666 ut
519 1600 562 1667 ad
583 1602 830 1689 praedicandum
852 1602 952 1669 multo
968 1603 1106 1690 emplius
1121 1603 1278 1687 euangelii
1294 1610 1389 1689 atque
1405 1610 1533 1672 sanotae

361 1712 428 1781 fidei
454 1716 525 1783 eins
556 1724 789 1785 sacramentum
816 1718 984 1803 longevum
1006 1724 1038 1785 te
1062 1725 1244 1785 conservet·
1266 1740 1386 1804 suaque
1407 1727 1532 1808 proteo·

361 1830 440 1897 tione
474 1836 508 1899 te
544 1834 668 1901 muniat
704 1840 736 1901 et
770 1834 809 1901 ab
844 1834 1080 1901 adversantium
1113 1834 1238 1902 insidiis
1271 1835 1325 1922 pie
1352 1836 1532 1904 miserendo

361 1947 522 2015 mstodiat

443 2062 612 2149 Suggessit
639 2066 746 2151 itaque
773 2065 916 2133 fraterna
942 2066 1096 2133 sanctitas
1125 2071 1183 2133 tna
1209 2067 1244 2133 in
1277 2067 1343 2133 suis
1377 2068 1530 2156 apicibus,

361 2176 455 2265 quod⁸
472 2180 700 2268 praedecessor
722 2186 829 2249 noster
851 2181 963 2249 beatae
979 2182 1152 2249 memoriae
1167 2180 1349 2268 Gregorius,
1371 2183 1465 2250 huius
1480 2204 1530 2251 se-

361 2294 404 2361 dis
426 2296 603 2384 apostolice
624 2297 767 2385 praesul,
796 2298 872 2363 dum
900 2297 941 2364 ad
969 2298 1196 2385 predicandum
1218 2298 1351 2366 verbum
1374 2300 1531 2383 euangelii

360 2416 441 2479 tuam
464 2412 626 2480 misisset¹¹
647 2414 881 2481 fraternitatem
902 2414 937 2480 in
952 2412 1142 2481 Gemanica
1163 2414 1307 2500 partibus
1330 2420 1363 2481 et
1384 2414 1530 2499 gentibus

360 2526 418 2595 illis
438 2530 594 2616 paganis,
622 2530 718 2597 verbo
747 2528 985 2617 pollicitationis
1014 2550 1035 2595 a
1061 2534 1095 2597 te
1123 2549 1192 2597 esse
1220 2530 1379 2596 munitum
1404 2531 1467 2597 ita:
1495 2536 1532 2599 nt

360 2644 550 2713 orthodoxos
573 2646 736 2733 episcopos
758 2645 962 2733 presbiteros,
986 2645 1037 2713 vel
1059 2664 1200 2731 quosque
1221 2646 1386 2733 repperire
1407 2648 1531 2734 potuis·

360 2779 405 2826 ses
425 2762 460 2829 in
481 2761 583 2828 verbo
606 2762 834 2829 exhortationis
857 2762 1023 2849 perlectos,
1047 2761 1184 2848 amplius
1207 2760 1410 2829 confirmares
1433 2768 1467 2829 ιι
1485 2762 1531 2830 ιιι

360 2878 606 2945 communicares
629 2914 671 2925 -
696 2877 781 2964 quod
810 2882 841 2945 et
862 2878 981 2945 factum
1008 2882 1058 2944 est
1080 2900 1139 2959 —3
1162 2878 1192 2943 si
1220 2896 1299 2963 quos
1321 2898 1396 2944 vero
1419 2879 1531 2946 seduc·

360 2996 438 3061 tores
469 2995 637 3081 episcopos
661 2999 716 3061 aut
737 2993 1049 3081 pseudopresbiteros
1072 2992 1123 3061 vel
1146 3012 1286 3078 quosque
1310 3012 1330 3059 a
1349 3000 1436 3061 recto
1457 2994 1531 3062 lidei

361 3110 484 3177 tramite
509 3109 672 3177 deviantes
694 3110 907 3196 repperisses,
930 3110 1018 3177 nulla
1039 3110 1100 3177 tibi
1122 3128 1194 3176 cum
1216 3108 1262 3175 eis
1286 3114 1370 3176 esset
1391 3128 1532 3176 commu·

360 3226 416 3291 nio.
463 3226 558 3305 Quod
585 3230 632 3311 te,
660 3224 729 3293 Deo
759 3224 946 3310 solatiante,
974 3234 1074 3311 usque
1104 3224 1145 3292 ad
1171 3246 1323 3312 praesum
1346 3226 1531 3313 spiritaliter

361 3360 517 3427 cenasse,
546 3342 707 3409 confessus
735 3362 779 3408 es.
826 3340 885 3408 Vel
911 3341 939 3407 si
962 3341 1091 3407 omnino
1114 3346 1244 3428 propter
1265 3340 1475 3429 principalem
1498 3348 1532 3411 et

361 3456 530 3525 humanum
551 3458 693 3526 favorem
716 3458 819 3541 gentis
840 3456 1051 3541 Francorum,
1076 3457 1152 3523 dum
1175 3458 1217 3523 ad
1238 3478 1292 3524 eos
1315 3460 1530 3544 neemiam,

360 3572 564 3661 corporaliter
587 3572 757 3641 abstinerid
779 3592 843 3639 non
865 3572 1004 3658 valuisti,
1027 3578 1159 3657 cogente
1179 3574 1368 3641 necessitate
1383 3574 1530 3641 aecclesi-

362 3708 446 3757 arnm
468 3690 548 3773 Dei,
578 3696 611 3758 et
631 3695 738 3757 tamen
759 3688 795 3755 in
818 3708 926 3756 eorum
949 3689 1080 3757 consilio
1104 3694 1137 3756 et
1157 3709 1312 3756 consensu
1334 3691 1530 3757 communio-

361 3805 407 3872 nis
428 3806 538 3873 anima
559 3810 616 3872 tua
636 3826 701 3872 non
723 3810 773 3873 est
793 3806 1004 3891 coinquinata
1051 3804 1161 3890 Itaque
1182 3810 1314 3892 propter
1341 3805 1417 3889 hoe,
1447 3806 1531 3891 qnod

361 3939 429 3988 curn
450 3924 498 3989 eis
520 3926 724 3989 conversatus
747 3942 796 4007 es,
819 3942 884 3989 non
906 3920 1106 3988 consentiens
1127 3921 1289 4007 iniquitati
1311 3940 1431 4004 eornm,
1458 3921 1529 3987 nul-

362 4034 423 4104 lum
444 4038 507 4106 tibi
534 4043 583 4105 est
610 4038 834 4105 detrimentum
862 4056 968 4104 coram
990 4031 1085 4103 Deo³.
1133 4037 1178 4104 Τι
1213 4037 1297 4103 enim
1325 4037 1530 4123 praedicante

363 4152 388 4218 si
408 4154 602 4240 oboedirent,
626 4154 707 4221 salvi
729 4158 849 4236 essent3
873 4154 924 4221 sin
946 4158 1051 4220 autem
1073 4153 1125 4218 in·
1146 4152 1315 4237 iniquitate
1330 4172 1390 4218 sua
1403 4172 1529 4239 perma-

363 4276 485 4355 nerent,
517 4270 581 4358 ipsi
608 4270 773 4358 peribunt,
801 4276 837 4337 tu
866 4275 972 4337 autem
998 4270 1090 4336 iuxta
1115 4268 1290 4355 prophetae
1317 4267 1438 4335 dictum
1468 4268 1530 4335 sal-

364 4388 441 4453 vasti
463 4388 601 4455 animam
623 4392 711 4455 tuam
719 4382 739 4452 ⁴.

431 4544 452 4577 a.
472 4532 548 4577 ιιηιι
564 4534 590 4579 C.
652 4530 675 4576 b.
695 4528 811 4576 mlsslsaot
827 4532 861 4576 11.
924 4542 944 4577 ι.
964 4528 1101 4575 ιιιιιιιιιιι
1116 4531 1151 4575 ιιι.
1214 4525 1237 4573 d.
1257 4542 1315 4573 corr.
1330 4528 1353 4572 ιι
1369 4526 1483 4572 abstinere
1501 4530 1528 4573 C.

366 4622 383 4656 ι
402 4614 588 4745 mlaavploh·
603 4688 645 4757 11,
658 4687 701 4743 25.
714 4688 758 4743 26.
835 4686 861 4741 2.
884 4684 942 4741 Ich.
957 4686 998 4754 14,
1012 4686 1037 4739 6.
1115 4684 1141 4739 3.
1167 4681 1267 4754 ,Quod
1285 4680 1482 4752 praedecessor
1493 4711 1528 4721 —

366 4770 550 4831 detrimentum
574 4791 667 4832 coram
689 4773 763 4831 deo“
782 4779 848 4831 sunt
869 4774 898 4831 in
918 4773 1043 4831 Gratiani
1066 4770 1527 4840 deor.1>.110.11qu.3e.1oe.

367 4860 392 4917 4.
413 4862 507 4921 Enoch.
520 4864 564 4935 33,
577 4864 603 4921 5.
