4342 6034
670 708 737 773 664
873 726 954 773 mna
975 725 1131 773 raucum
1153 724 1414 773 anoumrrscom
1437 724 1634 773 uocuurnu

492 886 497 893 ·
572 874 643 929 1160
669 866 724 933 illo
747 886 782 933 se
803 872 913 953 posset
935 865 1135 949 abscondere,
1160 871 1285 933 erat-
1302 866 1458 951 quendam
1482 866 1676 949 ministrum,
1697 866 1748 932 cui
1766 865 1830 952 pln-

562 946 611 994 um
623 948 654 995 Ἃ
669 983 786 1049 nimum
807 982 998 1049 reuerendus
1021 982 1188 1067 episcopus
1210 980 1401 1065 confidebat,
1428 982 1549 1049 concite
1570 987 1645 1067 post
1666 982 1769 1067 ipsum
1789 982 1832 1047 di-

668 1099 762 1165 rexit
796 1096 841 1165 Et
862 1097 1066 1184 progrediens
1090 1116 1189 1182 usque
1212 1097 1253 1163 ad
1267 1098 1379 1164 ianuas
1394 1098 1590 1181 monasterii,
1613 1098 1654 1163 de
1668 1098 1763 1180 intus,
1783 1097 1832 1163 ubi

669 1214 798 1298 Petrus,
821 1214 876 1281 ubi
899 1212 955 1279 filii
978 1212 1133 1297 blengoti,
1156 1213 1211 1279 ubi
1233 1212 1281 1279 illi
1303 1218 1419 1297 essent,
1442 1214 1670 1280 sciscitabatur.
1705 1212 1833 1278 Etcum

669 1327 792 1394 nullum
824 1348 1012 1415 responsum
1045 1329 1215 1415 reciperet,
1250 1328 1351 1395 multa
1383 1348 1455 1395 eum
1483 1330 1705 1395 miseratione·
1732 1348 1834 1395 omncs

670 1442 884 1529 supplicabat,
914 1449 952 1511 ut
978 1445 1106 1511 domino
1135 1464 1192 1509 suo
1218 1445 1452 1511 misererentur.
1488 1444 1552 1511 Sed
1574 1465 1645 1511 cum
1668 1444 1716 1510 nil
1737 1444 1835 1510 verbis

668 1556 846 1645 proficeret,
867 1560 994 1626 intuens
1017 1559 1233 1626 obvolutiones
1247 1558 1446 1627 flammarum
1462 1565 1494 1626 et
1507 1558 1755 1635 monasteriumb
1769 1580 1835 1645 pas·

670 1674 732 1740 sim
761 1674 883 1742 calore⁰
905 1676 989 1759 iguis
1015 1674 1192 1761 tabescere,
1222 1678 1347 1749 cuidam
1371 1696 1410 1742 ex
1432 1676 1576 1743 hostibus
1599 1676 1765 1743 dexteram
1787 1676 1834 1741 da·

669 1789 733 1856 bat
768 1789 840 1877 Qui,
862 1812 935 1857 cum
958 1791 1029 1858 aliis
1051 1792 1291 1860 condomestieis
1314 1792 1379 1859 suis
1402 1812 1459 1878 per
1476 1792 1669 1879 captivitatis
1690 1791 1834 1858 addictio

669 1926 743 1973 nem
765 1912 927 1995 receptus,
957 1908 1056 1975 oblita
1076 1906 1154 1993 lide,
1184 1908 1225 1975 ad
1248 1908 1409 1975 dominum
1434 1928 1525 1976 sunm
1549 1907 1686 1995 amplius
1709 1927 1774 1973 non
1793 1914 1833 1973 est

669 2042 825 2088 reversus.

758 2137 821 2205 Sed
850 2157 923 2204 cum
950 2146 983 2206 et
1008 2139 1110 2205 huna*
1134 2160 1191 2225 per
1220 2139 1357 2224 aliquam
1384 2140 1494 2205 boram
1518 2140 1652 2206 domnus
1674 2139 1832 2225 episcopus

669 2252 822 2321 sollicitus
851 2255 1044 2340 operiretur,
1073 2260 1105 2321 ot
1133 2275 1290 2340 nusquam
1312 2260 1524 2341 compareret,
1553 2255 1710 2341 quendam
1732 2274 1832 2321 mona·

669 2370 780 2453 chum,
804 2369 968 2455 abbatem,
991 2371 1031 2437 ad
1053 2371 1139 2437 idem
1166 2391 1245 2457 opus
1268 2370 1460 2452 transmisit3
1490 2390 1700 2455 magnacum
1722 2372 1832 2455 gemitu

669 2485 792 2567 dicens3
819 2487 847 2553 0
855 2487 949 2569 fidae,
975 2488 1095 2569 ofidee,
1119 2487 1175 2553 abi
1190 2488 1241 2559 aa?
1306 2486 1414 2554 Abbes
1438 2492 1544 2553 autem
1566 2486 1702 2554 viriliter
1725 2492 1758 2554 et
1774 2488 1832 2553 sina

668 2605 756 2667 metu
778 2601 818 2667 ad
840 2601 913 2667 illos
935 2622 1156 2689 prorumpens,
1178 2602 1367 2686 legationem
1391 2603 1510 2669 domini
1532 2603 1582 2669 sui
1604 2624 1663 2689 pro
1677 2623 1771 2689 posse
1785 2624 1832 2669 eu·

669 2717 807 2784 contioni
829 2717 1017 2799 mandabat3
1042 2717 1204 2785 obtestans
1220 2724 1252 2784 et
1267 2718 1434 2785 coniurans
1448 2716 1530 2785 lilios
1545 2717 1687 2803 ldengoti
1701 2740 1832 2786 omnem·

669 2853 729 2918 que
750 2832 997 2917 multitudinem,
1019 2833 1102 2918 quod
1118 2854 1176 2919 pro
1192 2834 1372 2900 reverentia
1386 2834 1506 2901 domini
1520 2836 1621 2901 nostri
1635 2834 1707 2903 Iesu
1723 2834 1830 2901 Christi

669 2953 702 3015 et
723 2948 842 3014 bonore
863 2968 921 3014 sno
944 2954 977 3015 et
998 2949 1096 3016 totius
1120 2950 1258 3015 civitatis
1281 2950 1429 3017 domnum
1454 2950 1638 3037 episcopum
1654 2950 1772 3018 vedent
1788 2970 1830 3017 re»

670 3065 777 3151 cipere
799 3065 972 3151 captivum,
996 3070 1029 3131 et
1051 3084 1116 3133 nou
1139 3085 1210 3133 eum
1234 3064 1386 3149 occidere,
1409 3066 1464 3133 sed
1486 3072 1552 3133 tam
1575 3067 1631 3133 diu
1652 3068 1686 3133 in
1709 3066 1829 3154 captivi·

669 3186 738 3248 tate
759 3180 891 3264 babere,
922 3180 1023 3248 donec
1044 3182 1090 3248 eis
1112 3182 1309 3249 satisfaceret
1328 3182 1419 3249 iuxta
1440 3182 1634 3251 voluntatem
1656 3189 1690 3249 et
1710 3202 1828 3271 procop

668 3302 737 3363 tum
761 3316 879 3363 eorum
914 3295 977 3364 Sed
1000 3302 1033 3363 et
1047 3298 1118 3384 ipso
1135 3298 1193 3365 hec
1206 3298 1381 3383 loquente,
1405 3298 1614 3365 acclamantes
1630 3319 1752 3366 omnes:
1775 3300 1828 3365 luc

670 3426 715 3479 eet
741 3436 823 3479 anae
853 3436 891 3479 aa
912 3414 979 3479 illie
1001 3416 1226 3501 deceptoribus,
1249 3414 1411 3479 irruerunt
1429 3414 1464 3479 in
1487 3434 1575 3498 oum,
1602 3420 1636 3481 et
1658 3415 1757 3501 plagis
1777 3414 1827 3480 im·

667 3527 819 3615 petitum‘
845 3526 1030 3614 flagrisque,
1059 3549 1244 3596 mucronum
1271 3528 1544 3597 animaduersum⁸
1564 3530 1760 3613 verberibus,
1785 3548 1826 3595 ue·

669 3644 820 3710 mivivum
849 3645 1052 3731 proiecerunt
1079 3647 1184 3732 ipsum
1212 3646 1245 3711 in
1273 3644 1417 3712 vinculis.
1458 3645 1511 3713 Sic
1540 3666 1614 3731 ergo
1641 3666 1701 3713 nec
1725 3644 1825 3713 irum·

670 3759 803 3828 domnus
832 3760 1015 3847 episcopus,
1044 3761 1079 3827 in
1109 3760 1246 3827 exitialis
1275 3780 1375 3845 agone
1402 3762 1584 3829 certaminis
1606 3762 1742 3849 positus,
1769 3781 1824 3827 am-

669 3873 752 3961 plius
774 3874 864 3941 vidit

758 3989 859 4073 Igitur
880 4010 952 4057 cum
975 3998 1007 4059 ct
1028 3992 1112 4059 hunc
1130 3991 1323 4077 aliquamdiu
1338 4030 1382 4041 —
1397 3993 1569 4060 secundum
1585 3994 1668 4078 quod
1683 3994 1822 4061 inminens

576 4145 578 4149 -
669 4104 744 4171 loci¹
766 4107 913 4190 permisit
938 4107 1134 4192 incendium,
1163 4108 1272 4175 dolens
1301 4112 1333 4175 et
1353 4113 1474 4175 mestus
1495 4115 1532 4175 ut
1553 4108 1662 4195 bomo,
1690 4111 1740 4177 cui
1760 4108 1822 4175 vici·

669 4220 821 4287 nissimm
848 4222 966 4310 duplex
993 4225 1058 4290 iam
1086 4244 1168 4310 pene
1190 4224 1392 4291 incumbebat
1412 4224 1559 4291 interitus
1581 4260 1624 4273 —
1649 4228 1821 4313 expectaret

670 4338 835 4424 suspicans
857 4338 947 4405 illum
970 4338 1190 4424 aliquomodo
1213 4340 1419 4427 impeditum3
1449 4346 1573 4408 etcum
1596 4342 1764 4410 eructantis
1783 4342 1822 4405 in·

669 4454 911 4539 remeansque*
924 4455 1063 4523 incendii
1084 4456 1125 4522 ad
1146 4456 1249 4522 instar
1262 4455 1367 4524 Etbne
1387 4458 1503 4525 montis
1519 4458 1717 4526 vehementia
1730 4474 1821 4523 omnes

742 4600 764 4633 a.
784 4586 857 4634 multa
871 4589 1066 4636 commiseratione
1081 4591 1104 4637 2.
1170 4588 1193 4635 b.
1212 4590 1345 4637 monasterii
1361 4592 1382 4637 1.
1448 4604 1468 4637 ο.
1489 4590 1559 4638 odore
1574 4594 1597 4648 l,
1613 4593 1636 4637 2.
1699 4588 1821 4638 (bethma

670 4668 755 4727 scripsi
766 4682 809 4726 pro
825 4667 886 4715 bunc
901 4670 925 4715 et
941 4671 963 4726 1,
979 4670 1002 4715 2.
1068 4682 1089 4715 e.
1109 4669 1160 4729 ipsa
1173 4692 1197 4700 -
1210 4668 1307 4729 loquens
1323 4672 1345 4727 1,
1360 4670 1412 4731 ipso
1426 4692 1450 4701 -
1463 4670 1571 4731 loquente
1587 4672 1610 4717 2.
1676 4670 1692 4718 i.
1711 4668 1819 4730 impetitum

670 4748 755 4806 επὴηι·
765 4764 808 4806 pro
824 4747 938 4807 impositis
955 4750 977 4805 1,
993 4750 1016 4795 2.
1074 4762 1095 4808 g.
1118 4748 1288 4795 animadversus
1305 4750 1326 4795 1.
1381 4748 1404 4795 h.
1425 4750 1499 4810 ipsum
1516 4751 1539 4797 2.
1593 4751 1609 4797 i.
1629 4750 1675 4798 loci
1691 4753 1712 4797 1.
1760 4745 1818 4793 bia·

669 4826 834 4887 irlngenlisque
849 4828 872 4874 1.
