4342 6034
677 836 744 903 502
979 840 1027 899 ux
1051 849 1206 899 ornnem
1228 850 1308 897 vrrs
1330 850 1357 897 s.
1374 846 1550 897 normann

677 993 834 1080 inquiunt.
868 991 957 1059 Tunc
979 994 1145 1079 episcopus
1170 992 1215 1057 ait
1238 991 1278 1057 ad
1300 992 1488 1079 Aspertum:
1513 994 1623 1059 Maior
1644 1013 1733 1057 maus
1746 1004 1771 1058 te
1784 1014 1823 1058 oc·

678 1114 774 1179 cidot
808 1108 932 1176 Deinde
957 1109 997 1176 ad
1019 1101 1253 1175 Trutmundum
1276 1106 1372 1174 dixit:
1400 1109 1578 1196 Nunquam
1600 1131 1639 1175 aa
1659 1110 1766 1173 semine
1784 1120 1826 1173 tao

677 1229 786 1293 adeas
806 1223 915 1309 filiam
943 1226 992 1291 vet
1011 1226 1127 1311 filiam.
1163 1218 1254 1303 Quod
1283 1224 1403 1291 scilicet
1428 1223 1612 1308 utrumque,
1642 1228 1679 1289 ut
1699 1242 1718 1289 a
1738 1228 1829 1288 sancto

678 1342 825 1429 episcopo
858 1340 1056 1428 praedictum
1090 1346 1154 1423 est,
1189 1345 1319 1407 eventus
1346 1340 1394 1407 rei
1421 1335 1577 1425 probavit
1668 1332 1745 1405 Nam
1769 1342 1830 1425 post
1903 1430 1904 1437 ἵ

677 1457 837 1524 modicum
858 1456 1026 1543 temporis,
1055 1456 1192 1543 Asperto
1216 1456 1258 1522 ad
1280 1474 1421 1523 mensam
1443 1455 1588 1539 sedente,
1615 1460 1766 1522 venerunt
1787 1454 1831 1541 qui

678 1572 834 1657 dicebant,
857 1590 967 1639 ursum
989 1590 1140 1657 magnum
1164 1572 1340 1638 discurrere
1357 1589 1415 1658 per
1429 1587 1587 1659 campum.
1622 1572 1669 1637 At
1681 1568 1743 1654 ille,
1765 1588 1831 1654 equo

678 1688 822 1756 celeriter
850 1706 980 1755 ascenso
1008 1694 1041 1755 et
1067 1688 1221 1755 venabulo
1251 1692 1394 1775 arrepto,
1424 1688 1528 1775 coepit
1555 1706 1666 1753 ursum
1692 1686 1831 1774 persequi

677 1810 848 1890 numquam
870 1824 905 1871 se
926 1808 1155 1890 praepararent
1177 1806 1307 1871 comites
1330 1805 1388 1871 sui.
1423 1802 1545 1889 loquo
1566 1803 1682 1870 itinere
1701 1822 1776 1887 equo
1789 1801 1832 1867 de

675 1920 784 2007 lapsus
806 1924 953 2004 totusque
977 1940 1033 2005 per
1056 1919 1270 1987 membrorum
1292 1920 1494 2006 compagines
1516 1919 1696 1987 confractus
1718 1917 1830 1983 interiit

676 2035 757 2102 Cum
780 2042 885 2102 autem
909 2034 993 2103 servi
1016 2035 1084 2101 eina
1108 2036 1148 2101 ad
1171 2034 1260 2101 illum
1284 2040 1490 2122 properantes
1512 2035 1740 2122 pervenissent,
1761 2034 1832 2098 inve·

676 2155 792 2217 nerunt
819 2168 892 2217 eum
919 2152 983 2217 iam
1014 2154 1184 2217 mortuum.
1276 2150 1446 2217 Trutmunt
1468 2170 1542 2217 vero
1572 2150 1720 2234 audiens,
1748 2150 1831 2215 sancti

676 2266 738 2332 viri
766 2266 966 2352 prophetiam
995 2267 1029 2332 in
1056 2265 1157 2350 frama
1186 2288 1242 2334 suo
1270 2286 1338 2334 esse
1366 2266 1570 2353 completam,
1600 2266 1696 2333 nimis
1724 2266 1832 2350 expavit

677 2388 711 2449 et
731 2402 807 2447 mox
829 2382 961 2468 praedia
982 2383 1100 2449 iniuste
1123 2382 1229 2450 ablata
1252 2382 1291 2449 ad
1315 2376 1415 2449 altare
1437 2384 1539 2448 saneti
1553 2381 1686 2449 llartini
1703 2382 1830 2449 reddidit

764 2495 842 2563 Post
868 2498 946 2563 laec
975 2498 1073 2581 igitur
1096 2534 1138 2544 -
1162 2518 1232 2565 oum
1261 2504 1388 2565 sauctus
1410 2498 1537 2585 praesul
1559 2498 1740 2565 Boniiaoius
1761 2496 1831 2563 verti

677 2612 777 2678 divini
805 2613 942 2696 semina,
973 2634 1054 2697 quae
1081 2614 1166 2680 inira
1189 2613 1377 2681 Germaniae
1400 2612 1583 2699 Galliaeque
1610 2613 1747 2681 confinia
1764 2614 1831 2693 iecit

676 2729 709 2793 in
733 2726 880 2794 cordibus
902 2728 1099 2795 credentium
1121 2731 1185 2795 iam
1210 2730 1383 2817 pullulasse
1406 2735 1439 2796 et
1458 2730 1595 2796 froetnm
1617 2725 1722 2797 facere
1744 2748 1830 2797 cerne

677 2850 736 2928 ret,
760 2860 916 2928 necnon,
940 2845 1076 2911 uicinam
1100 2835 1161 2912 sibi
1184 2847 1325 2932 corporis
1348 2848 1398 2912 sui
1420 2846 1607 2913 solutionem
1629 2861 1831 2932 praenoscens,

677 2960 781 3026 sitiret
801 2960 888 3026 omni
902 2960 995 3026 modo
1012 2962 1137 3046 quando
1152 2962 1275 3029 veniret
1289 2969 1322 3029 et
1337 2967 1505 3049 appareret
1520 2966 1593 3028 ante
1607 2962 1721 3029 faciem
1736 2962 1790 3028 Dei
1800 2994 1829 3007 -

677 3076 819 3143 decrevit
840 3076 928 3143 adire
943 3076 1117 3144 Fresonum
1140 3077 1285 3164 populos,
1309 3074 1385 3143 olim
1408 3077 1533 3163 quidem
1557 3078 1624 3143 eiua
1647 3075 1831 3145 doctriuaad

677 3193 869 3260 chmstianae
896 3192 1058 3276 religionis
1087 3193 1245 3259 culturam
1273 3212 1456 3277 conversos,
1488 3193 1544 3259 sed
1571 3192 1701 3260 fallente
1729 3190 1832 3259 diabolo

676 3308 793 3375 iterum
819 3308 973 3393 quosdam
995 3325 1105 3375 eornm
1129 3304 1170 3375 ad
1191 3306 1361 3396 pristinum
1386 3306 1572 3392 gentilitatis
1595 3327 1737 3376 errorem
1757 3308 1832 3375 deve

676 3424 776 3506 lutos3
805 3429 842 3490 ut
870 3428 927 3491 aut
953 3444 1005 3491 eos
1028 3424 1097 3491 Deo
1124 3425 1331 3491 reconcilians
1358 3422 1404 3491 ibi
1429 3428 1628 3511 praesentem
1659 3426 1756 3493 vitam
1782 3428 1832 3490 un

677 3540 840 3606 finduosa
861 3558 939 3627 pace
961 3538 1077 3623 iuuet,
1103 3544 1167 3625 ant,
1191 3542 1219 3607 si
1242 3538 1300 3607 hoc
1315 3540 1384 3607 Deo
1406 3541 1508 3625 magis
1530 3539 1681 3629 placeret,
1704 3560 1761 3629 pro
1780 3539 1832 3605 eiua

678 3656 816 3739 nomine,
840 3674 1044 3741 quaecunque
1066 3654 1184 3723 ibidem
1201 3656 1334 3723 adversa
1348 3660 1381 3723 et
1395 3656 1588 3723 cruciamina
1603 3656 1732 3725 sibimet
1744 3675 1833 3724 ocem·

679 3778 801 3855 rerent‚
833 3790 933 3855 osque
956 3770 997 3837 ad
1019 3776 1154 3838 mortem
1178 3772 1356 3839 sustineret
1392 3772 1455 3839 Sed
1477 3773 1662 3859 priusquam
1684 3774 1764 3840 tanti
1783 3772 1833 3838 die

680 3888 821 3954 criminis
843 3886 905 3952 iter
928 3887 1148 3973 arriperet-
1171 3889 1283 3973 sciens,
1306 3908 1370 3955 non
1392 3890 1569 3973 convenire,
1592 3894 1638 3972 ut,
1661 3910 1720 3975 pro
1742 3886 1834 3955 alienia

680 4002 791 4069 ovibus
814 4002 991 4070 salvandis·
1005 4001 1164 4088 laborans,
1186 4004 1333 4091 proprias
1356 4005 1478 4091 sibique
1493 4006 1678 4072 commissas
1692 4024 1764 4072 oves
1777 4022 1833 4091 per·

680 4117 746 4185 irel
768 4120 1032 4205 permitteret-
1056 4124 1200 4187 sanctum
1223 4116 1366 4205 Lullum,
1390 4122 1444 4205 qni
1466 4118 1668 4188 fidelissimus
1690 4120 1831 4209 praedico·

681 4234 778 4301 tionis
801 4242 834 4302 et
855 4234 974 4303 laboris
997 4236 1047 4302 sui
1069 4254 1175 4301 comes
1199 4236 1305 4303 extitit
1326 4238 1477 4323 cuiusque
1499 4236 1689 4323 probitatem
1704 4236 1782 4304 omni
1795 4232 1830 4299 di·

681 4352 804 4437 gnitate
826 4352 1013 4436 condignam
1036 4351 1115 4418 satis
1139 4353 1282 4437 agnovit,
1306 4371 1376 4417 cum
1401 4372 1555 4420 consensu
1576 4354 1745 4420 venerandi
1764 4348 1830 4433 regit

681 4466 811 4554 Pippini
845 4486 904 4535 nec
931 4484 995 4534 non
1024 4467 1245 4555 episcoporum
1274 4472 1306 4533 et
1332 4468 1482 4535 abbatum
1510 4475 1603 4555 atque
1630 4469 1827 4535 canonicorum

683 4586 885 4670 omniumque
907 4599 1091 4671 procerum,
1119 4584 1159 4649 ad
1181 4602 1272 4650 suam
1295 4584 1444 4650 diocesim
1467 4584 1709 4671 pertinentium,
1734 4602 1785 4671 pro
1803 4594 1827 4643 se
1902 4644 1903 4681 ¹

684 4702 865 4789 episcopum
889 4692 984 4783 elegit
1006 4704 1038 4765 et
1060 4698 1227 4765 ordinavit
1262 4698 1355 4785 Nam,
1368 4699 1407 4767 ab
1430 4700 1603 4787 apostolico
1624 4698 1762 4788 praesule
1776 4696 1826 4761 iun

757 4970 778 5003 ⁸.
797 4956 904 5002 mdis
920 4974 940 5001 c.
1016 4954 1039 5002 b.
1059 4958 1135 5016 perire
1151 4972 1194 5002 on.
1206 4974 1226 5001 c.
