4342 6034
519 808 1224 859 wmuraannrvruas.sou1usunoa1³.v1
1387 794 1454 862 4⁵3

383 948 477 1033 Atque
498 946 654 1016 uniuersis
677 968 758 1035 quaa
779 948 995 1037 praediximus
1018 950 1172 1038 conpletis
1190 956 1224 1019 at
1237 972 1374 1039 superno
1389 954 1455 1021 eul-

314 1066 430 1148 traganta
455 1068 533 1131 nutu
560 1065 711 1151 peractis,
741 1065 782 1131 ad
804 1064 1016 1153 Thyringaam
1045 1068 1187 1154 prolecto
1214 1068 1373 1155 prolectas
1395 1076 1453 1137 est

310 1180 344 1247 Et
365 1180 492 1249 seniores
518 1180 622 1268 plebis
648 1180 819 1267 populique
846 1182 1006 1269 principes
1034 1181 1147 1251 allatus
1175 1188 1225 1250 ast
1246 1204 1376 1269 eosque,
1405 1206 1455 1253 ra·

310 1296 369 1362 licta
388 1297 576 1380 ignorantiae
598 1297 764 1380 caecitate,
795 1296 835 1362 ad
865 1302 1043 1385 acceptam·
1066 1298 1183 1365 dudum
1213 1298 1455 1369 christianitatis

309 1412 472 1495 pelagionem
493 1412 638 1481 iterando
659 1412 852 1499 prouocauit

378 1527 465 1613 Quia,
492 1526 685 1597 lacessante'
708 1548 838 1595 auorum
866 1548 976 1612 regum
1005 1528 1161 1614 dominio,
1189 1550 1306 1615 magna
1327 1531 1455 1617 quidem

308 1662 395 1710 aarum
419 1645 567 1711 comitum
594 1642 762 1711 multitudo
791 1643 849 1711 snb
866 1644 1082 1713 theotbaldi·
1105 1651 1137 1712 at
1158 1645 1303 1714 Hedones
1329 1648 1454 1733 pericu·

306 1756 357 1825 loeo
381 1760 532 1846 primatu,
561 1760 616 1847 qui
637 1758 769 1843 lugubre
792 1780 887 1847 super
910 1780 963 1827 aee
985 1761 1145 1847 tyrannici
1166 1762 1298 1829 ducatus
1321 1768 1353 1829 et
1375 1764 1455 1831 inla-

305 1880 371 1941 dam
395 1876 579 1943 vastationis
607 1876 712 1963 potius
741 1896 836 1960 quam
864 1874 1039 1943 deuotionis
1067 1876 1252 1945 obtinebant
1273 1878 1454 1965 imparium,

304 1989 342 2057 sal
360 1992 510 2078 corporali
531 2012 589 2080 par
611 2012 665 2059 aos
687 1996 860 2078 praeventa
881 1998 983 2059 morte
999 1991 1050 2058 ual
1064 1992 1173 2059 hostili
1188 1993 1345 2079 siquidem
1361 1995 1455 2061 aduc-

303 2104 370 2173 tona
391 2108 548 2195 captivata
570 2114 619 2176 ast
640 2108 674 2175 in
701 2112 887 2193 tantumque
916 2106 1049 2175 diuersis
1079 2108 1251 2175 constricta
1280 2109 1389 2194 mdm,
1418 2116 1456 2177 nt

303 2226 387 2289 catera
406 2245 485 2310 quaa
508 2223 657 2292 manebat
678 2222 805 2291 residua
826 2223 936 2310 populi
958 2223 1052 2291 turba
1070 2222 1233 2291 Saxonum
1255 2244 1290 2291 ae
1308 2226 1452 2293 subiace·

301 2338 353 2405 ratd
372 2340 577 2428 principatu·.
612 2338 778 2423 Quoniam,
801 2345 944 2407 cessante
966 2338 1191 2423 ralagiosorum
1214 2339 1330 2409 ducum
1352 2341 1454 2408 domi·

300 2458 373 2539 natu,
395 2456 531 2523 cassavit
552 2456 647 2523 etiam
670 2456 704 2522 in
727 2456 772 2523 ais
795 2454 1035 2523 christianitatis
1058 2460 1091 2521 et
1112 2454 1280 2540 relegionis
1302 2457 1453 2540 intentio;

300 2574 323 2633 at
340 2570 419 2656 falsi,
449 2570 635 2639 seducentes
658 2572 827 2659 populum,
855 2570 1028 2639 introducti
1059 2576 1135 2637 sunt
1156 2570 1286 2656 batres,
1316 2574 1371 2659 qui
1393 2574 1453 2641 sub

299 2686 404 2755 nomme
430 2688 601 2772 relegionis
630 2689 803 2755 maximam
831 2688 988 2755 hereticae
1019 2687 1187 2773 pravitatis
1209 2688 1455 2757 introduxerunt

298 2806 405 2871 saetam.
451 2803 503 2871 Ex
530 2804 642 2889 qmbns
665 2808 715 2871 ast
736 2802 950 2891 Torahtwina'
972 2808 1003 2870 at
1024 2800 1244 2887 Barebtbare⁸,
1273 2804 1454 2873 Eanbaroht

297 2916 483 3004 atHunraed,
507 2920 711 2987 fornicatores
735 2924 767 2986 et
789 2918 934 3002 adulteri,
959 2937 1037 3002 quos
1059 2918 1151 2985 iuxta
1172 2920 1351 3005 apostolum
1371 2922 1454 2987 iudi·

298 3032 497 3103 anabaust
543 3034 604 3114 Qui
631 3034 862 3103 ualidissimum
892 3034 1042 3101 adversm
1064 3033 1224 3101 homiuem
1249 3034 1311 3102 Dei
1333 3037 1453 3105 excita·

296 3151 406 3217 uaruruth
427 3150 623 3235 condictum
646 3152 713 3235 sed,
736 3152 819 3219 uaris
839 3150 1006 3218 uerborum
1022 3150 1273 3236 oppositionibus
1287 3152 1452 3237 multumt,

294 3261 403 3347 dignam
424 3268 718 3355 recompensationis
741 3267 845 3335 sortiti
868 3271 942 3333 sunt
964 3265 1164 3333 sentantiam.

365 3382 508 3470 &mque
529 3389 697 3451 renouatus
720 3404 777 3471 per
800 3382 951 3470 populum
974 3380 1049 3469 fidei
1071 3381 1240 3451 inluxisset
1262 3382 1396 3468 candor,
1420 3390 1453 3451 et

292 3494 365 3579 plebs
387 3500 426 3567 ab
449 3500 574 3585 ingenti
596 3500 712 3567 amoris
736 3500 856 3587 arepta‘
879 3497 945 3566 est*
967 3498 1097 3583 hquao,
1124 3498 1190 3565 iam
1213 3498 1354 3585 expulsis
1377 3520 1452 3586 pro-

290 3608 343 3679 lani
372 3615 474 3683 hostis
509 3616 619 3683 amicis
654 3620 686 3681 at
712 3615 835 3681 infestis
864 3612 974 3701 populi
1003 3613 1194 3700 supradictis
1222 3614 1450 3700 seductoribus,

290 3746 408 3798 massam
439 3732 569 3818 quidem
592 3730 724 3799 melmun
747 3750 820 3799 oum
842 3730 951 3817 paucis
976 3730 1146 3797 admodum
1168 3726 1379 3797 messoribus'
1400 3730 1451 3797 in·

287 3844 378 3913 coluit
424 3848 470 3916 Et
497 3868 646 3932 magnam
674 3847 821 3935 primitus
847 3846 1072 3913 mandibulas
1095 3848 1263 3933 penuriam
1284 3867 1322 3914 aa
1343 3847 1450 3932 troga-

286 3956 395 4031 litatam
417 3964 602 4049 sustanuit'‚
630 3964 815 4049 magnisque
837 3962 1077 4029 tribulationum
1100 3962 1255 4045 angustiis
1278 3968 1449 4049 oomtatus,

285 4078 361 4144 uerbi
384 4080 445 4147 Dei
476 4080 600 4148 semina
627 4079 823 4167 propagauit.
863 4077 926 4145 Sed
953 4098 1024 4145 cum
1052 4078 1247 4149 credentium
1270 4079 1450 4165 paulatim·

284 4192 460 4275 pollesceret
482 4193 667 4279 multitudo,
694 4195 948 4282 praedicaturam
970 4212 1095 4281 qnoque
1115 4194 1345 4280 multiplicatus
1367 4201 1452 4263 asset

284 4310 465 4398 catalogne·‚
495 4318 571 4380 tunc
600 4313 696 4379 etam
719 4310 888 4379 aecclesiae
911 4314 1041 4397 repente
1062 4312 1281 4377 instaurantur
1303 4316 1337 4376 at
1357 4332 1450 4397 prae·

283 4422 386 4495 dicatio
409 4430 480 4497 eius
504 4428 665 4497 doctrinae
687 4426 922 4495 multiformiter
945 4426 1114 4493 emanavit
1150 4423 1448 4511 Mouastariumqua,

346 4584 365 4616 a
385 4574 478 4632 captam
495 4576 516 4619 A
592 4571 615 4617 b.
637 4588 667 4617 aa
682 4567 789 4627 telmeso)
806 4570 926 4615 macuta?
947 4572 986 4623 cf.
1001 4571 1077 4624 infra.-
1096 4570 1213 4624 „maante
1228 4568 1390 4625 relagioaosum
1405 4568 1447 4614 dn-

283 4658 326 4693 uum
344 4650 486 4698 dominatu“.
584 4664 604 4697 a.
627 4648 770 4698 Tbeodbaldi
786 4652 814 4697 A.
914 4646 937 4695 d.
966 4646 1080 4694 subiceret
1094 4650 1125 4695 A.
1221 4662 1242 4693 a.
1265 4646 1402 4706 principatui
1417 4648 1447 4697 A.

283 4723 296 4769 l
314 4726 438 4777 Trehtuiua
449 4734 482 4787 A,
499 4730 632 4779 Tornbwina
640 4732 669 4779 B.
731 4742 753 4789 g.
774 4726 898 4775 Barbtbara
908 4730 939 4785 A,
955 4726 1107 4775 Beracbthara
1118 4729 1146 4775 B.
1208 4726 1232 4773 la
1252 4726 1406 4773 excitaverant
1416 4729 1446 4778 A.

283 4804 401 4867 i-truptua
417 4813 444 4857 F.
509 4810 532 4857 k.
553 4812 616 4857 assat
631 4812 658 4857 A.
736 4809 752 4855 1.
774 4808 883 4855 mutauit
898 4812 928 4855 A.
990 4820 1020 4852 m.
1041 4824 1083 4853 aaa
1099 4810 1129 4855 A.
1191 4820 1214 4853 u.
1235 4805 1339 4863 catalogis
1354 4808 1380 4851 F.

347 4904 370 4958 l.
394 4904 483 4961 liebr.
497 4906 539 4976 13,
551 4905 582 4959 4:
604 4908 653 4975 „et
670 4902 809 4961 adulteros
826 4900 959 4959 iudicabit
976 4900 1083 4959 Daua“.
1156 4901 1182 4957 2.
1201 4898 1243 4959 ot.
1257 4898 1353 4955 llattlu
1366 4900 1445 4975 9,37.
