<?xml version="1.0" encoding="UTF-8"?>
<!DOCTYPE html PUBLIC "-//W3C//DTD XHTML 1.0 Transitional//EN"
    "http://www.w3.org/TR/xhtml1/DTD/xhtml1-transitional.dtd">
<html xmlns="http://www.w3.org/1999/xhtml" xml:lang="en" lang="en">
 <head>
  <title>
</title>
<meta http-equiv="Content-Type" content="text/html;charset=utf-8" />
  <meta name='ocr-system' content='tesseract 3.04.00' />
  <meta name='ocr-capabilities' content='ocr_page ocr_carea ocr_par ocr_line ocrx_word'/>
</head>
<body>
  <div class='ocr_page' id='page_1' title='image "./monumentamogunt00lulgoog/monumentamogunt00lulgoog_0488.png"; bbox 0 0 4342 6034; ppageno 0'>
   <div class='ocr_carea' id='block_1_1' title="bbox 614 722 1849 3049">
    <p class='ocr_par' dir='ltr' id='par_1_1' title="bbox 691 722 1634 787">
     <span class='ocr_line' id='line_1_1' title="bbox 691 722 1634 787; baseline -0.006 0"><span class='ocrx_word' id='word_1_1' title='bbox 691 722 758 787; x_wconf 75' lang='lat'><strong>470</strong></span> <span class='ocrx_word' id='word_1_2' title='bbox 928 736 1135 785; x_wconf 78' lang='lat' dir='ltr'><strong>wunnmmnr</strong></span> <span class='ocrx_word' id='word_1_3' title='bbox 1158 738 1237 785; x_wconf 80' lang='lat' dir='ltr'><strong>vrrs</strong></span> <span class='ocrx_word' id='word_1_4' title='bbox 1260 736 1288 783; x_wconf 86' lang='lat' dir='ltr'><strong>s.</strong></span> <span class='ocrx_word' id='word_1_5' title='bbox 1304 735 1480 785; x_wconf 70' lang='lat' dir='ltr'><strong>normann</strong></span> <span class='ocrx_word' id='word_1_6' title='bbox 1503 735 1578 783; x_wconf 77' lang='lat' dir='ltr'><strong>cae.</strong></span> <span class='ocrx_word' id='word_1_7' title='bbox 1595 734 1634 781; x_wconf 80' lang='lat' dir='ltr'><strong>rx</strong></span> 
     </span>
    </p>

    <p class='ocr_par' dir='ltr' id='par_1_2' title="bbox 614 874 1849 3049">
     <span class='ocr_line' id='line_1_2' title="bbox 780 874 1842 961; baseline -0.003 -16"><span class='ocrx_word' id='word_1_8' title='bbox 780 878 852 945; x_wconf 84' lang='lat' dir='ltr'><strong>IX·.</strong></span> <span class='ocrx_word' id='word_1_9' title='bbox 886 877 1090 945; x_wconf 73' lang='lat' dir='ltr'><strong>Enumeratio</strong></span> <span class='ocrx_word' id='word_1_10' title='bbox 1112 878 1209 961; x_wconf 84' lang='lat' dir='ltr'><strong>igitur</strong></span> <span class='ocrx_word' id='word_1_11' title='bbox 1232 877 1317 945; x_wconf 88' lang='lat' dir='ltr'><strong>beati</strong></span> <span class='ocrx_word' id='word_1_12' title='bbox 1339 878 1399 943; x_wconf 84' lang='lat' dir='ltr'><strong>riri</strong></span> <span class='ocrx_word' id='word_1_13' title='bbox 1422 877 1531 961; x_wconf 80' lang='lat' dir='ltr'><strong>gestis,</strong></span> <span class='ocrx_word' id='word_1_14' title='bbox 1554 876 1669 960; x_wconf 86' lang='lat' dir='ltr'><strong>quibus</strong></span> <span class='ocrx_word' id='word_1_15' title='bbox 1684 876 1717 941; x_wconf 91' lang='lat' dir='ltr'><strong>in</strong></span> <span class='ocrx_word' id='word_1_16' title='bbox 1730 874 1842 943; x_wconf 79' lang='lat' dir='ltr'><strong>intentis</strong></span> 
     </span>
     <span class='ocr_line' id='line_1_3' title="bbox 692 992 1843 1082; baseline -0.003 -20"><span class='ocrx_word' id='word_1_17' title='bbox 692 1002 725 1062; x_wconf 89' lang='lat' dir='ltr'><strong>et</strong></span> <span class='ocrx_word' id='word_1_18' title='bbox 745 994 884 1082; x_wconf 88' lang='lat' dir='ltr'><strong>pueritia</strong></span> <span class='ocrx_word' id='word_1_19' title='bbox 904 994 956 1060; x_wconf 86' lang='lat' dir='ltr'><strong>vel</strong></span> <span class='ocrx_word' id='word_1_20' title='bbox 978 994 1191 1061; x_wconf 90' lang='lat' dir='ltr'><strong>adolescentia</strong></span> <span class='ocrx_word' id='word_1_21' title='bbox 1213 999 1245 1059; x_wconf 89' lang='lat' dir='ltr'><strong>et</strong></span> <span class='ocrx_word' id='word_1_22' title='bbox 1266 993 1429 1061; x_wconf 80' lang='lat' dir='ltr'><strong>iuventute</strong></span> <span class='ocrx_word' id='word_1_23' title='bbox 1453 998 1508 1059; x_wconf 88' lang='lat' dir='ltr'><strong>aut</strong></span> <span class='ocrx_word' id='word_1_24' title='bbox 1530 992 1628 1059; x_wconf 85' lang='lat' dir='ltr'><strong>etiam</strong></span> <span class='ocrx_word' id='word_1_25' title='bbox 1649 992 1684 1059; x_wconf 91' lang='lat' dir='ltr'><strong>in</strong></span> <span class='ocrx_word' id='word_1_26' title='bbox 1706 998 1843 1059; x_wconf 76' lang='lat' dir='ltr'><strong>senacula</strong></span> 
     </span>
     <span class='ocr_line' id='line_1_4' title="bbox 691 1107 1844 1195; baseline -0.003 -18"><span class='ocrx_word' id='word_1_27' title='bbox 691 1110 852 1194; x_wconf 86' lang='lat' dir='ltr'><strong>floruerat,</strong></span> <span class='ocrx_word' id='word_1_28' title='bbox 876 1110 917 1177; x_wconf 88' lang='lat' dir='ltr'><strong>ad</strong></span> <span class='ocrx_word' id='word_1_29' title='bbox 939 1129 987 1193; x_wconf 91' lang='lat' dir='ltr'><strong>ea,</strong></span> <span class='ocrx_word' id='word_1_30' title='bbox 1010 1128 1091 1195; x_wconf 86' lang='lat' dir='ltr'><strong>quae</strong></span> <span class='ocrx_word' id='word_1_31' title='bbox 1113 1114 1187 1195; x_wconf 90' lang='lat' dir='ltr'><strong>post</strong></span> <span class='ocrx_word' id='word_1_32' title='bbox 1209 1128 1369 1177; x_wconf 89' lang='lat' dir='ltr'><strong>emensam</strong></span> <span class='ocrx_word' id='word_1_33' title='bbox 1391 1108 1484 1175; x_wconf 89' lang='lat' dir='ltr'><strong>huius</strong></span> <span class='ocrx_word' id='word_1_34' title='bbox 1507 1107 1619 1175; x_wconf 89' lang='lat' dir='ltr'><strong>mundi</strong></span> <span class='ocrx_word' id='word_1_35' title='bbox 1640 1112 1756 1175; x_wconf 78' lang='lat' dir='ltr'><strong>metam</strong></span> <span class='ocrx_word' id='word_1_36' title='bbox 1769 1107 1844 1173; x_wconf 82' lang='lat' dir='ltr'><strong>etia·</strong></span> 
     </span>
     <span class='ocr_line' id='line_1_5' title="bbox 691 1222 1846 1294; baseline -0.005 0"><span class='ocrx_word' id='word_1_37' title='bbox 691 1227 785 1294; x_wconf 90' lang='lat' dir='ltr'><strong>licem</strong></span> <span class='ocrx_word' id='word_1_38' title='bbox 806 1227 892 1293; x_wconf 86' lang='lat' dir='ltr'><strong>vitae</strong></span> <span class='ocrx_word' id='word_1_39' title='bbox 914 1226 1007 1292; x_wconf 77' lang='lat' dir='ltr'><strong>istim</strong></span> <span class='ocrx_word' id='word_1_40' title='bbox 1029 1225 1195 1291; x_wconf 87' lang='lat' dir='ltr'><strong>decureum</strong></span> <span class='ocrx_word' id='word_1_41' title='bbox 1219 1224 1407 1291; x_wconf 86' lang='lat' dir='ltr'><strong>mirabiliter</strong></span> <span class='ocrx_word' id='word_1_42' title='bbox 1430 1223 1470 1291; x_wconf 87' lang='lat' dir='ltr'><strong>ad</strong></span> <span class='ocrx_word' id='word_1_43' title='bbox 1487 1222 1664 1291; x_wconf 64' lang='lat' dir='ltr'><strong>urendam*</strong></span> <span class='ocrx_word' id='word_1_44' title='bbox 1682 1222 1846 1289; x_wconf 71' lang='lat' dir='ltr'><strong>mortalibus</strong></span> 
     </span>
     <span class='ocr_line' id='line_1_6' title="bbox 693 1340 1846 1425; baseline -0.004 -15"><span class='ocrx_word' id='word_1_45' title='bbox 693 1343 779 1411; x_wconf 88' lang='lat' dir='ltr'><strong>beati</strong></span> <span class='ocrx_word' id='word_1_46' title='bbox 810 1342 872 1408; x_wconf 79' lang='lat' dir='ltr'><strong>oiri</strong></span> <span class='ocrx_word' id='word_1_47' title='bbox 900 1342 984 1407; x_wconf 84' lang='lat' dir='ltr'><strong>ritae</strong></span> <span class='ocrx_word' id='word_1_48' title='bbox 1012 1340 1212 1407; x_wconf 69' lang='lat' dir='ltr'><strong>sanctitatem</strong></span> <span class='ocrx_word' id='word_1_49' title='bbox 1241 1340 1379 1407; x_wconf 87' lang='lat' dir='ltr'><strong>Domino</strong></span> <span class='ocrx_word' id='word_1_50' title='bbox 1408 1344 1597 1425; x_wconf 74' lang='lat' dir='ltr'><strong>cooperante</strong></span> <span class='ocrx_word' id='word_1_51' title='bbox 1623 1344 1754 1425; x_wconf 88' lang='lat' dir='ltr'><strong>peracta</strong></span> <span class='ocrx_word' id='word_1_52' title='bbox 1777 1344 1846 1423; x_wconf 74' lang='lat' dir='ltr'><strong>sunt</strong></span> 
     </span>
     <span class='ocr_line' id='line_1_7' title="bbox 692 1454 1848 1542; baseline -0.004 -17"><span class='ocrx_word' id='word_1_53' title='bbox 692 1458 873 1542; x_wconf 74' lang='lat' dir='ltr'><strong>redeamus,</strong></span> <span class='ocrx_word' id='word_1_54' title='bbox 905 1464 939 1523; x_wconf 91' lang='lat' dir='ltr'><strong>et</strong></span> <span class='ocrx_word' id='word_1_55' title='bbox 966 1456 1170 1523; x_wconf 74' lang='lat' dir='ltr'><strong>memorabile</strong></span> <span class='ocrx_word' id='word_1_56' title='bbox 1194 1456 1351 1541; x_wconf 75' lang='lat' dir='ltr'><strong>quoddam</strong></span> <span class='ocrx_word' id='word_1_57' title='bbox 1375 1456 1563 1523; x_wconf 90' lang='lat' dir='ltr'><strong>miraculum</strong></span> <span class='ocrx_word' id='word_1_58' title='bbox 1584 1454 1772 1542; x_wconf 79' lang='lat' dir='ltr'><strong>populisque</strong></span> <span class='ocrx_word' id='word_1_59' title='bbox 1790 1454 1848 1521; x_wconf 87' lang='lat' dir='ltr'><strong>iui-</strong></span> 
     </span>
     <span class='ocr_line' id='line_1_8' title="bbox 692 1569 1848 1657; baseline -0.004 -15"><span class='ocrx_word' id='word_1_60' title='bbox 692 1574 806 1642; x_wconf 81' lang='lat' dir='ltr'><strong>tabile⁸</strong></span> <span class='ocrx_word' id='word_1_61' title='bbox 829 1574 870 1641; x_wconf 89' lang='lat' dir='ltr'><strong>ad</strong></span> <span class='ocrx_word' id='word_1_62' title='bbox 891 1573 1078 1639; x_wconf 89' lang='lat' dir='ltr'><strong>memoriam</strong></span> <span class='ocrx_word' id='word_1_63' title='bbox 1100 1572 1288 1639; x_wconf 88' lang='lat' dir='ltr'><strong>reducimus.</strong></span> <span class='ocrx_word' id='word_1_64' title='bbox 1328 1570 1419 1651; x_wconf 83' lang='lat' dir='ltr'><strong>Quod</strong></span> <span class='ocrx_word' id='word_1_65' title='bbox 1441 1578 1474 1639; x_wconf 88' lang='lat' dir='ltr'><strong>et</strong></span> <span class='ocrx_word' id='word_1_66' title='bbox 1495 1592 1516 1639; x_wconf 86' lang='lat' dir='ltr'><strong>a</strong></span> <span class='ocrx_word' id='word_1_67' title='bbox 1536 1570 1673 1655; x_wconf 85' lang='lat' dir='ltr'><strong>glorioso</strong></span> <span class='ocrx_word' id='word_1_68' title='bbox 1695 1590 1769 1655; x_wconf 89' lang='lat' dir='ltr'><strong>rege</strong></span> <span class='ocrx_word' id='word_1_69' title='bbox 1787 1569 1848 1657; x_wconf 89' lang='lat' dir='ltr'><strong>Pip-</strong></span> 
     </span>
     <span class='ocr_line' id='line_1_9' title="bbox 692 1686 1848 1778; baseline -0.004 -21"><span class='ocrx_word' id='word_1_70' title='bbox 692 1692 779 1778; x_wconf 94' lang='lat' dir='ltr'><strong>pino,</strong></span> <span class='ocrx_word' id='word_1_71' title='bbox 802 1692 885 1757; x_wconf 78' lang='lat' dir='ltr'><strong>eicm</strong></span> <span class='ocrx_word' id='word_1_72' title='bbox 905 1689 986 1775; x_wconf 89' lang='lat' dir='ltr'><strong>ipsis</strong></span> <span class='ocrx_word' id='word_1_73' title='bbox 1009 1688 1071 1755; x_wconf 89' lang='lat' dir='ltr'><strong>sibi</strong></span> <span class='ocrx_word' id='word_1_74' title='bbox 1093 1687 1312 1771; x_wconf 77' lang='lat' dir='ltr'><strong>referentibus,</strong></span> <span class='ocrx_word' id='word_1_75' title='bbox 1336 1689 1391 1773; x_wconf 94' lang='lat' dir='ltr'><strong>qui</strong></span> <span class='ocrx_word' id='word_1_76' title='bbox 1413 1688 1487 1755; x_wconf 91' lang='lat' dir='ltr'><strong>huic</strong></span> <span class='ocrx_word' id='word_1_77' title='bbox 1502 1692 1687 1775; x_wconf 87' lang='lat' dir='ltr'><strong>praesentes</strong></span> <span class='ocrx_word' id='word_1_78' title='bbox 1702 1686 1848 1753; x_wconf 89' lang='lat' dir='ltr'><strong>erantni·</strong></span> 
     </span>
     <span class='ocr_line' id='line_1_10' title="bbox 692 1802 1847 1891; baseline -0.003 -18"><span class='ocrx_word' id='word_1_79' title='bbox 692 1806 829 1889; x_wconf 73' lang='lat' dir='ltr'><strong>raculo‘,</strong></span> <span class='ocrx_word' id='word_1_80' title='bbox 852 1810 1039 1891; x_wconf 91' lang='lat' dir='ltr'><strong>conpertum</strong></span> <span class='ocrx_word' id='word_1_81' title='bbox 1062 1809 1111 1871; x_wconf 88' lang='lat' dir='ltr'><strong>est</strong></span> <span class='ocrx_word' id='word_1_82' title='bbox 1133 1808 1182 1870; x_wconf 89' lang='lat' dir='ltr'><strong>et·</strong></span> <span class='ocrx_word' id='word_1_83' title='bbox 1200 1804 1240 1869; x_wconf 90' lang='lat' dir='ltr'><strong>ad</strong></span> <span class='ocrx_word' id='word_1_84' title='bbox 1262 1822 1320 1871; x_wconf 91' lang='lat' dir='ltr'><strong>nos</strong></span> <span class='ocrx_word' id='word_1_85' title='bbox 1344 1824 1443 1890; x_wconf 89' lang='lat' dir='ltr'><strong>usque</strong></span> <span class='ocrx_word' id='word_1_86' title='bbox 1466 1824 1523 1891; x_wconf 90' lang='lat' dir='ltr'><strong>per</strong></span> <span class='ocrx_word' id='word_1_87' title='bbox 1537 1802 1847 1870; x_wconf 84' lang='lat' dir='ltr'><strong>venerabilemrirun</strong></span> 
     </span>
     <span class='ocr_line' id='line_1_11' title="bbox 692 1919 1848 2007; baseline -0.004 -19"><span class='ocrx_word' id='word_1_88' title='bbox 692 1922 754 1988; x_wconf 93' lang='lat' dir='ltr'><strong>Lul</strong></span> <span class='ocrx_word' id='word_1_89' title='bbox 775 1922 960 2007; x_wconf 90' lang='lat' dir='ltr'><strong>episcopum</strong></span> <span class='ocrx_word' id='word_1_90' title='bbox 981 1920 1120 1986; x_wconf 89' lang='lat' dir='ltr'><strong>delatum</strong></span> <span class='ocrx_word' id='word_1_91' title='bbox 1145 1923 1203 2002; x_wconf 78' lang='lat' dir='ltr'><strong>eet,</strong></span> <span class='ocrx_word' id='word_1_92' title='bbox 1226 1923 1321 2003; x_wconf 86' lang='lat' dir='ltr'><strong>atquc</strong></span> <span class='ocrx_word' id='word_1_93' title='bbox 1341 1920 1387 1987; x_wconf 86' lang='lat' dir='ltr'><strong>ita</strong></span> <span class='ocrx_word' id='word_1_94' title='bbox 1401 1920 1471 2006; x_wconf 83' lang='lat' dir='ltr'><strong>ipso</strong></span> <span class='ocrx_word' id='word_1_95' title='bbox 1486 1919 1653 1987; x_wconf 78' lang='lat' dir='ltr'><strong>nuntiante</strong></span> <span class='ocrx_word' id='word_1_96' title='bbox 1668 1919 1848 1985; x_wconf 86' lang='lat' dir='ltr'><strong>intimatum:</strong></span> 
     </span>
     <span class='ocr_line' id='line_1_12' title="bbox 693 2034 1847 2123; baseline -0.002 -20"><span class='ocrx_word' id='word_1_97' title='bbox 693 2038 777 2123; x_wconf 91' lang='lat' dir='ltr'><strong>quod</strong></span> <span class='ocrx_word' id='word_1_98' title='bbox 803 2037 838 2103; x_wconf 93' lang='lat' dir='ltr'><strong>in</strong></span> <span class='ocrx_word' id='word_1_99' title='bbox 863 2036 948 2120; x_wconf 90' lang='lat' dir='ltr'><strong>loco,</strong></span> <span class='ocrx_word' id='word_1_100' title='bbox 978 2036 1035 2103; x_wconf 94' lang='lat' dir='ltr'><strong>ubi</strong></span> <span class='ocrx_word' id='word_1_101' title='bbox 1063 2034 1223 2121; x_wconf 89' lang='lat' dir='ltr'><strong>quondam</strong></span> <span class='ocrx_word' id='word_1_102' title='bbox 1252 2036 1410 2122; x_wconf 87' lang='lat' dir='ltr'><strong>pretiosus</strong></span> <span class='ocrx_word' id='word_1_103' title='bbox 1440 2036 1542 2103; x_wconf 90' lang='lat' dir='ltr'><strong>sancti</strong></span> <span class='ocrx_word' id='word_1_104' title='bbox 1570 2035 1721 2121; x_wconf 83' lang='lat' dir='ltr'><strong>martyris</strong></span> <span class='ocrx_word' id='word_1_105' title='bbox 1748 2034 1847 2103; x_wconf 84' lang='lat' dir='ltr'><strong>effusus</strong></span> 
     </span>
     <span class='ocr_line' id='line_1_13' title="bbox 693 2150 1848 2237; baseline -0.002 -18"><span class='ocrx_word' id='word_1_106' title='bbox 693 2152 756 2219; x_wconf 88' lang='lat' dir='ltr'><strong>est&#39;</strong></span> <span class='ocrx_word' id='word_1_107' title='bbox 778 2152 923 2236; x_wconf 84' lang='lat' dir='ltr'><strong>sanguis,</strong></span> <span class='ocrx_word' id='word_1_108' title='bbox 953 2171 1025 2219; x_wconf 89' lang='lat' dir='ltr'><strong>cum</strong></span> <span class='ocrx_word' id='word_1_109' title='bbox 1054 2150 1185 2217; x_wconf 90' lang='lat' dir='ltr'><strong>coneilio</strong></span> <span class='ocrx_word' id='word_1_110' title='bbox 1214 2150 1316 2237; x_wconf 89' lang='lat' dir='ltr'><strong>plebis</strong></span> <span class='ocrx_word' id='word_1_111' title='bbox 1347 2157 1441 2237; x_wconf 90' lang='lat' dir='ltr'><strong>atque</strong></span> <span class='ocrx_word' id='word_1_112' title='bbox 1468 2150 1607 2235; x_wconf 80' lang='lat' dir='ltr'><strong>ingentis</strong></span> <span class='ocrx_word' id='word_1_113' title='bbox 1633 2150 1734 2237; x_wconf 89' lang='lat' dir='ltr'><strong>partis</strong></span> <span class='ocrx_word' id='word_1_114' title='bbox 1756 2150 1848 2237; x_wconf 92' lang='lat' dir='ltr'><strong>populi</strong></span> 
     </span>
     <span class='ocr_line' id='line_1_14' title="bbox 691 2262 1848 2354; baseline -0.002 -19"><span class='ocrx_word' id='word_1_115' title='bbox 691 2268 866 2335; x_wconf 87' lang='lat' dir='ltr'><strong>Fresonum</strong></span> <span class='ocrx_word' id='word_1_116' title='bbox 895 2272 1054 2333; x_wconf 80' lang='lat' dir='ltr'><strong>structura</strong></span> <span class='ocrx_word' id='word_1_117' title='bbox 1076 2266 1239 2333; x_wconf 87' lang='lat' dir='ltr'><strong>cuiusdam</strong></span> <span class='ocrx_word' id='word_1_118' title='bbox 1262 2268 1377 2335; x_wconf 89' lang='lat' dir='ltr'><strong>tumuli</strong></span> <span class='ocrx_word' id='word_1_119' title='bbox 1399 2273 1530 2354; x_wconf 88' lang='lat' dir='ltr'><strong>propter</strong></span> <span class='ocrx_word' id='word_1_120' title='bbox 1552 2268 1712 2335; x_wconf 87' lang='lat' dir='ltr'><strong>inmensas</strong></span> <span class='ocrx_word' id='word_1_121' title='bbox 1727 2262 1848 2333; x_wconf 85' lang='lat' dir='ltr'><strong>ledonis¹</strong></span> 
     </span>
     <span class='ocr_line' id='line_1_15' title="bbox 692 2379 1848 2469; baseline -0.002 -20"><span class='ocrx_word' id='word_1_122' title='bbox 692 2404 730 2449; x_wconf 91' lang='lat' dir='ltr'><strong>ac</strong></span> <span class='ocrx_word' id='word_1_123' title='bbox 758 2379 912 2449; x_wconf 83' lang='lat' dir='ltr'><strong>malinae²</strong></span> <span class='ocrx_word' id='word_1_124' title='bbox 939 2382 1154 2469; x_wconf 77' lang='lat' dir='ltr'><strong>inruptiones,</strong></span> <span class='ocrx_word' id='word_1_125' title='bbox 1189 2402 1269 2467; x_wconf 89' lang='lat' dir='ltr'><strong>quae</strong></span> <span class='ocrx_word' id='word_1_126' title='bbox 1303 2384 1427 2451; x_wconf 87' lang='lat' dir='ltr'><strong>diverso</strong></span> <span class='ocrx_word' id='word_1_127' title='bbox 1455 2384 1538 2450; x_wconf 90' lang='lat' dir='ltr'><strong>inter</strong></span> <span class='ocrx_word' id='word_1_128' title='bbox 1567 2403 1601 2451; x_wconf 88' lang='lat' dir='ltr'><strong>se</strong></span> <span class='ocrx_word' id='word_1_129' title='bbox 1630 2382 1741 2449; x_wconf 83' lang='lat' dir='ltr'><strong>ordine</strong></span> <span class='ocrx_word' id='word_1_130' title='bbox 1772 2382 1848 2449; x_wconf 84' lang='lat' dir='ltr'><strong>muris</strong></span> 
     </span>
     <span class='ocr_line' id='line_1_16' title="bbox 692 2498 1849 2584; baseline -0.003 -19"><span class='ocrx_word' id='word_1_131' title='bbox 692 2504 816 2565; x_wconf 72' lang='lat' dir='ltr'><strong>metum</strong></span> <span class='ocrx_word' id='word_1_132' title='bbox 838 2500 1009 2583; x_wconf 81' lang='lat' dir='ltr'><strong>oceanique</strong></span> <span class='ocrx_word' id='word_1_133' title='bbox 1032 2518 1159 2565; x_wconf 89' lang='lat' dir='ltr'><strong>cursum</strong></span> <span class='ocrx_word' id='word_1_134' title='bbox 1183 2498 1238 2565; x_wconf 91' lang='lat' dir='ltr'><strong>sed</strong></span> <span class='ocrx_word' id='word_1_135' title='bbox 1256 2502 1311 2576; x_wconf 62' lang='grc' dir='ltr'><strong>ρι’</strong></span> <span class='ocrx_word' id='word_1_136' title='bbox 1326 2519 1479 2584; x_wconf 87' lang='lat' dir='ltr'><strong>aquarum</strong></span> <span class='ocrx_word' id='word_1_137' title='bbox 1496 2498 1721 2565; x_wconf 82' lang='lat' dir='ltr'><strong>diminutiones</strong></span> <span class='ocrx_word' id='word_1_138' title='bbox 1735 2498 1849 2564; x_wconf 78' lang='lat' dir='ltr'><strong>inimic</strong></span> 
     </span>
     <span class='ocr_line' id='line_1_17' title="bbox 691 2614 1847 2699; baseline 0.003 -19"><span class='ocrx_word' id='word_1_139' title='bbox 691 2634 810 2699; x_wconf 91' lang='lat' dir='ltr'><strong>nesque</strong></span> <span class='ocrx_word' id='word_1_140' title='bbox 839 2619 1054 2698; x_wconf 86' lang='lat' dir='ltr'><strong>commovent,</strong></span> <span class='ocrx_word' id='word_1_141' title='bbox 1083 2614 1123 2681; x_wconf 95' lang='lat' dir='ltr'><strong>ab</strong></span> <span class='ocrx_word' id='word_1_142' title='bbox 1150 2615 1215 2679; x_wconf 92' lang='lat' dir='ltr'><strong>imo</strong></span> <span class='ocrx_word' id='word_1_143' title='bbox 1243 2614 1277 2681; x_wconf 92' lang='lat' dir='ltr'><strong>in</strong></span> <span class='ocrx_word' id='word_1_144' title='bbox 1306 2614 1465 2681; x_wconf 85' lang='lat' dir='ltr'><strong>excelsum</strong></span> <span class='ocrx_word' id='word_1_145' title='bbox 1494 2634 1593 2699; x_wconf 89' lang='lat' dir='ltr'><strong>usque</strong></span> <span class='ocrx_word' id='word_1_146' title='bbox 1615 2619 1847 2684; x_wconf 82' lang='lat' dir='ltr'><strong>construeretur:</strong></span> 
     </span>
     <span class='ocr_line' id='line_1_18' title="bbox 614 2729 1848 2817; baseline -0.002 -18"><span class='ocrx_word' id='word_1_147' title='bbox 614 2794 617 2799; x_wconf 82' lang='lat'><em>.</em></span> <span class='ocrx_word' id='word_1_148' title='bbox 692 2750 788 2817; x_wconf 87' lang='lat' dir='ltr'><strong>super</strong></span> <span class='ocrx_word' id='word_1_149' title='bbox 817 2750 910 2815; x_wconf 87' lang='lat' dir='ltr'><strong>quem</strong></span> <span class='ocrx_word' id='word_1_150' title='bbox 938 2730 1074 2813; x_wconf 89' lang='lat' dir='ltr'><strong>denique</strong></span> <span class='ocrx_word' id='word_1_151' title='bbox 1104 2729 1304 2814; x_wconf 90' lang='lat' dir='ltr'><strong>aecclesiam,</strong></span> <span class='ocrx_word' id='word_1_152' title='bbox 1334 2732 1416 2798; x_wconf 90' lang='lat' dir='ltr'><strong>sicut</strong></span> <span class='ocrx_word' id='word_1_153' title='bbox 1437 2735 1549 2817; x_wconf 86' lang='lat' dir='ltr'><strong>postea</strong></span> <span class='ocrx_word' id='word_1_154' title='bbox 1570 2734 1696 2814; x_wconf 84' lang='lat' dir='ltr'><strong>gestum</strong></span> <span class='ocrx_word' id='word_1_155' title='bbox 1719 2736 1784 2813; x_wconf 88' lang='lat' dir='ltr'><strong>eet,</strong></span> <span class='ocrx_word' id='word_1_156' title='bbox 1811 2750 1848 2797; x_wconf 82' lang='lat' dir='ltr'><strong>er·</strong></span> 
     </span>
     <span class='ocr_line' id='line_1_19' title="bbox 692 2844 1847 2930; baseline -0.002 -17"><span class='ocrx_word' id='word_1_157' title='bbox 692 2850 814 2913; x_wconf 62' lang='lat' dir='ltr'><strong>sunere</strong></span> <span class='ocrx_word' id='word_1_158' title='bbox 835 2846 1027 2930; x_wconf 81' lang='lat' dir='ltr'><strong>cogitabant,</strong></span> <span class='ocrx_word' id='word_1_159' title='bbox 1051 2865 1089 2911; x_wconf 88' lang='lat' dir='ltr'><strong>ac</strong></span> <span class='ocrx_word' id='word_1_160' title='bbox 1106 2865 1268 2913; x_wconf 85' lang='lat' dir='ltr'><strong>servorum</strong></span> <span class='ocrx_word' id='word_1_161' title='bbox 1284 2846 1345 2913; x_wconf 89' lang='lat' dir='ltr'><strong>Dei</strong></span> <span class='ocrx_word' id='word_1_162' title='bbox 1361 2846 1589 2914; x_wconf 88' lang='lat' dir='ltr'><strong>habitationem</strong></span> <span class='ocrx_word' id='word_1_163' title='bbox 1603 2846 1638 2911; x_wconf 94' lang='lat' dir='ltr'><strong>in</strong></span> <span class='ocrx_word' id='word_1_164' title='bbox 1652 2844 1723 2913; x_wconf 89' lang='lat' dir='ltr'><strong>loco</strong></span> <span class='ocrx_word' id='word_1_165' title='bbox 1740 2844 1847 2913; x_wconf 83' lang='lat' dir='ltr'><strong>eodcu&#39;</strong></span> 
     </span>
     <span class='ocr_line' id='line_1_20' title="bbox 691 2960 1848 3049; baseline 0 -20"><span class='ocrx_word' id='word_1_166' title='bbox 691 2962 856 3029; x_wconf 89' lang='lat' dir='ltr'><strong>collocare.</strong></span> <span class='ocrx_word' id='word_1_167' title='bbox 893 2960 956 3029; x_wconf 89' lang='lat' dir='ltr'><strong>Sed</strong></span> <span class='ocrx_word' id='word_1_168' title='bbox 978 2982 1050 3029; x_wconf 90' lang='lat' dir='ltr'><strong>eum</strong></span> <span class='ocrx_word' id='word_1_169' title='bbox 1066 2961 1245 3049; x_wconf 92' lang='lat' dir='ltr'><strong>praefatum</strong></span> <span class='ocrx_word' id='word_1_170' title='bbox 1263 2960 1399 3029; x_wconf 90' lang='lat' dir='ltr'><strong>colliculi</strong></span> <span class='ocrx_word' id='word_1_171' title='bbox 1414 2982 1494 3049; x_wconf 90' lang='lat' dir='ltr'><strong>opus</strong></span> <span class='ocrx_word' id='word_1_172' title='bbox 1508 2963 1573 3029; x_wconf 71' lang='lat' dir='ltr'><strong>mm</strong></span> <span class='ocrx_word' id='word_1_173' title='bbox 1587 2982 1628 3029; x_wconf 88' lang='lat' dir='ltr'><strong>ex</strong></span> <span class='ocrx_word' id='word_1_174' title='bbox 1642 2962 1767 3047; x_wconf 83' lang='lat' dir='ltr'><strong>integro</strong></span> <span class='ocrx_word' id='word_1_175' title='bbox 1782 2962 1848 3029; x_wconf 78' lang='lat' dir='ltr'><strong>aedi</strong></span> 
     </span>
    </p>
   </div>
   <div class='ocr_carea' id='block_1_2' title="bbox 690 3076 1849 3511">
    <p class='ocr_par' dir='ltr' id='par_1_3' title="bbox 690 3076 1849 3511">
     <span class='ocr_line' id='line_1_21' title="bbox 690 3076 1848 3178; baseline 0.001 -34"><span class='ocrx_word' id='word_1_176' title='bbox 690 3077 824 3144; x_wconf 82' lang='lat' dir='ltr'><strong>licerent</strong></span> <span class='ocrx_word' id='word_1_177' title='bbox 853 3083 886 3145; x_wconf 89' lang='lat' dir='ltr'><strong>et</strong></span> <span class='ocrx_word' id='word_1_178' title='bbox 913 3098 1006 3145; x_wconf 92' lang='lat' dir='ltr'><strong>omne</strong></span> <span class='ocrx_word' id='word_1_179' title='bbox 1029 3078 1147 3164; x_wconf 91' lang='lat' dir='ltr'><strong>quippe</strong></span> <span class='ocrx_word' id='word_1_180' title='bbox 1170 3076 1347 3145; x_wconf 86' lang='lat' dir='ltr'><strong>aedilicium</strong></span> <span class='ocrx_word' id='word_1_181' title='bbox 1369 3078 1471 3164; x_wconf 86' lang='lat' dir='ltr'><strong>ipsios</strong></span> <span class='ocrx_word' id='word_1_182' title='bbox 1494 3083 1651 3178; x_wconf 60' lang='lat' dir='ltr'><strong>saumuro</strong></span> <span class='ocrx_word' id='word_1_183' title='bbox 1674 3079 1848 3167; x_wconf 75' lang='lat' dir='ltr'><strong>conplorent</strong></span> 
     </span>
     <span class='ocr_line' id='line_1_22' title="bbox 691 3192 1848 3281; baseline -0.003 -20"><span class='ocrx_word' id='word_1_184' title='bbox 691 3195 789 3261; x_wconf 86' lang='lat' dir='ltr'><strong>etiarn</strong></span> <span class='ocrx_word' id='word_1_185' title='bbox 815 3192 857 3259; x_wconf 91' lang='lat' dir='ltr'><strong>ad</strong></span> <span class='ocrx_word' id='word_1_186' title='bbox 879 3214 913 3260; x_wconf 91' lang='lat' dir='ltr'><strong>se</strong></span> <span class='ocrx_word' id='word_1_187' title='bbox 935 3194 1072 3277; x_wconf 81' lang='lat' dir='ltr'><strong>reuersi,</strong></span> <span class='ocrx_word' id='word_1_188' title='bbox 1102 3193 1189 3278; x_wconf 85' lang='lat' dir='ltr'><strong>quid¹</strong></span> <span class='ocrx_word' id='word_1_189' title='bbox 1212 3193 1329 3278; x_wconf 88' lang='lat' dir='ltr'><strong>incole,</strong></span> <span class='ocrx_word' id='word_1_190' title='bbox 1357 3193 1569 3261; x_wconf 72' lang='lat' dir='ltr'><strong>habitatoresk</strong></span> <span class='ocrx_word' id='word_1_191' title='bbox 1590 3194 1653 3261; x_wconf 92' lang='lat' dir='ltr'><strong>loci</strong></span> <span class='ocrx_word' id='word_1_192' title='bbox 1674 3195 1795 3281; x_wconf 89' lang='lat' dir='ltr'><strong>ipsius¹,</strong></span> <span class='ocrx_word' id='word_1_193' title='bbox 1820 3193 1848 3259; x_wconf 91' lang='lat' dir='ltr'><strong>de</strong></span> 
     </span>
     <span class='ocr_line' id='line_1_23' title="bbox 690 3308 1849 3397; baseline -0.001 -21"><span class='ocrx_word' id='word_1_194' title='bbox 690 3310 831 3376; x_wconf 89' lang='lat' dir='ltr'><strong>insulsae</strong></span> <span class='ocrx_word' id='word_1_195' title='bbox 857 3310 992 3396; x_wconf 90' lang='lat' dir='ltr'><strong>penuria</strong></span> <span class='ocrx_word' id='word_1_196' title='bbox 1017 3308 1162 3395; x_wconf 72' lang='lat' dir='ltr'><strong>limphe¹“</strong></span> <span class='ocrx_word' id='word_1_197' title='bbox 1187 3343 1227 3355; x_wconf 92' lang='lat'>—</span> <span class='ocrx_word' id='word_1_198' title='bbox 1253 3330 1334 3394; x_wconf 89' lang='lat' dir='ltr'><strong>quae</strong></span> <span class='ocrx_word' id='word_1_199' title='bbox 1361 3330 1419 3397; x_wconf 89' lang='lat' dir='ltr'><strong>per</strong></span> <span class='ocrx_word' id='word_1_200' title='bbox 1447 3330 1572 3377; x_wconf 91' lang='lat' dir='ltr'><strong>omnem</strong></span> <span class='ocrx_word' id='word_1_201' title='bbox 1602 3320 1702 3397; x_wconf 69' lang='lat' dir='ltr'><strong>pene*</strong></span> <span class='ocrx_word' id='word_1_202' title='bbox 1724 3310 1849 3379; x_wconf 85' lang='lat' dir='ltr'><strong>Freeian</strong></span> 
     </span>
     <span class='ocr_line' id='line_1_24' title="bbox 691 3410 1848 3511; baseline 0 -18"><span class='ocrx_word' id='word_1_203' title='bbox 691 3426 865 3493; x_wconf 84' lang='lat' dir='ltr'><strong>maximam</strong></span> <span class='ocrx_word' id='word_1_204' title='bbox 887 3410 954 3490; x_wconf 88' lang='lat' dir='ltr'><strong>tam</strong></span> <span class='ocrx_word' id='word_1_205' title='bbox 976 3424 1157 3491; x_wconf 89' lang='lat' dir='ltr'><strong>bominibus</strong></span> <span class='ocrx_word' id='word_1_206' title='bbox 1180 3446 1275 3511; x_wconf 86' lang='lat' dir='ltr'><strong>quam</strong></span> <span class='ocrx_word' id='word_1_207' title='bbox 1298 3426 1393 3493; x_wconf 88' lang='lat' dir='ltr'><strong>ctiam</strong></span> <span class='ocrx_word' id='word_1_208' title='bbox 1417 3426 1631 3494; x_wconf 78' lang='lat' dir='ltr'><strong>animantem</strong></span> <span class='ocrx_word' id='word_1_209' title='bbox 1649 3424 1848 3493; x_wconf 83' lang='lat' dir='ltr'><strong>difficultatem</strong></span> 
     </span>
    </p>
   </div>
   <div class='ocr_carea' id='block_1_3' title="bbox 691 3540 1850 4211">
    <p class='ocr_par' dir='ltr' id='par_1_4' title="bbox 691 3540 1850 4211">
     <span class='ocr_line' id='line_1_25' title="bbox 692 3540 1848 3628; baseline -0.001 -21"><span class='ocrx_word' id='word_1_210' title='bbox 692 3542 794 3625; x_wconf 88' lang='lat' dir='ltr'><strong>gignit</strong></span> <span class='ocrx_word' id='word_1_211' title='bbox 809 3576 851 3587; x_wconf 90' lang='lat'>—</span> <span class='ocrx_word' id='word_1_212' title='bbox 873 3541 957 3606; x_wconf 87' lang='lat' dir='ltr'><strong>inter</strong></span> <span class='ocrx_word' id='word_1_213' title='bbox 980 3560 1014 3606; x_wconf 91' lang='lat' dir='ltr'><strong>ee</strong></span> <span class='ocrx_word' id='word_1_214' title='bbox 1036 3541 1173 3607; x_wconf 87' lang='lat' dir='ltr'><strong>invicem</strong></span> <span class='ocrx_word' id='word_1_215' title='bbox 1196 3541 1408 3628; x_wconf 89' lang='lat' dir='ltr'><strong>disputarunt.</strong></span> <span class='ocrx_word' id='word_1_216' title='bbox 1444 3542 1525 3609; x_wconf 89' lang='lat' dir='ltr'><strong>Tum</strong></span> <span class='ocrx_word' id='word_1_217' title='bbox 1547 3542 1676 3609; x_wconf 91' lang='lat' dir='ltr'><strong>demum</strong></span> <span class='ocrx_word' id='word_1_218' title='bbox 1698 3562 1777 3609; x_wconf 88' lang='lat' dir='ltr'><strong>uuus</strong></span> <span class='ocrx_word' id='word_1_219' title='bbox 1797 3540 1848 3607; x_wconf 81' lang='lat' dir='ltr'><strong>De-</strong></span> 
     </span>
     <span class='ocr_line' id='line_1_26' title="bbox 691 3655 1848 3743; baseline -0.002 -16"><span class='ocrx_word' id='word_1_220' title='bbox 691 3658 778 3727; x_wconf 87' lang='lat' dir='ltr'><strong>miuo</strong></span> <span class='ocrx_word' id='word_1_221' title='bbox 812 3656 1000 3739; x_wconf 88' lang='lat' dir='ltr'><strong>miserante,</strong></span> <span class='ocrx_word' id='word_1_222' title='bbox 1034 3656 1089 3741; x_wconf 94' lang='lat' dir='ltr'><strong>qui</strong></span> <span class='ocrx_word' id='word_1_223' title='bbox 1120 3655 1258 3724; x_wconf 88' lang='lat' dir='ltr'><strong>officium</strong></span> <span class='ocrx_word' id='word_1_224' title='bbox 1287 3657 1487 3743; x_wconf 82' lang='lat' dir='ltr'><strong>praefectura</strong></span> <span class='ocrx_word' id='word_1_225' title='bbox 1514 3658 1686 3726; x_wconf 89' lang='lat' dir='ltr'><strong>secundum</strong></span> <span class='ocrx_word' id='word_1_226' title='bbox 1713 3657 1848 3725; x_wconf 87' lang='lat' dir='ltr'><strong>indictum</strong></span> 
     </span>
     <span class='ocr_line' id='line_1_27' title="bbox 692 3770 1850 3860; baseline 0 -22"><span class='ocrx_word' id='word_1_227' title='bbox 692 3772 823 3857; x_wconf 78' lang='lat' dir='ltr'><strong>gloriosi</strong></span> <span class='ocrx_word' id='word_1_228' title='bbox 850 3772 935 3854; x_wconf 84' lang='lat' dir='ltr'><strong>regis</strong></span> <span class='ocrx_word' id='word_1_229' title='bbox 957 3770 1087 3859; x_wconf 90' lang='lat' dir='ltr'><strong>Pippini</strong></span> <span class='ocrx_word' id='word_1_230' title='bbox 1116 3793 1212 3859; x_wconf 89' lang='lat' dir='ltr'><strong>super</strong></span> <span class='ocrx_word' id='word_1_231' title='bbox 1239 3793 1357 3860; x_wconf 90' lang='lat' dir='ltr'><strong>pagum</strong></span> <span class='ocrx_word' id='word_1_232' title='bbox 1383 3773 1550 3859; x_wconf 88' lang='lat' dir='ltr'><strong>locumque</strong></span> <span class='ocrx_word' id='word_1_233' title='bbox 1571 3774 1662 3841; x_wconf 92' lang='lat' dir='ltr'><strong>illum</strong></span> <span class='ocrx_word' id='word_1_234' title='bbox 1684 3772 1850 3859; x_wconf 82' lang='lat' dir='ltr'><strong>gerebatet</strong></span> 
     </span>
     <span class='ocr_line' id='line_1_28' title="bbox 692 3887 1849 3979; baseline -0.001 -24"><span class='ocrx_word' id='word_1_235' title='bbox 692 3889 841 3975; x_wconf 88' lang='lat' dir='ltr'><strong>princepe</strong></span> <span class='ocrx_word' id='word_1_236' title='bbox 862 3888 964 3974; x_wconf 91' lang='lat' dir='ltr'><strong>ipsius</strong></span> <span class='ocrx_word' id='word_1_237' title='bbox 987 3895 1056 3955; x_wconf 89' lang='lat' dir='ltr'><strong>erat</strong></span> <span class='ocrx_word' id='word_1_238' title='bbox 1077 3890 1199 3975; x_wconf 89' lang='lat' dir='ltr'><strong>operis,</strong></span> <span class='ocrx_word' id='word_1_239' title='bbox 1227 3890 1354 3957; x_wconf 91' lang='lat' dir='ltr'><strong>nomine</strong></span> <span class='ocrx_word' id='word_1_240' title='bbox 1376 3890 1485 3974; x_wconf 86' lang='lat' dir='ltr'><strong>Abba,</strong></span> <span class='ocrx_word' id='word_1_241' title='bbox 1515 3891 1650 3979; x_wconf 85' lang='lat' dir='ltr'><strong>sumptis</strong></span> <span class='ocrx_word' id='word_1_242' title='bbox 1673 3910 1776 3958; x_wconf 89' lang='lat' dir='ltr'><strong>secum</strong></span> <span class='ocrx_word' id='word_1_243' title='bbox 1796 3887 1849 3956; x_wconf 90' lang='lat' dir='ltr'><strong>ool·</strong></span> 
     </span>
     <span class='ocr_line' id='line_1_29' title="bbox 692 4004 1848 4092; baseline 0.003 -23"><span class='ocrx_word' id='word_1_244' title='bbox 692 4004 782 4088; x_wconf 83' lang='lat' dir='ltr'><strong>legis,</strong></span> <span class='ocrx_word' id='word_1_245' title='bbox 805 4023 922 4088; x_wconf 91' lang='lat' dir='ltr'><strong>equum</strong></span> <span class='ocrx_word' id='word_1_246' title='bbox 944 4004 1086 4071; x_wconf 88' lang='lat' dir='ltr'><strong>ascendit</strong></span> <span class='ocrx_word' id='word_1_247' title='bbox 1101 4024 1147 4089; x_wconf 91' lang='lat' dir='ltr'><strong>ac,</strong></span> <span class='ocrx_word' id='word_1_248' title='bbox 1171 4006 1400 4089; x_wconf 78' lang='lat' dir='ltr'><strong>circumagrato</strong></span> <span class='ocrx_word' id='word_1_249' title='bbox 1421 4004 1500 4072; x_wconf 92' lang='lat' dir='ltr'><strong>colle</strong></span> <span class='ocrx_word' id='word_1_250' title='bbox 1515 4004 1699 4091; x_wconf 89' lang='lat' dir='ltr'><strong>tumuloque</strong></span> <span class='ocrx_word' id='word_1_251' title='bbox 1712 4007 1848 4092; x_wconf 77' lang='lat' dir='ltr'><strong>inspecta</strong></span> 
     </span>
     <span class='ocr_line' id='line_1_30' title="bbox 692 4120 1847 4211; baseline -0.003 -24"><span class='ocrx_word' id='word_1_252' title='bbox 692 4126 824 4207; x_wconf 90' lang='lat' dir='ltr'><strong>repente</strong></span> <span class='ocrx_word' id='word_1_253' title='bbox 847 4120 1010 4186; x_wconf 90' lang='lat' dir='ltr'><strong>cuiusdam</strong></span> <span class='ocrx_word' id='word_1_254' title='bbox 1033 4120 1193 4187; x_wconf 83' lang='lat' dir='ltr'><strong>caballus⁰</strong></span> <span class='ocrx_word' id='word_1_255' title='bbox 1214 4121 1306 4207; x_wconf 89' lang='lat' dir='ltr'><strong>pueri</strong></span> <span class='ocrx_word' id='word_1_256' title='bbox 1329 4141 1369 4187; x_wconf 83' lang='lat' dir='ltr'><strong>ex</strong></span> <span class='ocrx_word' id='word_1_257' title='bbox 1390 4122 1562 4209; x_wconf 84' lang='lat' dir='ltr'><strong>inproviso,</strong></span> <span class='ocrx_word' id='word_1_258' title='bbox 1585 4126 1710 4189; x_wconf 90' lang='lat' dir='ltr'><strong>tantum</strong></span> <span class='ocrx_word' id='word_1_259' title='bbox 1730 4120 1847 4211; x_wconf 91' lang='lat' dir='ltr'><strong>pedibus</strong></span> 
     </span>
    </p>
   </div>
   <div class='ocr_carea' id='block_1_4' title="bbox 692 4322 1846 4783">
    <p class='ocr_par' dir='ltr' id='par_1_5' title="bbox 692 4322 1846 4783">
     <span class='ocr_line' id='line_1_31' title="bbox 766 4322 1846 4385; baseline -0.005 -14"><span class='ocrx_word' id='word_1_260' title='bbox 766 4338 786 4371; x_wconf 77' lang='lat' dir='ltr'><strong>a</strong></span> <span class='ocrx_word' id='word_1_261' title='bbox 811 4323 943 4381; x_wconf 83' lang='lat' dir='ltr'><strong>Qualiter</strong></span> <span class='ocrx_word' id='word_1_262' title='bbox 962 4326 991 4371; x_wconf 92' lang='lat' dir='ltr'><strong>in</strong></span> <span class='ocrx_word' id='word_1_263' title='bbox 1011 4325 1085 4381; x_wconf 90' lang='lat' dir='ltr'><strong>loco,</strong></span> <span class='ocrx_word' id='word_1_264' title='bbox 1111 4324 1159 4371; x_wconf 91' lang='lat' dir='ltr'><strong>ubi</strong></span> <span class='ocrx_word' id='word_1_265' title='bbox 1180 4328 1334 4385; x_wconf 79' lang='lat' dir='ltr'><strong>martyrum</strong></span> <span class='ocrx_word' id='word_1_266' title='bbox 1356 4326 1475 4384; x_wconf 81' lang='lat' dir='ltr'><strong>sanguis</strong></span> <span class='ocrx_word' id='word_1_267' title='bbox 1497 4326 1611 4373; x_wconf 80' lang='lat' dir='ltr'><strong>alfusus</strong></span> <span class='ocrx_word' id='word_1_268' title='bbox 1632 4328 1690 4384; x_wconf 87' lang='lat' dir='ltr'><strong>est,</strong></span> <span class='ocrx_word' id='word_1_269' title='bbox 1716 4322 1846 4373; x_wconf 76' lang='lat' dir='ltr'><strong>aeclesiae</strong></span> 
     </span>
     <span class='ocr_line' id='line_1_32' title="bbox 693 4404 1845 4465; baseline 0.003 -14"><span class='ocrx_word' id='word_1_270' title='bbox 693 4407 858 4465; x_wconf 82' lang='lat' dir='ltr'><strong>paraturam</strong></span> <span class='ocrx_word' id='word_1_271' title='bbox 883 4404 1105 4464; x_wconf 82' lang='lat' dir='ltr'><strong>explorantibus</strong></span> <span class='ocrx_word' id='word_1_272' title='bbox 1129 4405 1195 4451; x_wconf 85' lang='lat' dir='ltr'><strong>lone</strong></span> <span class='ocrx_word' id='word_1_273' title='bbox 1218 4405 1302 4452; x_wconf 79' lang='lat' dir='ltr'><strong>rivus</strong></span> <span class='ocrx_word' id='word_1_274' title='bbox 1326 4406 1465 4465; x_wconf 80' lang='lat' dir='ltr'><strong>apparuit</strong></span> <span class='ocrx_word' id='word_1_275' title='bbox 1484 4408 1513 4453; x_wconf 76' lang='lat' dir='ltr'><strong>A.</strong></span> <span class='ocrx_word' id='word_1_276' title='bbox 1601 4406 1623 4453; x_wconf 92' lang='lat' dir='ltr'><strong>b.</strong></span> <span class='ocrx_word' id='word_1_277' title='bbox 1648 4406 1678 4453; x_wconf 79' lang='lat' dir='ltr'><strong>ed</strong></span> <span class='ocrx_word' id='word_1_278' title='bbox 1701 4404 1845 4455; x_wconf 63' lang='lat' dir='ltr'><strong>nundus,</strong></span> 
     </span>
     <span class='ocr_line' id='line_1_33' title="bbox 693 4480 1845 4540; baseline -0.003 -8"><span class='ocrx_word' id='word_1_279' title='bbox 693 4482 1131 4540; x_wconf 65' lang='lat' dir='ltr'><strong>mnuendmdmnduudndeml</strong></span> <span class='ocrx_word' id='word_1_280' title='bbox 1185 4496 1205 4530; x_wconf 87' lang='lat' dir='ltr'><strong>c.</strong></span> <span class='ocrx_word' id='word_1_281' title='bbox 1225 4487 1259 4531; x_wconf 72' lang='grc' dir='ltr'><strong>εἰσ</strong></span> <span class='ocrx_word' id='word_1_282' title='bbox 1275 4485 1356 4540; x_wconf 63' lang='lat' dir='ltr'><strong>cedde</strong></span> <span class='ocrx_word' id='word_1_283' title='bbox 1374 4484 1728 4534; x_wconf 65' lang='lat' dir='ltr'><strong>Smeemteetaintinsbtte</strong></span> <span class='ocrx_word' id='word_1_284' title='bbox 1775 4480 1845 4529; x_wconf 73' lang='lat' dir='ltr'><strong>dni·</strong></span> 
     </span>
     <span class='ocr_line' id='line_1_34' title="bbox 692 4560 1845 4623; baseline -0.007 -11"><span class='ocrx_word' id='word_1_285' title='bbox 692 4565 770 4612; x_wconf 74' lang='lat' dir='ltr'><strong>neuls</strong></span> <span class='ocrx_word' id='word_1_286' title='bbox 784 4566 812 4611; x_wconf 80' lang='lat' dir='ltr'><strong>F.</strong></span> <span class='ocrx_word' id='word_1_287' title='bbox 890 4577 911 4609; x_wconf 80' lang='lat' dir='ltr'><strong>e.</strong></span> <span class='ocrx_word' id='word_1_288' title='bbox 932 4565 957 4609; x_wconf 88' lang='lat' dir='ltr'><strong>et</strong></span> <span class='ocrx_word' id='word_1_289' title='bbox 971 4580 1014 4609; x_wconf 82' lang='grc' dir='ltr'><strong>οι.</strong></span> <span class='ocrx_word' id='word_1_290' title='bbox 1031 4566 1059 4609; x_wconf 77' lang='lat' dir='ltr'><strong>A.</strong></span> <span class='ocrx_word' id='word_1_291' title='bbox 1127 4563 1144 4609; x_wconf 83' lang='lat' dir='ltr'><strong>f.</strong></span> <span class='ocrx_word' id='word_1_292' title='bbox 1165 4566 1227 4611; x_wconf 81' lang='lat' dir='ltr'><strong>esset</strong></span> <span class='ocrx_word' id='word_1_293' title='bbox 1241 4566 1270 4611; x_wconf 81' lang='lat' dir='ltr'><strong>A.</strong></span> <span class='ocrx_word' id='word_1_294' title='bbox 1339 4576 1360 4623; x_wconf 82' lang='lat' dir='ltr'><strong>g.</strong></span> <span class='ocrx_word' id='word_1_295' title='bbox 1381 4564 1423 4611; x_wconf 83' lang='lat' dir='ltr'><strong>sed</strong></span> <span class='ocrx_word' id='word_1_296' title='bbox 1438 4566 1462 4610; x_wconf 88' lang='lat' dir='ltr'><strong>et</strong></span> <span class='ocrx_word' id='word_1_297' title='bbox 1477 4568 1503 4621; x_wconf 79' lang='lat' dir='ltr'><strong>F,</strong></span> <span class='ocrx_word' id='word_1_298' title='bbox 1520 4564 1631 4621; x_wconf 74' lang='lat' dir='ltr'><strong>melatA.</strong></span> <span class='ocrx_word' id='word_1_299' title='bbox 1700 4564 1723 4611; x_wconf 87' lang='lat' dir='ltr'><strong>b.</strong></span> <span class='ocrx_word' id='word_1_300' title='bbox 1739 4560 1811 4609; x_wconf 79' lang='lat' dir='ltr'><strong>eaden</strong></span> <span class='ocrx_word' id='word_1_301' title='bbox 1824 4560 1845 4605; x_wconf 79' lang='lat' dir='ltr'><strong>F.</strong></span> 
     </span>
     <span class='ocr_line' id='line_1_35' title="bbox 693 4641 1844 4705; baseline 0.001 -14"><span class='ocrx_word' id='word_1_302' title='bbox 693 4645 763 4693; x_wconf 76' lang='lat' dir='ltr'><strong>iric</strong></span> <span class='ocrx_word' id='word_1_303' title='bbox 778 4644 848 4690; x_wconf 75' lang='lat' dir='ltr'><strong>codd.</strong></span> <span class='ocrx_word' id='word_1_304' title='bbox 871 4642 1002 4703; x_wconf 74' lang='lat' dir='ltr'><strong>Aequod?</strong></span> <span class='ocrx_word' id='word_1_305' title='bbox 1085 4642 1110 4689; x_wconf 77' lang='lat' dir='ltr'><strong>k.</strong></span> <span class='ocrx_word' id='word_1_306' title='bbox 1130 4642 1315 4703; x_wconf 82' lang='lat' dir='ltr'><strong>habitatoresque</strong></span> <span class='ocrx_word' id='word_1_307' title='bbox 1331 4648 1358 4691; x_wconf 80' lang='lat' dir='ltr'><strong>A.</strong></span> <span class='ocrx_word' id='word_1_308' title='bbox 1440 4644 1456 4690; x_wconf 92' lang='lat' dir='ltr'><strong>l.</strong></span> <span class='ocrx_word' id='word_1_309' title='bbox 1477 4643 1539 4693; x_wconf 81' lang='lat' dir='ltr'><strong>illius</strong></span> <span class='ocrx_word' id='word_1_310' title='bbox 1554 4648 1583 4693; x_wconf 80' lang='lat' dir='ltr'><strong>A.</strong></span> <span class='ocrx_word' id='word_1_311' title='bbox 1665 4659 1695 4693; x_wconf 82' lang='lat' dir='ltr'><strong>ru.</strong></span> <span class='ocrx_word' id='word_1_312' title='bbox 1713 4641 1808 4705; x_wconf 68' lang='lat' dir='ltr'><strong>lymphae</strong></span> <span class='ocrx_word' id='word_1_313' title='bbox 1820 4642 1844 4685; x_wconf 74' lang='lat' dir='ltr'><strong>l·</strong></span> 
     </span>
     <span class='ocr_line' id='line_1_36' title="bbox 692 4721 1275 4783; baseline -0.003 -12"><span class='ocrx_word' id='word_1_314' title='bbox 692 4738 717 4771; x_wconf 86' lang='lat' dir='ltr'><strong>n.</strong></span> <span class='ocrx_word' id='word_1_315' title='bbox 735 4737 795 4783; x_wconf 86' lang='lat' dir='ltr'><strong>pene</strong></span> <span class='ocrx_word' id='word_1_316' title='bbox 810 4738 854 4769; x_wconf 78' lang='lat' dir='ltr'><strong>eea.</strong></span> <span class='ocrx_word' id='word_1_317' title='bbox 870 4723 898 4768; x_wconf 78' lang='lat' dir='ltr'><strong>F.</strong></span> <span class='ocrx_word' id='word_1_318' title='bbox 976 4735 998 4769; x_wconf 90' lang='lat' dir='ltr'><strong>o.</strong></span> <span class='ocrx_word' id='word_1_319' title='bbox 1020 4739 1076 4769; x_wconf 80' lang='lat' dir='ltr'><strong>cerr.</strong></span> <span class='ocrx_word' id='word_1_320' title='bbox 1092 4725 1115 4769; x_wconf 78' lang='lat' dir='ltr'><strong>in</strong></span> <span class='ocrx_word' id='word_1_321' title='bbox 1131 4721 1231 4769; x_wconf 80' lang='lat' dir='ltr'><strong>carabus</strong></span> <span class='ocrx_word' id='word_1_322' title='bbox 1247 4728 1275 4771; x_wconf 78' lang='lat' dir='ltr'><strong>A.</strong></span> 
     </span>
    </p>
   </div>
   <div class='ocr_carea' id='block_1_5' title="bbox 765 4825 1630 4885">
    <p class='ocr_par' dir='ltr' id='par_1_6' title="bbox 765 4825 1630 4885">
     <span class='ocr_line' id='line_1_37' title="bbox 765 4825 1630 4885; baseline 0.002 -4"><span class='ocrx_word' id='word_1_323' title='bbox 765 4830 790 4881; x_wconf 90' lang='lat' dir='ltr'><strong>l.</strong></span> <span class='ocrx_word' id='word_1_324' title='bbox 814 4825 950 4881; x_wconf 89' lang='lat' dir='ltr'><strong>undarum</strong></span> <span class='ocrx_word' id='word_1_325' title='bbox 967 4825 1162 4881; x_wconf 85' lang='lat' dir='ltr'><strong>recedentium.</strong></span> <span class='ocrx_word' id='word_1_326' title='bbox 1252 4828 1278 4881; x_wconf 80' lang='lat'><strong>2.</strong></span> <span class='ocrx_word' id='word_1_327' title='bbox 1303 4832 1398 4883; x_wconf 84' lang='lat' dir='ltr'><strong>aestus</strong></span> <span class='ocrx_word' id='word_1_328' title='bbox 1415 4828 1630 4885; x_wconf 79' lang='lat' dir='ltr'><strong>intumescentis.</strong></span> 
     </span>
    </p>
   </div>
   <div class='ocr_carea' id='block_1_6' title="bbox 0 0 2181 6034">
    <p class='ocr_par' dir='ltr' id='par_1_7' title="bbox 0 0 2181 6034">
     <span class='ocr_line' id='line_1_38' title="bbox 0 0 2181 6034; baseline 0 0"><span class='ocrx_word' id='word_1_329' title='bbox 0 0 2181 6034; x_wconf 95' lang='lat' dir='ltr'><strong> </strong></span> 
     </span>
    </p>
   </div>
  </div>
 </body>
</html>
