4342 6034
644 792 850 843 ommium
872 794 952 841 vrrs
975 792 1002 841 s.
1019 791 1198 843 normann
1436 776 1503 843 429

536 1103 817 1183 winimanno
843 1102 958 1181 vim
985 1103 1021 1182 s.
1042 1076 1294 1181 neumare.

422 1276 583 1345 Dominis·
610 1280 728 1347 sanetis
763 1284 794 1349 et
827 1300 901 1348 vere
927 1280 962 1347 in
989 1278 1116 1347 Obristo
1151 1280 1323 1349 carissimis
1350 1278 1443 1347 bullo
1470 1284 1504 1347 et

345 1390 534 1478 llegiugozo¹
548 1391 760 1482 coepiscopis*
775 1394 1004 1479 williboldus&
1026 1395 1102 1463 lieet
1117 1396 1277 1481 indignus,
1299 1396 1334 1465 iu
1347 1395 1502 1461 Domino·

344 1510 495 1596 presbiter.
584 1510 757 1598 Praecepto
784 1512 856 1599 piae
884 1512 1083 1599 paternitatis
1106 1518 1230 1580 vestrae
1252 1510 1364 1579 effectu
1383 1511 1504 1598 pariter

344 1630 371 1693 et
390 1632 458 1693 voto
482 1662 524 1673 -
547 1646 611 1694 non
633 1626 780 1713 propria*
802 1626 884 1695 ludi·
906 1626 1068 1695 litterarii'
1089 1628 1222 1695 scientia
1242 1624 1419 1711 confidens,
1444 1627 1503 1695 ssd

343 1740 472 1809 debitum
499 1742 731 1810 oboedientiae⁸
760 1742 943 1827 obsequium
971 1748 1096 1811 vestrae
1122 1743 1297 1831 inpendens
1325 1742 1503 1812 emetitati'

343 1892 378 1903 -
400 1856 532 1925 libenter
554 1854 680 1945 perui⁸3
711 1858 922 1944 arduumque,
952 1858 1035 1945 quod
1058 1858 1259 1943 suggessistis
1280 1858 1404 1942 exiguis
1426 1857 1503 1925 viri·

340 1972 406 2058 bus,
434 1994 512 2061 opus
534 1974 695 2059 inchoavi,
726 1974 766 2041 ad
788 1974 989 2061 perfeetionis
1012 1975 1184 2043 terminum
1205 1972 1269 2041 tine
1289 1979 1382 2041 tenus
1404 1972 1503 2041 dedn-

340 2108 415 2157 cens
448 2088 512 2157 Sed
534 2089 678 2157 obsecro:
701 2094 747 2174 ut,
771 2090 799 2157 si
815 2090 979 2178 quippiam
995 2090 1087 2159 aliter
1102 2109 1198 2175 quam
1212 2093 1321 2157 uestra
1333 2088 1504 2176 expetierit

339 2204 474 2272 voluntas
501 2206 698 2293 provenerit,
726 2204 919 2273 infirmitatis
948 2226 1039 2275 meae
1066 2204 1306 2273 inbecillitatem
1335 2204 1504 2292 operisque

339 2320 459 2408 inpositi
480 2320 707 2389 sublimitatem
729 2341 829 2406 aequo
852 2324 956 2389 auimo
980 2321 1184 2391 receneris.
1221 2319 1377 2401 Quoniam
1399 2318 1505 2389 maxi·

339 2456 415 2505 mum
437 2457 561 2505 meeum
583 2436 779 2505 reverentius
801 2442 852 2505 est
870 2438 1053 2523 indicium’i
1076 2458 1149 2507 cnm
1170 2440 1275 2505 vostre
1297 2436 1502 2508 sublimitatis

339 2552 463 2640 imperio
492 2553 708 2622 oboedientiae
737 2573 866 2641 operam
890 2574 955 2621 non
978 2554 1107 2639 denego.
1197 2552 1293 2638 Quia,
1320 2553 1349 2619 si
1370 2552 1503 2637 dignum

340 2666 450 2755 aliquid
477 2674 510 2736 ct
536 2670 652 2737 nostis
686 2669 881 2757 temporibus
915 2670 1115 2757 profuturum
1148 2668 1360 2753 coniecerim,
1393 2668 1502 2737 diuino

339 2786 438 2871 utique
465 2786 616 2852 muneri*
639 2804 676 2852 ac
702 2785 864 2873 praecepti
892 2786 989 2853 vestri
1017 2784 1172 2853 desiderio
1195 2783 1420 2853 eonferendum
1442 2789 1500 2853 est

339 2898 484 2979 Quoniam
511 2900 566 2988 pia
594 2900 782 2987 quandoque
804 2900 1012 2969 desiderantis
1034 2900 1182 2968 voluntas
1204 2896 1255 2967 et⁴
1275 2918 1405 2967 manum
1428 2899 1501 2967 imi·

339 3021 414 3084 tetur
440 3016 649 3100 emunctoris,
679 3021 711 3083 et
738 3016 945 3103 impressionis
975 3036 1051 3084 suae
1077 3015 1229 3083 violentie
1256 3014 1309 3083 vel
1335 3014 1502 3083 minimam

340 3133 488 3218 quandem
517 3130 714 3200 desideratae
741 3131 892 3199 scientiae
920 3132 1118 3201 dulcedinem
1144 3135 1238 3220 purat
1264 3129 1501 3217 familicumque

338 3246 526 3337 inpertiendo
548 3246 657 3315 reiicit.
736 3246 886 3317 Decrevit
907 3249 991 3317 euim
1012 3250 1164 3317 emetitas
1179 3253 1287 3317 vesus
1298 3247 1503 3335 insipientem

339 3364 523 3451 sapientibus
552 3366 584 3431 et
610 3362 716 3429 minus
744 3363 893 3432 idoneum
924 3364 1133 3451 prudentibus
1154 3384 1329 3451 cooequare
1350 3382 1388 3431 ac
1408 3382 1503 3451 pras·

338 3478 410 3548 terre
432 3487 474 3565 et,
497 3478 644 3565 quod-
666 3478 734 3547 sine
758 3484 881 3547 uestro*
903 3480 1050 3549 videlieet
1071 3488 1187 3549 conatu
1202 3516 1245 3529 ··-
1262 3479 1413 3569 prudenti
1434 3497 1502 3547 ser·

338 3614 421 3665 mone
448 3594 590 3665 revelare
616 3594 779 3680 potuistis,
807 3594 868 3664 boc
888 3596 966 3663 mibi
989 3596 1075 3665 velut
1095 3598 1207 3682 ignaro
1228 3597 1390 3685 inponere.
1437 3592 1504 3663 Sed

339 3708 494 3799 deprecor:
517 3718 564 3798 ut,
587 3731 680 3797 quem
702 3712 863 3799 praecepti
886 3712 984 3779 vostri
1005 3712 1145 3781 torcular
1165 3713 1326 3801 deprimit,
1352 3717 1501 3799 precatus

339 3826 478 3898 adsiduae
500 3828 652 3897 orationis
674 3826 872 3911 infundat⁰⁶3
895 3833 928 3895 et
948 3832 1100 3913 mentem,
1120 3829 1267 3914 ignaviae
1288 3828 1423 3913 caligine
1444 3827 1503 3897 ob·

338 3946 464 4031 mnsam,
486 3942 633 4011 voluntas
656 3948 849 4031 spontaneae
871 3942 1048 4011 dilectionis
1070 3949 1195 4013 vestrae
1216 3944 1268 4014 vel
1287 3964 1305 4013 e
1324 3964 1435 4013 somno
1450 3964 1501 4013 re

402 4144 421 4177 a
446 4130 561 4191 lnelpit
582 4131 645 4177 rite
667 4128 713 4177 vel
735 4130 838 4191 psseio
861 4128 1030 4178 beatissimi
1053 4128 1167 4179 Christi
1189 4131 1330 4192 martyris
1353 4133 1382 4179 et
1403 4130 1499 4178 arebl-

339 4208 462 4273 spireopi
486 4208 640 4257 Bonifatii.
668 4208 773 4257 Dominis
788 4214 816 4257 A.
908 4210 931 4257 b.
951 4208 1069 4257 Willibeld
1084 4214 1113 4257 A.
1174 4226 1179 4235 ·
1206 4224 1226 4258 e.
1248 4208 1499 4260 invenissem.

339 4284 358 4331 d
376 4290 464 4353 proprie
479 4294 505 4347 F,
520 4290 626 4350 propriso
639 4293 667 4347 A,
682 4289 776 4349 proprie
788 4291 815 4337 B.
873 4304 898 4336 ·e.
919 4289 980 4335 ludis
994 4292 1019 4347 F,
1036 4308 1093 4337 cerr.
1109 4294 1133 4337 bs
1147 4290 1223 4337 leudis
1233 4295 1262 4347 A,
1276 4290 1327 4338 ludi
1333 4294 1362 4338 B.
1423 4290 1440 4337 l.
1459 4290 1498 4337 lie-

339 4366 550 4426 tentationi
566 4374 598 4425 A,
619 4368 727 4416 litterulis
742 4371 770 4417 B.
843 4383 865 4427 g.
889 4368 1033 4416 obedieutiae
1048 4372 1074 4418 Ι.
1143 4370 1168 4417 ia
1191 4371 1312 4417 anctihts
1329 4374 1354 4418 Γ.
1423 4370 1440 4417 i
1460 4382 1498 4417 su·

339 4446 424 4495 deusde
440 4452 465 4507 F,
484 4448 619 4497 inurerer
633 4452 665 4505 A.
681 4450 710 4496 B.
801 4446 825 4497 k.
848 4448 957 4495 iudicium
976 4450 1066 4509 serpsit
1082 4452 1185 4497 Persiu
1204 4458 1284 4497 eom
1303 4465 1380 4499 mes
1400 4450 1498 4497 mices.

339 4520 353 4567 l
370 4526 526 4579 ωπὶοωτῑωυ
542 4533 575 4585 A.
595 4527 714 4577 euulseero
730 4530 758 4576 B.
836 4540 866 4575 m.
887 4542 980 4577 mauors
995 4532 1022 4587 F,
1038 4532 1071 4589 B,
1086 4530 1175 4577 muneri
1189 4533 1219 4578 A.
1298 4543 1322 4577 n.
1340 4525 1386 4577 aio
1401 4544 1459 4576 corr.
1474 4530 1498 4575 tn

340 4601 376 4649 ric
390 4608 414 4663 F,
428 4606 468 4655 uio
484 4614 512 4667 A,
527 4610 556 4656 B.
634 4621 656 4655 o.
675 4606 821 4665 infrenduit,
837 4607 1029 4665 B,iulundet1.

403 4712 425 4766 1.
443 4710 809 4783 quopewmeeurgeno.
864 4712 1140 4783 aseeosergnuee
1151 4712 1324 4785 sescena
1376 4711 1499 4781 auem

341 4793 484 4857 omae:
503 4800 888 4873 „messanenses
904 4801 1164 4872 emersissem.
1249 4800 1278 4857 e
1299 4798 1502 4871 nemun

342 4884 464 4947 “vidisse
479 4894 556 4962 puto.
644 4890 672 4947 b.
695 4890 775 4961 riget
