4342 6034
541 898 591 953 ‘151

526 972 608 1019 Noui

539 3843 590 3897 751

524 3916 581 3962 Nor.
590 3916 606 3963 4

625 732 690 801 aad
852 748 879 796 s.
895 746 1074 797 normann
1096 748 1141 795 ur
1161 746 1265 796 uuum
1285 744 1474 795 armoenia
1492 746 1532 795 ae
1546 743 1577 791 ar

624 910 688 959 non
711 888 982 959 oommnuieabit·.
1018 888 1084 976 Ipsi
1108 888 1193 955 euim
1215 886 1532 974 oondempuabuutnr
1551 886 1587 953 iu
1608 885 1661 952 die
1682 884 1753 951 irae
1772 888 1804 951 et

624 1006 826 1075 revelationis
849 1005 970 1073 domini
993 1010 1026 1071 et
1048 1003 1216 1072 salvatoris
1238 1002 1571 1087 nostrileauchristi
1593 1002 1671 1069 dum
1686 1000 1804 1067 sederit
1920 1047 1921 1106 ᾗ

624 1123 666 1191 ad
692 1120 895 1189 iudicandum
925 1141 1024 1205 genus
1051 1121 1241 1202 humanum3
1271 1120 1355 1187 sieut
1376 1120 1532 1207 seriptum
1553 1125 1616 1187 eote
1647 1118 1804 1207 sopato
1920 1119 1921 1122 ’

625 1262 680 1326 epo
703 1242 859 1319 renatam,
884 1241 962 1305 dicit
984 1239 1145 1305 Dominus
1154 1233 1171 1301 ¹.

713 1354 843 1421 Etenim
865 1352 1057 1438 desolaris,
1080 1352 1327 1421 christianorum
1348 1356 1468 1419 terram
1488 1349 1755 1433 inhabitantibus,
1775 1350 1804 1415 si
1920 1403 1921 1406 ,

625 1474 770 1556 oporteat
792 1488 922 1537 oensum
946 1470 1100 1556 aoeipere,
1126 1468 1331 1551 interrogasti
1351 1467 1459 1535 frater.
1494 1466 1556 1534 Hie
1578 1466 1708 1552 quidem
1730 1485 1804 1533 eou-

625 1585 732 1652 silium
753 1606 817 1653 non
838 1584 989 1669 indigem
1013 1585 1089 1651 dnm
1111 1584 1160 1651 rei
1181 1604 1277 1651 eausa
1300 1590 1349 1651 est
1367 1583 1546 1651 manifesta
1583 1582 1619 1649 Si
1633 1583 1721 1649 enim
1737 1581 1805 1649 eine

624 1700 743 1769 tributo
778 1701 933 1785 sederint,
967 1700 1071 1787 ipsam
1100 1700 1289 1785 quandoque
1315 1700 1479 1787 propriam
1507 1698 1570 1766 sibi
1596 1698 1807 1765 vindieabuut

624 1822 759 1899 terram3
783 1818 909 1885 sivero
932 1816 1087 1883 tributum
1111 1816 1265 1901 dederint,
1288 1821 1422 1883 norunt:
1445 1816 1676 1883 dominatorem
1698 1815 1805 1901 ipsam

623 1931 741 2001 habere
763 1937 891 2001 terram.

712 2048 796 2115 Nam
818 2048 931 2116 etheo
953 2047 1105 2132 flagitasti
1127 2047 1271 2132 anobis,
1298 2047 1498 2115 sanctissime
1518 2047 1633 2115 frater:
1662 2047 1698 2113 in
1719 2048 1807 2115 saori

624 2165 754 2233 eanouis
776 2164 1011 2251 praedieatione
1034 2169 1112 2249 quot
1133 2163 1260 2231 inlotis
1275 2183 1384 2231 oruoes
1399 2163 1503 2231 faeere
1518 2163 1703 2247 debeantur,
1727 2168 1807 2231 tuae
1920 2227 1921 2232 ,

623 2279 836 2365 significemus
859 2280 1030 2347 sanctitati.
1065 2278 1158 2347 Votis
1179 2285 1287 2347 autem
1308 2281 1373 2347 tuis
1395 2280 1566 2347 elementer
1587 2278 1746 2364 intimati,
1772 2280 1805 2345 in

622 2396 744 2463 rotulo⁰
760 2396 833 2463 dato
856 2396 1018 2483 praedicto
1033 2394 1095 2462 Lul
1110 2395 1257 2479 religioso
1271 2395 1450 2483 presbitero
1463 2402 1530 2481 tuo,
1552 2416 1610 2482 per
1624 2395 1696 2463 looa
1711 2396 1806 2479 signa

623 2518 752 2579 sanotae
774 2513 875 2579 erneis
899 2517 1015 2597 quante
1037 2510 1107 2578 fieri
1127 2512 1273 2596 debeant,
1295 2510 1469 2579 infiximus.

714 2628 772 2695 His
801 2628 927 2695 autem*
956 2649 991 2695 se
1019 2627 1224 2713 habentibus,
1254 2628 1385 2695 Domini
1411 2629 1634 2715 depredamur·
1661 2626 1802 2696 olemeu·

624 2744 713 2827 tiam,
736 2744 810 2811 lieet
831 2750 1022 2831 peeoatores,
1046 2749 1082 2810 ut
1105 2765 1161 2811 suo
1184 2750 1216 2811 te
1232 2745 1356 2811 muniat
1374 2750 1408 2811 et
1420 2744 1578 2811 eonfortet
1592 2743 1712 2811 anxilio
1726 2765 1802 2812 nos·
1865 2771 1868 2775 ·

624 2880 685 2947 que
722 2866 840 2927 annuet
867 2861 1089 2947 prosperitatis
1117 2866 1192 2929 tuae
1219 2880 1344 2947 semper
1370 2861 1457 2927 laeta
1485 2861 1647 2947 suseipere
1673 2862 1800 2929 nuntia.

623 2976 710 3045 Deus
732 2982 765 3044 te
786 2976 977 3045 ineolumem
995 2977 1162 3061 custodiat,
1185 2976 1439 3045 reverentissime
1453 2976 1562 3043 frater.
1595 2975 1682 3043 Data
1695 2978 1802 3064 pridie

622 3092 730 3161 Nonas
753 3092 955 3178 Nouembris,
983 3094 1160 3179 imperante
1181 3093 1298 3161 domno
1321 3094 1464 3179 piissimo
1487 3097 1621 3177 augusto
1643 3092 1801 3161 Gousmn-

622 3210 690 3277 tino
714 3208 818 3277 aDeo
843 3214 991 3275 eoronato
1014 3228 1130 3292 magno
1151 3209 1344 3295 imperatore
1365 3228 1448 3275 anno
1470 3208 1632 3277 tricesimo
1649 3210 1799 3293 seeundo,

623 3330 696 3411 post
718 3323 933 3392 consulatum‘
955 3325 1023 3391 eius
1047 3344 1129 3392 auno
1150 3325 1327 3410 undecimo,
1349 3325 1522 3393 indietione
1544 3326 1663 3411 quinta

624 3582 687 3653 81.
709 3583 888 3649 Zachariae
902 3606 992 3669 popa
1003 3583 1171 3667 Bonifatio
1187 3586 1332 3671 epecopo
1348 3596 1377 3650 et
1388 3588 1454 3649 eiua
1466 3584 1693 3650 succesoribus
1705 3586 1799 3651 ecolo-

712 3702 793 3765 aiom
800 3700 1023 3785 Moquotioom
1034 3703 1147 3765 maeret
1156 3701 1259 3765 eedem
1269 3702 1545 3787 metropolitanam
1551 3708 1573 3764 ¹.
1586 3698 1639 3782 (W
1644 3698 1797 3785 sama)

680 3852 684 3867 ‘
711 3832 880 3899 Zacharias
903 3852 988 3919 papa
1001 3832 1159 3900 Bonifatio
1183 3832 1331 3920 episeopo
1355 3840 1482 3901 sanotae
1502 3832 1652 3901 ecelesiae
1666 3832 1797 3918 Mogon-

622 3948 697 4033 tiao,
720 3954 753 4015 et
775 3968 831 4034 per
854 3948 982 4015 eumin
1006 3948 1116 4017 eadem
1138 3948 1336 4017 uenerabileh
1354 3948 1514 4035 eeclesiae,
1537 3954 1723 4038 perpetuam
1747 3970 1797 4017 sa·

622 4063 732 4131 lutem.

712 4180 852 4259 Qualiter
879 4180 1024 4247 dominus
1047 4180 1133 4247 Deus
1160 4186 1269 4249 noster
1297 4182 1489 4269 propitiatus
1516 4182 1559 4248 sit
1581 4186 1613 4249 et
1634 4180 1795 4249 laboribus

623 4296 821 4365 sanctissime
848 4296 1056 4364 fraternitatis
1083 4302 1157 4363 tuae
1186 4302 1372 4385 cooperator
1400 4298 1557 4382 extiterit,
1586 4318 1644 4385 per
1671 4298 1795 4382 singula

695 4524 715 4558 a
735 4511 909 4559 communicarit
924 4514 979 4559 Mc.
1056 4510 1080 4557 b.
1100 4528 1158 4557 corr.
1173 4514 1197 4557 r'n
1210 4510 1301 4569 indigae
1317 4515 1344 4562 ι’.
1421 4524 1443 4559 a
1462 4512 1539 4558 rotulo
1554 4528 1612 4558 cm.
1625 4514 1648 4558 tn
1664 4511 1745 4558 reduto
1757 4514 1790 4558 n.

622 4591 646 4637 d.
665 4592 699 4638 ita
714 4594 771 4639 add.
789 4596 815 4641 C.
908 4605 928 4637 o.
949 4590 1098 4650 deprecamus
1114 4594 1148 4638 Μ.
1241 4590 1257 4637 f.
1277 4593 1344 4652 pater
1359 4594 1397 4645 n,
1417 4591 1508 4654 imperii
1527 4594 1551 4638 ta
1566 4593 1638 4638 teme
1654 4594 1680 4640 c.
1703 4592 1791 4651 seipse

621 4672 676 4731 post
695 4672 849 4728 consulatum
869 4689 890 4717 o.
906 4687 976 4730 supra
990 4688 1014 4731 p.
1032 4670 1068 4717 17.
1150 4684 1172 4731 g.
1192 4690 1222 4718 e:
1238 4675 1267 4719 Μ
1281 4670 1344 4727 btv,
1366 4675 1387 4720 C
1401 4670 1530 4719 tto-40.
1558 4673 1611 4721 siu
1633 4675 1736 4720 mate
1751 4673 1791 4727 113

621 4748 725 4811 Epistola
739 4750 861 4799 Zachariae
876 4750 906 4797 ad
921 4749 1059 4797 Bonifatium
1076 4752 1103 4799 C.
1180 4750 1204 4799 h.
1224 4769 1281 4799 corr.
1291 4754 1315 4799 is
1331 4753 1355 4799 et
1369 4763 1411 4811 par
1426 4765 1478 4799 eum
1493 4751 1569 4800 eidam
1584 4751 1708 4801 venerabili
1725 4754 1751 4801 C.

694 4856 718 4911 1.
743 4854 784 4911 Of.
802 4855 899 4911 ierem.
912 4854 956 4926 50,
969 4854 1013 4926 31,
1031 4852 1123 4912 Iaoob.
1136 4856 1163 4927 4,
1176 4857 1202 4913 6.
