4342 6034
632 714 698 783 282
838 731 865 781 s.
881 730 1059 779 normann
1079 730 1124 779 uu
1146 730 1249 779 nunu
1270 729 1458 779 sereremus
1481 730 1533 777 no.
1551 729 1596 777 nr

470 882 612 937 757-772
720 871 867 941 Misimus
889 871 978 940 vobis
1001 882 1135 939 nomen·
1158 872 1267 939 domni
1288 870 1424 964 Romani
1446 866 1632 959 episeopi'¹,
1661 890 1722 956 pro
1746 890 1807 955 quo

630 988 845 1073 unusquisque
875 992 1016 1055 vestrum
1043 987 1176 1070 triginta
1204 987 1318 1053 missas
1345 992 1466 1069 eantet3
1497 992 1529 1053 et
1555 986 1627 1053 illos
1654 986 1807 1073 psalmos,

630 1109 663 1173 et
684 1105 837 1171 ieiunium
859 1104 950 1169 iuxta
971 1102 1229 1169 constitutionem
1251 1108 1404 1169 nostram.
1474 1100 1627 1169 Similiter
1649 1122 1709 1189 pro
1730 1102 1808 1169 duo-

630 1220 689 1287 bus
716 1220 806 1285 laiois
834 1219 962 1285 nomine
989 1215 1178 1302 Megenlrith
1206 1223 1238 1285 et
1260 1217 1391 1285 Hrabau
1419 1217 1528 1285 deoem
1555 1219 1688 1285 missae·
1710 1238 1809 1285 unus-

631 1336 764 1422 quisque
784 1338 928 1401 veetrum
949 1339 1064 1401 cantet.

720 1448 831 1517 Valete
852 1449 887 1517 in
908 1448 977 1515 Deo
1000 1468 1136 1536 semper.

636 1777 722 1847 117.
742 1779 901 1865 Eauwolf
925 1779 1023 1844 obbas
1045 1777 1141 1843 laelio
1170 1780 1315 1863 episeopo
1344 1778 1383 1841 de
1411 1777 1543 1863 epietolo
1564 1779 1662 1843 rubea
1683 1781 1807 1863 quatior

744 1899 821 1981 opit.
866 1895 971 1959 Addit
992 1896 1031 1959 de
1051 1896 1170 1959 mutare
1188 1893 1338 1979 precibus
1351 1889 1544 1977 saoieudtv‘.

1400 2004 1435 2087 (S
1452 2008 1505 2091 93,
1529 2003 1569 2072 W
1587 2008 1660 2090 125,
1684 2004 1713 2074 G
1733 2009 1806 2091 115)

544 2150 597 2233 773
671 2143 704 2209 ·l·
726 2142 863 2209 Domino
902 2140 1104 2209 desiderabili
1143 2160 1180 2207 ao
1214 2140 1283 2207 iure
1320 2139 1494 2207 venerabili
1528 2138 1677 2227 episeopo
1715 2139 1806 2209 Lullo

521 2222 616 2269 Μ
631 2259 761 2325 Eanwlf
785 2278 895 2325 servus
916 2256 1034 2323 Christi
1053 2256 1126 2323 Iesu
1149 2274 1213 2323 uua
1235 2275 1306 2322 oum
1329 2255 1505 2340 conservis,
1535 2255 1589 2341 qui
1610 2275 1736 2323 meeum
1758 2256 1806 2323 bis

632 2376 667 2441 in
689 2375 768 2442 loeis
798 2373 1023 2439 suavissimum
1051 2371 1209 2455 euangelii
1231 2372 1340 2455 iugum
1362 2391 1421 2457 pro
1444 2370 1634 2437 invenienda
1655 2372 1690 2439 in
1712 2371 1807 2441 oaelis

631 2491 757 2575 requie·
779 2489 907 2555 trabere
928 2488 1077 2572 gaudent,
1100 2492 1264 2574 perpetem
1286 2487 1321 2553 in
1342 2486 1480 2553 Domino
1504 2486 1649 2553 salutem.

720 2604 820 2672 Multo
851 2604 978 2689 quidem
1001 2602 1116 2687 gaudio
1139 2602 1329 2671 deleetatum
1353 2607 1401 2669 eet
1423 2622 1477 2669 eor
1499 2608 1660 2685 nostrum,
1691 2624 1807 2689 magna

634 2720 826 2788 exultatione
854 2720 963 2803 lingua
990 2720 1147 2803 insonuit,
1175 2738 1250 2785 nam
1279 2718 1355 2785 dum
1377 2722 1465 2786 tante
1487 2718 1536 2785 vir
1560 2718 1746 2785 eruditionis
1769 2739 1805 2787 aa

634 2837 812 2905 sanctitatis
841 2834 897 2902 ad¹
919 2855 977 2901 nos
999 2834 1123 2901 litteras
1146 2834 1375 2900 transmiserat.
1418 2833 1617 2921 Quapropter
1639 2840 1804 2921 paternam

632 2958 706 3020 tuae
720 2952 862 3019 caritatis
877 2950 1088 3018 reverentiam
1104 2950 1333 3033 obsecramus⁸‚
1356 2954 1401 3034 ut,
1418 2969 1544 3036 semper
1558 2951 1659 3017 nostri
1673 2970 1803 3036 memor,

633 3068 792 3155 supplioee
814 3086 874 3153 pro
896 3066 988 3133 nobis
1010 3066 1147 3132 Domino
1169 3086 1279 3152 praees
1304 3063 1415 3133 offerre
1437 3084 1501 3133 nou
1530 3065 1718 3149 refrageris3
1747 3086 1804 3135 nos

633 3185 681 3250 tui
704 3202 829 3269 quoque
850 3183 952 3249 soiens
975 3200 1101 3268 semper
1123 3182 1259 3249 existere
1278 3202 1445 3265 memores,
1468 3182 1497 3247 si
1517 3181 1593 3265 quid
1612 3186 1679 3247 tam
1695 3182 1805 3249 vilium

636 3300 722 3387 apud
743 3298 916 3365 Dominum
944 3296 1029 3363 valet
1056 3297 1236 3384 deprecatio
1258 3316 1430 3365 servorum.
1477 3296 1636 3375 Quantum
1658 3298 1745 3364 enim
1766 3298 1805 3365 de

633 3416 720 3481 omni
742 3420 847 3480 vestro
870 3418 1022 3499 proveatu
1042 3413 1145 3497 gavisi
1160 3432 1278 3496 sumus,
1303 3419 1515 3499 quantamque
1531 3413 1701 3500 superbis,
1724 3434 1805 3499 quae

633 3532 669 3599 in
691 3529 869 3618 peregrinis
891 3528 968 3595 loeis
991 3528 1081 3594 vobis
1104 3548 1258 3615 prospera
1285 3534 1462 3613 cesserunt,
1490 3528 1646 3595 laetitiam
1673 3529 1804 3596 habore-

633 3649 720 3715 musl
745 3645 851 3730 Teque
872 3664 966 3710 nosse
988 3644 1143 3727 volumus,
1167 3644 1251 3729 quod
1272 3645 1332 3711 hoo
1353 3644 1580 3731 perpetualiter
1596 3644 1739 3711 studium
1753 3666 1805 3713 oa·

633 3762 755 3845 nitatis,
784 3762 847 3827 tuis
876 3761 998 3827 meritis
1021 3758 1280 3846 impetrantibus,
1304 3760 1516 3828 observemus.
1563 3760 1726 3845 Tuamque
1748 3782 1805 3849 por

636 3878 744 3945 omnia
765 3876 981 3943 desideramus
1008 3876 1181 3941 amicitiam
1209 3876 1340 3959 mereri,
1369 3875 1510 3943 volentes
1533 3876 1597 3963 ipsi
1620 3896 1676 3962 per
1698 3877 1805 3943 omnia

635 4000 708 4061 tuae
730 3993 833 4059 iustae
854 3992 1027 4059 voluntatis
1043 3991 1262 4077 obtemperare
1277 3990 1421 4058 decretis.
1456 3991 1563 4059 Etiam
1578 3990 1715 4059 Domino
1731 4013 1804 4080 pro·

634 4114 780 4192 curante,
804 4108 928 4193 quando
951 4106 1147 4190 ingrediente
1169 4112 1201 4173 te
1223 4106 1308 4173 mam
1330 4108 1497 4175 universae
1518 4113 1623 4177 terrae
1645 4114 1741 4193 atque
1765 4108 1804 4175 ad

634 4225 759 4311 premia
784 4225 868 4291 vitae
897 4227 1043 4290 aeternae
1070 4222 1238 4309 perducto,
1266 4227 1342 4289 tuno
1369 4227 1458 4291 tuum
1488 4224 1666 4291 venerabile
1688 4244 1802 4293 nomeu

633 4340 831 4427 disponimds
860 4339 997 4405 seribere
1024 4358 1097 4405 oum
1124 4337 1303 4406 nominibus
1326 4340 1545 4426 episeoporum
1568 4344 1750 4408 nostrorum
1771 4344 1802 4407 et

706 4558 728 4591 a.
750 4544 842 4591 nomina
859 4544 887 4591 V.
976 4542 1000 4589 b.
1023 4542 1086 4602 spise
1105 4543 1132 4589 V.
1224 4555 1243 4588 e.
1267 4542 1337 4589 misas
1355 4544 1383 4591 V.
1469 4542 1491 4590 d.
1515 4562 1544 4590 es
1561 4546 1586 4593 7
1598 4544 1725 4593 ta-oav.
1750 4547 1799 4593 Sin

633 4625 744 4669 masa.
823 4637 843 4670 a.
865 4622 957 4683 requiu
975 4622 1003 4669 7.
1080 4622 1097 4670 t.
1117 4624 1142 4669 et
1158 4622 1186 4669 7.
1264 4634 1285 4681 q.
1307 4620 1388 4669 obse&
1405 4622 1432 4671 V.

705 4728 731 4781 1.
753 4726 832 4783 Lullo
850 4726 1037 4796 episoopatum
1055 4731 1177 4796 gerente,
1195 4724 1339 4796 pontilioee
1356 4726 1472 4783 Romani
1489 4726 1617 4785 obierunt
1629 4726 1670 4784 bi:
1688 4726 1796 4798 Stepha-

633 4829 686 4869 nus
704 4814 744 4869 111
762 4830 788 4871 a.
801 4816 861 4885 757,
880 4815 980 4870 Paulus
998 4814 1011 4869 1
1029 4831 1054 4870 a.
1068 4816 1129 4885 767,
1148 4814 1304 4884 Stephanus
1322 4816 1359 4871 IV
1379 4830 1405 4871 a
1419 4816 1479 4871 772.
