4342 6034
649 766 838 816 anissonios
858 766 1088 815 uoousnnmu
1111 766 1149 813 au.
1162 767 1193 813 aa
1436 746 1502 817 800

350 903 441 989 serim,
463 926 535 973 sero
557 906 697 990 tandem,
719 908 804 991 quod
818 907 921 994 primo
937 906 1042 989 debui,
1064 922 1210 975 reversus
1226 906 1267 973 ad
1281 905 1503 975 inexhaustum
1522 915 1591 971 leot

349 1020 483 1089 scientiae
504 1021 625 1092 iontem
640 1022 811 1106 Christum,
834 1022 895 1090 Dei
916 1023 1067 1089 uirtutem
1083 1027 1117 1091 et
1130 1021 1191 1089 Dei
1205 1021 1405 1109 sapientiam,
1429 1042 1504 1107 que·

348 1136 400 1201 sits
419 1142 599 1205 sauotorum
620 1158 697 1224 ope,
719 1138 780 1205 etsi
801 1157 866 1205 uon
887 1142 925 1204 ut
946 1138 1041 1205 debui
1063 1144 1120 1204 aut
1142 1137 1243 1219 uolui,
1266 1142 1303 1204 ut
1321 1142 1429 1205 tamen
1447 1156 1505 1225 po·

348 1250 394 1334 tui,
415 1252 449 1317 in
462 1251 564 1338 ipsius
577 1254 707 1321 nomine
720 1254 855 1321 statuum
870 1260 1050 1321 nostrorum
1066 1252 1233 1337 desiderio,
1255 1255 1354 1321 immo
1369 1274 1505 1340 pauper·
1597 1266 1603 1285 ‘

347 1365 434 1433 tetulo
453 1373 592 1453 nostrae,
614 1375 785 1454 utoumque
806 1368 1013 1436 scribtitnudo
1036 1368 1184 1435 satisfeci.

424 1481 513 1561 Quod
535 1484 628 1570 quala
650 1485 766 1570 quidve
788 1485 847 1568 sit,
876 1485 951 1569 quin
977 1504 1049 1570 uos,
1078 1483 1266 1551 uenerabilis
1289 1488 1396 1570 pater,
1429 1504 1506 1571 pree

348 1598 480 1665 omnibus
509 1604 542 1667 et
569 1600 724 1667 arbitrum
752 1606 785 1667 et
811 1600 1009 1667 defensorem
1031 1620 1071 1667 ex
1094 1600 1199 1671 debito
1223 1619 1355 1685 quaero,
1383 1607 1420 1667 ut
1449 1601 1506 1667 ali-
1551 1669 1558 1679 ,

347 1715 519 1801 quantisper
548 1736 658 1785 aurem
693 1716 930 1783 aoeommodare
960 1716 1150 1799 dignemini,
1185 1715 1370 1802 supplioiter
1399 1738 1505 1785 exoro.

347 1828 427 1913 Quin
449 1830 676 1917 quoleeumque
697 1833 751 1916 sit,
772 1833 869 1899 etiam
891 1833 920 1899 si
939 1832 1073 1899 alieuius
1090 1832 1243 1899 momenti
1257 1832 1363 1917 tuerit,
1388 1832 1507 1919 absque

345 1947 432 2013 sesni
455 1952 632 2016 oommeetu
651 1948 760 2015 iudioii
779 1968 905 2015 osseum
927 1948 990 2015 erit
1007 1953 1040 2014 et
1052 1946 1161 2029 uihili;
1184 1954 1218 2015 at
1232 1948 1260 2015 si
1275 1948 1364 2018 uobis
1380 1954 1507 2017 auotore

347 2061 490 2149 tuebitur,
511 2063 631 2131 nullius
653 2063 873 2149 suggillatione
895 2063 1074 2131 torrebitur.

326 2220 330 2226 -
425 2177 497 2245 Non
525 2180 668 2263 ignotam
695 2180 784 2247 texui
811 2179 994 2262 historiam,
1021 2198 1086 2245 non
1114 2179 1368 2247 mmmeutieios·
1391 2178 1509 2262 digessi

346 2292 553 2379 syllogismos,
580 2315 645 2362 non
673 2294 808 2362 moralia
833 2300 890 2362 out
916 2293 1052 2381 mystica
1080 2294 1217 2361 arohaua
1242 2293 1376 2361 eondere
1397 2294 1508 2378 stetui,

346 2410 449 2491 quibus
471 2410 615 2497 spiritale
635 2410 715 2479 illud
739 2409 908 2479 aecclesiae
928 2410 1083 2477 lenonium
1106 2415 1139 2477 ot
1161 2410 1251 2479 duloe
1267 2410 1352 2497 sepit
1365 2415 1399 2477 et
1411 2430 1509 2477 suave

345 2525 466 2593 redolet
511 2525 588 2595 Sola
609 2526 688 2593 mihi
710 2527 867 2595 scribendi
889 2528 1025 2594 materia
1046 2530 1079 2592 et
1101 2546 1197 2593 eausa
1227 2531 1289 2595 eet:
1320 2526 1353 2593 in
1381 2525 1508 2593 landem

345 2642 514 2727 martirum,
537 2662 670 2727 quorum
693 2642 874 2729 passionem
895 2642 1011 2709 habero
1031 2660 1098 2709 uon
1119 2658 1303 2728 possumus,
1326 2660 1509 2709 sermunou-

344 2754 413 2841 lum,
426 2764 524 2845 prout
537 2758 669 2846 spiritus
684 2758 745 2825 Dei
760 2756 925 2840 afflaverit,
941 2758 1159 2841 undenumque
1175 2776 1358 2845 eongenerm
1377 2778 1509 2825 nomon·

345 2890 398 2956 que
411 2894 533 2959 eorum,
548 2875 694 2941 adiuncto
706 2873 824 2941 Christi
838 2872 1000 2955 vocabulo,
1015 2872 1160 2939 subnixia
1175 2874 1406 2959 seripturarum
1416 2892 1509 2959 pras·

345 2990 447 3075 ωιιὶἰι,
469 2990 610 3057 oaneudo
632 2996 665 3057 et
686 2989 818 3073 legendo
840 2990 874 3055 in
894 2972 1045 3056 aeeclesia
1066 2988 1194 3055 recitari
1209 2988 1314 3058 leone
1329 2994 1362 3057 et
1375 2987 1508 3057 laudari.

345 3103 426 3183 Quod
455 3113 492 3173 ut
517 3106 609 3175 uobis
636 3110 801 3191 aeoeptum
824 3112 880 3172 aut
901 3124 959 3191 per
981 3124 1036 3169 uos
1058 3109 1163 3171 ratum
1186 3104 1361 3190 ceterisque
1384 3109 1510 3189 gratum

345 3218 602 3305 detinerentur,
625 3220 871 3305 suffragantibus
894 3219 1065 3287 eorundem
1087 3224 1270 3289 sauotorum
1293 3240 1422 3287 suorum
1443 3240 1511 3288 me·

346 3336 424 3422 uitis,
455 3338 495 3405 ab
522 3359 560 3405 eo
590 3338 715 3406 enixius
742 3336 896 3423 imploro,
925 3335 982 3421 ‚qui
1004 3341 1037 3402 et
1058 3335 1151 3403 bonis
1174 3356 1300 3423 semper
1321 3336 1458 3424 repleuit
1479 3340 1511 3404 et

345 3452 461 3539 repleat
480 3454 585 3521 adhue
598 3453 790 3521 desiderium
805 3458 957 3535 ossuum,
979 3458 1013 3519 et
1027 3470 1088 3535 ma
1112 3450 1230 3519 nullius
1244 3472 1379 3539 persone
1393 3450 1510 3519 nullius

346 3568 488 3638 scientiae
515 3574 573 3635 eut
598 3569 706 3637 meriti
734 3567 975 3651 homunculum,
1006 3568 1042 3633 in
1067 3568 1118 3652 id,
1146 3572 1317 3654 uespere,
1347 3568 1512 3653 instigavit

345 3682 491 3753 instruxit
510 3690 545 3754 et
565 3684 734 3753 roboravit
769 3683 830 3763 Qui
852 3685 932 3751 vivit
953 3689 986 3751 et
1006 3690 1120 3767 regnae
1141 3684 1175 3751 iu
1197 3683 1312 3751 sseula

348 3892 403 3966 22.
428 3898 614 3967 Trotmoma
637 3900 916 3965 Loareslsomeeeis
939 3898 1090 3964 Bubboui
1115 3898 1224 3965 monti
1248 3900 1375 3985 eiusque
1388 3897 1510 3982 fratri·

428 4016 485 4081 daea
508 4038 601 4082 suom
622 4018 660 4081 de
682 4014 719 4082 S.
735 4014 879 4080 Nazario
902 4036 1074 4080 sennonem
1097 4012 1318 4082 commodat

428 4146 612 4215 Venerabili
632 4147 701 4214 viro
724 4146 840 4213 domno
853 4145 999 4213 Bubboui
1021 4141 1145 4213 abbati¹
1166 4145 1349 4231 onustisque
1370 4145 1404 4211 in
1420 4142 1511 4211 enri-
1531 4159 1599 4213 1007

346 4266 391 4327 eto
412 4263 536 4333 dilectis
557 4263 709 4330 iratribus
726 4261 949 4345 T(rotmarus),
971 4268 1118 4348 pensator
1141 4266 1348 4345 cognomento
1365 4260 1511 4327 christis·

346 4394 411 4462 nus,
432 4384 605 4466 utoumque
625 4384 733 4446 tamen
754 4379 913 4465 prespiter
936 4387 968 4445 et
988 4378 1173 4461 monachus,
1195 4376 1329 4445 salutem
1353 4394 1463 4461 pooem
1480 4380 1513 4443 et

347 4494 491 4573 studium
513 4496 548 4563 iu
569 4493 767 4579 longitudine
787 4493 920 4562 dierum.

413 4648 436 4683 a.
455 4636 630 4685 mantio·
642 4654 663 4683 a.
724 4635 748 4683 b.
769 4637 807 4683 ιι
816 4635 869 4683 eod.
879 4635 933 4683 eor.
943 4638 1094 4683 manda
1107 4634 1288 4695 wendengus
1300 4632 1340 4681 10.
1350 4636 1370 4689 s.
1379 4632 1410 4679 tt
1425 4631 1512 4679 matr.

349 4730 405 4762 tm.
411 4720 451 4765 11
463 4720 508 4775 fol.
517 4719 547 4765 91
554 4736 568 4765 e
574 4742 602 4751 -
608 4717 665 4763 see.

414 4804 439 4858 1.
462 4801 691 4859 Laureshsmensi
708 4798 744 4855 ab
761 4816 787 4856 n
801 4800 871 4857 1000
888 4799 948 4855 sive
961 4800 1030 4855 1006
1042 4798 1079 4855 ad
1090 4815 1116 4855 a.
1131 4800 1208 4854 1017.
1232 4798 1267 4854 V.
1280 4796 1351 4853 Dalii
1369 4794 1511 4852 Bosohrei·

350 4885 420 4961 hung
436 4891 488 4948 des
504 4890 713 4947 ltirstenthum
731 4889 834 4946 Lerseh
851 4904 878 4959 p.
891 4889 935 4944 64.

1239 4983 1300 5039 23*
