<?xml version="1.0" encoding="UTF-8"?>
<!DOCTYPE html PUBLIC "-//W3C//DTD XHTML 1.0 Transitional//EN"
    "http://www.w3.org/TR/xhtml1/DTD/xhtml1-transitional.dtd">
<html xmlns="http://www.w3.org/1999/xhtml" xml:lang="en" lang="en">
 <head>
  <title>
</title>
<meta http-equiv="Content-Type" content="text/html;charset=utf-8" />
  <meta name='ocr-system' content='tesseract 3.04.00' />
  <meta name='ocr-capabilities' content='ocr_page ocr_carea ocr_par ocr_line ocrx_word'/>
</head>
<body>
  <div class='ocr_page' id='page_1' title='image "./monumentamogunt00lulgoog/monumentamogunt00lulgoog_0661.png"; bbox 0 0 4342 6034; ppageno 0'>
   <div class='ocr_carea' id='block_1_1' title="bbox 561 786 1528 853">
    <p class='ocr_par' dir='ltr' id='par_1_1' title="bbox 561 786 1528 853">
     <span class='ocr_line' id='line_1_1' title="bbox 561 786 1528 853; baseline 0.003 -5"><span class='ocrx_word' id='word_1_1' title='bbox 561 800 642 849; x_wconf 75' lang='lat' dir='ltr'>vius</span> <span class='ocrx_word' id='word_1_2' title='bbox 663 802 820 849; x_wconf 74' lang='lat' dir='ltr'>annosus</span> <span class='ocrx_word' id='word_1_3' title='bbox 841 801 1104 851; x_wconf 72' lang='lat' dir='ltr'>ancumrrscorr</span> <span class='ocrx_word' id='word_1_4' title='bbox 1124 802 1324 852; x_wconf 68' lang='lat' dir='ltr'>moenium</span> <span class='ocrx_word' id='word_1_5' title='bbox 1462 786 1528 853; x_wconf 81' lang='lat'>643</span> 
     </span>
    </p>
   </div>
   <div class='ocr_carea' id='block_1_2' title="bbox 343 940 1654 1031">
    <p class='ocr_par' dir='ltr' id='par_1_2' title="bbox 343 940 1654 1031">
     <span class='ocr_line' id='line_1_2' title="bbox 343 940 1654 1031; baseline 0.002 -27"><span class='ocrx_word' id='word_1_6' title='bbox 343 940 533 1024; x_wconf 83' lang='lat' dir='ltr'>mutiensis,</span> <span class='ocrx_word' id='word_1_7' title='bbox 561 947 709 1028; x_wconf 73' lang='lat' dir='ltr'>presente</span> <span class='ocrx_word' id='word_1_8' title='bbox 736 963 860 1029; x_wconf 88' lang='lat' dir='ltr'>quoque</span> <span class='ocrx_word' id='word_1_9' title='bbox 885 945 1018 1011; x_wconf 88' lang='lat' dir='ltr'>nuncio·</span> <span class='ocrx_word' id='word_1_10' title='bbox 1040 944 1286 1031; x_wconf 87' lang='lat' dir='ltr'>archiepiscopi,</span> <span class='ocrx_word' id='word_1_11' title='bbox 1309 943 1451 1011; x_wconf 87' lang='lat' dir='ltr'>Arnoldo</span> <span class='ocrx_word' id='word_1_12' title='bbox 1474 964 1529 1011; x_wconf 90' lang='lat' dir='ltr'>cu-</span> <span class='ocrx_word' id='word_1_13' title='bbox 1584 952 1654 1008; x_wconf 82' lang='lat'>1159</span> 
     </span>
    </p>
   </div>
   <div class='ocr_carea' id='block_1_3' title="bbox 343 1024 1697 1143">
    <p class='ocr_par' dir='ltr' id='par_1_3' title="bbox 343 1024 1697 1143">
     <span class='ocr_line' id='line_1_3' title="bbox 343 1024 1697 1143; baseline -0.032 20"><span class='ocrx_word' id='word_1_14' title='bbox 343 1055 463 1122; x_wconf 52' lang='lat'>“⁰⁶⁰⁵</span> <span class='ocrx_word' id='word_1_15' title='bbox 483 1057 615 1123; x_wconf 63' lang='lat' dir='ltr'>m⁸i⁰¹i⁸</span> <span class='ocrx_word' id='word_1_16' title='bbox 638 1058 784 1143; x_wconf 61' lang='grc' dir='ltr'><strong>θθθῙθθῑθ,</strong></span> <span class='ocrx_word' id='word_1_17' title='bbox 813 1058 871 1125; x_wconf 92' lang='lat' dir='ltr'>snb</span> <span class='ocrx_word' id='word_1_18' title='bbox 893 1060 1075 1125; x_wconf 89' lang='lat' dir='ltr'>testimonio</span> <span class='ocrx_word' id='word_1_19' title='bbox 1098 1060 1195 1127; x_wconf 89' lang='lat' dir='ltr'>etiam</span> <span class='ocrx_word' id='word_1_20' title='bbox 1217 1059 1408 1127; x_wconf 88' lang='lat' dir='ltr'>Hartmenni</span> <span class='ocrx_word' id='word_1_21' title='bbox 1430 1061 1530 1127; x_wconf 91' lang='lat' dir='ltr'>maio-</span> <span class='ocrx_word' id='word_1_22' title='bbox 1538 1024 1697 1073; x_wconf 49' lang='lat' dir='ltr'>”mmm</span> 
     </span>
    </p>
   </div>
   <div class='ocr_carea' id='block_1_4' title="bbox 343 1171 1529 1263">
    <p class='ocr_par' dir='ltr' id='par_1_4' title="bbox 343 1171 1529 1263">
     <span class='ocr_line' id='line_1_4' title="bbox 343 1171 1529 1263; baseline 0.005 -26"><span class='ocrx_word' id='word_1_23' title='bbox 343 1171 398 1237; x_wconf 90' lang='lat' dir='ltr'>ris</span> <span class='ocrx_word' id='word_1_24' title='bbox 427 1173 583 1257; x_wconf 78' lang='lat' dir='ltr'>prepositi</span> <span class='ocrx_word' id='word_1_25' title='bbox 612 1172 762 1257; x_wconf 81' lang='lat' dir='ltr'>Sigiloui⁰</span> <span class='ocrx_word' id='word_1_26' title='bbox 788 1175 900 1241; x_wconf 84' lang='lat' dir='ltr'>decani</span> <span class='ocrx_word' id='word_1_27' title='bbox 929 1180 962 1241; x_wconf 90' lang='lat' dir='ltr'>et</span> <span class='ocrx_word' id='word_1_28' title='bbox 993 1176 1139 1257; x_wconf 78' lang='lat' dir='ltr'><strong>magistri</strong></span> <span class='ocrx_word' id='word_1_29' title='bbox 1167 1174 1375 1260; x_wconf 87' lang='lat' dir='ltr'>Willehelmi,</span> <span class='ocrx_word' id='word_1_30' title='bbox 1410 1176 1529 1263; x_wconf 88' lang='lat' dir='ltr'>absque</span> 
     </span>
    </p>
   </div>
   <div class='ocr_carea' id='block_1_5' title="bbox 344 1286 1618 4502">
    <p class='ocr_par' dir='ltr' id='par_1_5' title="bbox 344 1286 1531 2647">
     <span class='ocr_line' id='line_1_5' title="bbox 344 1286 1530 1378; baseline 0.003 -25"><span class='ocrx_word' id='word_1_31' title='bbox 344 1286 442 1353; x_wconf 92' lang='lat' dir='ltr'>omui</span> <span class='ocrx_word' id='word_1_32' title='bbox 469 1288 678 1355; x_wconf 86' lang='lat' dir='ltr'>diminutione</span> <span class='ocrx_word' id='word_1_33' title='bbox 705 1290 860 1372; x_wconf 84' lang='lat' dir='ltr'>reddatis3</span> <span class='ocrx_word' id='word_1_34' title='bbox 889 1292 994 1378; x_wconf 89' lang='lat' dir='ltr'>ipsam</span> <span class='ocrx_word' id='word_1_35' title='bbox 1017 1312 1141 1377; x_wconf 87' lang='lat' dir='ltr'>quoque</span> <span class='ocrx_word' id='word_1_36' title='bbox 1164 1292 1324 1359; x_wconf 83' lang='lat' dir='ltr'>civitatem</span> <span class='ocrx_word' id='word_1_37' title='bbox 1348 1312 1419 1357; x_wconf 88' lang='lat' dir='ltr'>cnm</span> <span class='ocrx_word' id='word_1_38' title='bbox 1443 1292 1530 1357; x_wconf 93' lang='lat' dir='ltr'>omni</span> 
     </span>
     <span class='ocr_line' id='line_1_6' title="bbox 344 1402 1530 1493; baseline 0.005 -26"><span class='ocrx_word' id='word_1_39' title='bbox 344 1402 424 1469; x_wconf 89' lang='lat' dir='ltr'>iure</span> <span class='ocrx_word' id='word_1_40' title='bbox 445 1403 618 1471; x_wconf 90' lang='lat' dir='ltr'>ethonore</span> <span class='ocrx_word' id='word_1_41' title='bbox 638 1404 686 1470; x_wconf 92' lang='lat' dir='ltr'>ita</span> <span class='ocrx_word' id='word_1_42' title='bbox 707 1405 851 1488; x_wconf 86' lang='lat' dir='ltr'>liberam,</span> <span class='ocrx_word' id='word_1_43' title='bbox 874 1406 957 1471; x_wconf 90' lang='lat' dir='ltr'>sieut</span> <span class='ocrx_word' id='word_1_44' title='bbox 979 1426 1049 1473; x_wconf 91' lang='lat' dir='ltr'>eam</span> <span class='ocrx_word' id='word_1_45' title='bbox 1071 1406 1191 1490; x_wconf 85' lang='lat' dir='ltr'>habuit,</span> <span class='ocrx_word' id='word_1_46' title='bbox 1215 1426 1287 1473; x_wconf 91' lang='lat' dir='ltr'>cnm</span> <span class='ocrx_word' id='word_1_47' title='bbox 1309 1407 1448 1493; x_wconf 88' lang='lat' dir='ltr'>apatria</span> <span class='ocrx_word' id='word_1_48' title='bbox 1463 1407 1530 1473; x_wconf 85' lang='lat' dir='ltr'>exi·</span> 
     </span>
     <span class='ocr_line' id='line_1_7' title="bbox 345 1518 1529 1606; baseline 0.003 -23"><span class='ocrx_word' id='word_1_49' title='bbox 345 1518 474 1601; x_wconf 82' lang='lat' dir='ltr'>vimus,</span> <span class='ocrx_word' id='word_1_50' title='bbox 503 1520 590 1586; x_wconf 90' lang='lat' dir='ltr'>omni</span> <span class='ocrx_word' id='word_1_51' title='bbox 616 1526 740 1587; x_wconf 89' lang='lat' dir='ltr'>remota</span> <span class='ocrx_word' id='word_1_52' title='bbox 767 1521 1029 1606; x_wconf 88' lang='lat' dir='ltr'>contradictione,</span> <span class='ocrx_word' id='word_1_53' title='bbox 1058 1524 1126 1589; x_wconf 91' lang='lat' dir='ltr'>eius</span> <span class='ocrx_word' id='word_1_54' title='bbox 1156 1522 1364 1589; x_wconf 78' lang='lat' dir='ltr'>dominationi</span> <span class='ocrx_word' id='word_1_55' title='bbox 1386 1522 1529 1589; x_wconf 88' lang='lat' dir='ltr'>subdatis</span> 
     </span>
     <span class='ocr_line' id='line_1_8' title="bbox 346 1635 1529 1725; baseline 0.003 -26"><span class='ocrx_word' id='word_1_56' title='bbox 346 1639 385 1700; x_wconf 91' lang='lat' dir='ltr'>et</span> <span class='ocrx_word' id='word_1_57' title='bbox 412 1635 597 1717; x_wconf 82' lang='lat' dir='ltr'>resignetis3</span> <span class='ocrx_word' id='word_1_58' title='bbox 626 1641 660 1702; x_wconf 90' lang='lat' dir='ltr'>et</span> <span class='ocrx_word' id='word_1_59' title='bbox 687 1637 727 1703; x_wconf 90' lang='lat' dir='ltr'>de</span> <span class='ocrx_word' id='word_1_60' title='bbox 749 1638 895 1704; x_wconf 90' lang='lat' dir='ltr'>omnibus</span> <span class='ocrx_word' id='word_1_61' title='bbox 917 1638 1016 1704; x_wconf 92' lang='lat' dir='ltr'>illatis</span> <span class='ocrx_word' id='word_1_62' title='bbox 1038 1638 1163 1705; x_wconf 88' lang='lat' dir='ltr'>iniuriis</span> <span class='ocrx_word' id='word_1_63' title='bbox 1186 1638 1249 1725; x_wconf 92' lang='lat' dir='ltr'>ipsi</span> <span class='ocrx_word' id='word_1_64' title='bbox 1271 1638 1412 1723; x_wconf 90' lang='lat' dir='ltr'>plenarie</span> <span class='ocrx_word' id='word_1_65' title='bbox 1436 1639 1529 1704; x_wconf 88' lang='lat' dir='ltr'>eatis-</span> 
     </span>
     <span class='ocr_line' id='line_1_9' title="bbox 346 1749 1530 1838; baseline 0.003 -23"><span class='ocrx_word' id='word_1_66' title='bbox 346 1749 522 1831; x_wconf 80' lang='lat' dir='ltr'>iacientes,</span> <span class='ocrx_word' id='word_1_67' title='bbox 552 1751 692 1817; x_wconf 89' lang='lat' dir='ltr'>debitum</span> <span class='ocrx_word' id='word_1_68' title='bbox 722 1753 873 1819; x_wconf 90' lang='lat' dir='ltr'>honorem</span> <span class='ocrx_word' id='word_1_69' title='bbox 901 1759 934 1819; x_wconf 93' lang='lat' dir='ltr'>et</span> <span class='ocrx_word' id='word_1_70' title='bbox 961 1754 1090 1838; x_wconf 82' lang='lat' dir='ltr'>diguam</span> <span class='ocrx_word' id='word_1_71' title='bbox 1114 1754 1324 1821; x_wconf 87' lang='lat' dir='ltr'>reverentiam</span> <span class='ocrx_word' id='word_1_72' title='bbox 1348 1754 1530 1820; x_wconf 87' lang='lat' dir='ltr'>cumomni</span> 
     </span>
     <span class='ocr_line' id='line_1_10' title="bbox 347 1866 1530 1955; baseline 0.003 -24"><span class='ocrx_word' id='word_1_73' title='bbox 347 1866 483 1931; x_wconf 87' lang='lat' dir='ltr'>servitio</span> <span class='ocrx_word' id='word_1_74' title='bbox 512 1867 542 1932; x_wconf 94' lang='lat' dir='ltr'>ei</span> <span class='ocrx_word' id='word_1_75' title='bbox 569 1866 609 1933; x_wconf 93' lang='lat' dir='ltr'>de</span> <span class='ocrx_word' id='word_1_76' title='bbox 636 1874 741 1934; x_wconf 90' lang='lat' dir='ltr'>cetero</span> <span class='ocrx_word' id='word_1_77' title='bbox 769 1870 917 1935; x_wconf 81' lang='lat' dir='ltr'>exhibere</span> <span class='ocrx_word' id='word_1_78' title='bbox 946 1870 992 1935; x_wconf 90' lang='lat' dir='ltr'>ita</span> <span class='ocrx_word' id='word_1_79' title='bbox 1015 1869 1187 1952; x_wconf 88' lang='lat' dir='ltr'>studeatis,</span> <span class='ocrx_word' id='word_1_80' title='bbox 1216 1875 1370 1955; x_wconf 88' lang='lat' dir='ltr'>quatenus</span> <span class='ocrx_word' id='word_1_81' title='bbox 1393 1870 1530 1953; x_wconf 72' lang='lat' dir='ltr'>gratim</span> 
     </span>
     <span class='ocr_line' id='line_1_11' title="bbox 347 1982 1529 2069; baseline 0.002 -21"><span class='ocrx_word' id='word_1_82' title='bbox 347 1982 432 2066; x_wconf 89' lang='lat' dir='ltr'>eius,</span> <span class='ocrx_word' id='word_1_83' title='bbox 456 2000 551 2066; x_wconf 90' lang='lat' dir='ltr'>quam</span> <span class='ocrx_word' id='word_1_84' title='bbox 572 1983 774 2051; x_wconf 88' lang='lat' dir='ltr'>vehementer</span> <span class='ocrx_word' id='word_1_85' title='bbox 796 1984 981 2069; x_wconf 82' lang='lat' dir='ltr'>offendistis,</span> <span class='ocrx_word' id='word_1_86' title='bbox 1004 1986 1196 2069; x_wconf 83' lang='lat' dir='ltr'>perdignos</span> <span class='ocrx_word' id='word_1_87' title='bbox 1219 1986 1339 2051; x_wconf 83' lang='lat' dir='ltr'>hactus</span> <span class='ocrx_word' id='word_1_88' title='bbox 1362 1985 1529 2051; x_wconf 70' lang='lat' dir='ltr'>consotio-</span> 
     </span>
     <span class='ocr_line' id='line_1_12' title="bbox 347 2096 1529 2187; baseline 0.003 -25"><span class='ocrx_word' id='word_1_89' title='bbox 347 2096 423 2163; x_wconf 73' lang='lat' dir='ltr'>nis⁴</span> <span class='ocrx_word' id='word_1_90' title='bbox 437 2098 527 2164; x_wconf 84' lang='lat' dir='ltr'>vobis</span> <span class='ocrx_word' id='word_1_91' title='bbox 542 2099 761 2181; x_wconf 90' lang='lat' dir='ltr'>reconcilietis,</span> <span class='ocrx_word' id='word_1_92' title='bbox 780 2104 812 2165; x_wconf 94' lang='lat' dir='ltr'>et</span> <span class='ocrx_word' id='word_1_93' title='bbox 826 2106 937 2166; x_wconf 89' lang='lat' dir='ltr'>nostra</span> <span class='ocrx_word' id='word_1_94' title='bbox 950 2100 1125 2187; x_wconf 90' lang='lat' dir='ltr'>imperialis</span> <span class='ocrx_word' id='word_1_95' title='bbox 1141 2100 1309 2167; x_wconf 88' lang='lat' dir='ltr'>clementia</span> <span class='ocrx_word' id='word_1_96' title='bbox 1323 2100 1407 2167; x_wconf 89' lang='lat' dir='ltr'>inter</span> <span class='ocrx_word' id='word_1_97' title='bbox 1422 2100 1529 2187; x_wconf 90' lang='lat' dir='ltr'>ipsum</span> 
     </span>
     <span class='ocr_line' id='line_1_13' title="bbox 349 2214 1530 2302; baseline 0.002 -23"><span class='ocrx_word' id='word_1_98' title='bbox 349 2218 385 2279; x_wconf 92' lang='lat' dir='ltr'>et</span> <span class='ocrx_word' id='word_1_99' title='bbox 406 2234 463 2279; x_wconf 88' lang='lat' dir='ltr'>vos</span> <span class='ocrx_word' id='word_1_100' title='bbox 485 2214 654 2280; x_wconf 77' lang='lat' dir='ltr'>mediatrix</span> <span class='ocrx_word' id='word_1_101' title='bbox 676 2214 779 2301; x_wconf 80' lang='lat' dir='ltr'>possit</span> <span class='ocrx_word' id='word_1_102' title='bbox 801 2217 970 2299; x_wconf 83' lang='lat' dir='ltr'>exsistere,</span> <span class='ocrx_word' id='word_1_103' title='bbox 995 2216 1079 2302; x_wconf 89' lang='lat' dir='ltr'>quod</span> <span class='ocrx_word' id='word_1_104' title='bbox 1102 2216 1232 2283; x_wconf 84' lang='lat' dir='ltr'>ecclesie</span> <span class='ocrx_word' id='word_1_105' title='bbox 1257 2216 1441 2299; x_wconf 79' lang='lat' dir='ltr'>Magantine</span> <span class='ocrx_word' id='word_1_106' title='bbox 1464 2220 1530 2281; x_wconf 88' lang='lat' dir='ltr'>sta·</span> 
     </span>
     <span class='ocr_line' id='line_1_14' title="bbox 349 2330 1529 2417; baseline 0.001 -22"><span class='ocrx_word' id='word_1_107' title='bbox 349 2336 406 2395; x_wconf 89' lang='lat' dir='ltr'>tus</span> <span class='ocrx_word' id='word_1_108' title='bbox 428 2330 468 2395; x_wconf 91' lang='lat' dir='ltr'>de</span> <span class='ocrx_word' id='word_1_109' title='bbox 490 2335 595 2396; x_wconf 87' lang='lat' dir='ltr'>cetero</span> <span class='ocrx_word' id='word_1_110' title='bbox 617 2330 784 2396; x_wconf 87' lang='lat' dir='ltr'>incolumis</span> <span class='ocrx_word' id='word_1_111' title='bbox 806 2337 988 2417; x_wconf 81' lang='lat' dir='ltr'>perseveret</span> <span class='ocrx_word' id='word_1_112' title='bbox 1010 2336 1043 2397; x_wconf 93' lang='lat' dir='ltr'>et</span> <span class='ocrx_word' id='word_1_113' title='bbox 1057 2332 1248 2398; x_wconf 75' lang='lat' dir='ltr'>universitas</span> <span class='ocrx_word' id='word_1_114' title='bbox 1265 2337 1371 2397; x_wconf 86' lang='lat' dir='ltr'>vestra</span> <span class='ocrx_word' id='word_1_115' title='bbox 1386 2332 1420 2397; x_wconf 90' lang='lat' dir='ltr'>in</span> <span class='ocrx_word' id='word_1_116' title='bbox 1435 2331 1529 2398; x_wconf 86' lang='lat' dir='ltr'>rebus</span> 
     </span>
     <span class='ocr_line' id='line_1_15' title="bbox 349 2446 1531 2535; baseline 0.001 -23"><span class='ocrx_word' id='word_1_117' title='bbox 349 2452 385 2512; x_wconf 88' lang='lat' dir='ltr'>et</span> <span class='ocrx_word' id='word_1_118' title='bbox 411 2446 556 2531; x_wconf 89' lang='lat' dir='ltr'>personis</span> <span class='ocrx_word' id='word_1_119' title='bbox 583 2446 642 2513; x_wconf 92' lang='lat' dir='ltr'>sub</span> <span class='ocrx_word' id='word_1_120' title='bbox 670 2447 737 2512; x_wconf 76' lang='lat' dir='ltr'>eim</span> <span class='ocrx_word' id='word_1_121' title='bbox 765 2448 942 2533; x_wconf 89' lang='lat' dir='ltr'>patrocinio</span> <span class='ocrx_word' id='word_1_122' title='bbox 964 2448 998 2513; x_wconf 91' lang='lat' dir='ltr'>iu</span> <span class='ocrx_word' id='word_1_123' title='bbox 1021 2466 1100 2535; x_wconf 89' lang='lat' dir='ltr'>pace</span> <span class='ocrx_word' id='word_1_124' title='bbox 1122 2453 1155 2515; x_wconf 90' lang='lat' dir='ltr'>et</span> <span class='ocrx_word' id='word_1_125' title='bbox 1176 2447 1407 2533; x_wconf 74' lang='lat' dir='ltr'>tranquillitate</span> <span class='ocrx_word' id='word_1_126' title='bbox 1429 2448 1531 2533; x_wconf 85' lang='lat' dir='ltr'>possit</span> 
     </span>
     <span class='ocr_line' id='line_1_16' title="bbox 349 2559 577 2647; baseline -0.004 -20"><span class='ocrx_word' id='word_1_127' title='bbox 349 2580 540 2647; x_wconf 83' lang='lat' dir='ltr'>permanere</span> <span class='ocrx_word' id='word_1_128' title='bbox 548 2559 577 2626; x_wconf 86' lang='lat'>“.</span> 
     </span>
    </p>

    <p class='ocr_par' dir='ltr' id='par_1_6' title="bbox 350 2676 1618 3459">
     <span class='ocr_line' id='line_1_17' title="bbox 441 2676 1618 2765; baseline 0 -22"><span class='ocrx_word' id='word_1_129' title='bbox 441 2676 625 2762; x_wconf 88' lang='lat' dir='ltr'>Postquam,</span> <span class='ocrx_word' id='word_1_130' title='bbox 648 2678 788 2763; x_wconf 87' lang='lat' dir='ltr'>perlecta</span> <span class='ocrx_word' id='word_1_131' title='bbox 809 2677 976 2762; x_wconf 81' lang='lat' dir='ltr'>legatione,</span> <span class='ocrx_word' id='word_1_132' title='bbox 999 2680 1107 2744; x_wconf 86' lang='lat' dir='ltr'>nuncii</span> <span class='ocrx_word' id='word_1_133' title='bbox 1131 2678 1381 2765; x_wconf 88' lang='lat' dir='ltr'>repedarunt-</span> <span class='ocrx_word' id='word_1_134' title='bbox 1398 2678 1529 2745; x_wconf 86' lang='lat' dir='ltr'>decivi-</span> <span class='ocrx_word' id='word_1_135' title='bbox 1549 2690 1618 2745; x_wconf 81' lang='lat'>1160</span> 
     </span>
     <span class='ocr_line' id='line_1_18' title="bbox 350 2764 1607 2879; baseline 0.002 -20"><span class='ocrx_word' id='word_1_136' title='bbox 350 2793 445 2876; x_wconf 87' lang='lat' dir='ltr'>tatis,</span> <span class='ocrx_word' id='word_1_137' title='bbox 479 2792 610 2860; x_wconf 90' lang='lat' dir='ltr'>ecclesie</span> <span class='ocrx_word' id='word_1_138' title='bbox 643 2793 776 2878; x_wconf 86' lang='lat' dir='ltr'>aulaque</span> <span class='ocrx_word' id='word_1_139' title='bbox 810 2793 999 2879; x_wconf 91' lang='lat' dir='ltr'>episcopalis</span> <span class='ocrx_word' id='word_1_140' title='bbox 1033 2794 1292 2879; x_wconf 84' lang='lat' dir='ltr'>ablatorumquo·</span> <span class='ocrx_word' id='word_1_141' title='bbox 1329 2794 1528 2861; x_wconf 86' lang='lat' dir='ltr'>restitutione</span> <span class='ocrx_word' id='word_1_142' title='bbox 1561 2764 1607 2810; x_wconf 53' lang='lat'>¹⁸¹³</span> 
     </span>
     <span class='ocr_line' id='line_1_19' title="bbox 352 2908 1529 2996; baseline 0.001 -21"><span class='ocrx_word' id='word_1_143' title='bbox 352 2908 478 2993; x_wconf 86' lang='lat' dir='ltr'>aliaque</span> <span class='ocrx_word' id='word_1_144' title='bbox 509 2908 739 2996; x_wconf 84' lang='lat' dir='ltr'>prosperitate¹</span> <span class='ocrx_word' id='word_1_145' title='bbox 772 2908 888 2975; x_wconf 90' lang='lat' dir='ltr'>domno</span> <span class='ocrx_word' id='word_1_146' title='bbox 923 2910 1161 2995; x_wconf 77' lang='lat' dir='ltr'>archiepiscopo</span> <span class='ocrx_word' id='word_1_147' title='bbox 1196 2914 1229 2975; x_wconf 89' lang='lat' dir='ltr'>et</span> <span class='ocrx_word' id='word_1_148' title='bbox 1262 2908 1408 2976; x_wconf 77' lang='lat' dir='ltr'>uniuerso</span> <span class='ocrx_word' id='word_1_149' title='bbox 1443 2911 1529 2977; x_wconf 88' lang='lat' dir='ltr'>curio</span> 
     </span>
     <span class='ocr_line' id='line_1_20' title="bbox 352 3024 1529 3093; baseline 0 -2"><span class='ocrx_word' id='word_1_150' title='bbox 352 3025 508 3092; x_wconf 89' lang='lat' dir='ltr'>secundos</span> <span class='ocrx_word' id='word_1_151' title='bbox 540 3024 718 3093; x_wconf 88' lang='lat' dir='ltr'>baiulantes</span> <span class='ocrx_word' id='word_1_152' title='bbox 751 3044 894 3091; x_wconf 88' lang='lat' dir='ltr'>rumores</span> <span class='ocrx_word' id='word_1_153' title='bbox 929 3058 971 3071; x_wconf 83' lang='lat'>-</span> <span class='ocrx_word' id='word_1_154' title='bbox 1006 3025 1163 3091; x_wconf 88' lang='lat' dir='ltr'>domiuies</span> <span class='ocrx_word' id='word_1_155' title='bbox 1197 3024 1374 3091; x_wconf 87' lang='lat' dir='ltr'>nativitatis</span> <span class='ocrx_word' id='word_1_156' title='bbox 1407 3025 1529 3091; x_wconf 84' lang='lat' dir='ltr'>feriatis</span> 
     </span>
     <span class='ocr_line' id='line_1_21' title="bbox 352 3140 1530 3227; baseline -0.001 -20"><span class='ocrx_word' id='word_1_157' title='bbox 352 3140 563 3227; x_wconf 89' lang='lat' dir='ltr'>sollempuiis,</span> <span class='ocrx_word' id='word_1_158' title='bbox 591 3140 833 3226; x_wconf 84' lang='lat' dir='ltr'>Gremeusisque</span> <span class='ocrx_word' id='word_1_159' title='bbox 861 3140 971 3227; x_wconf 91' lang='lat' dir='ltr'>oppidi</span> <span class='ocrx_word' id='word_1_160' title='bbox 998 3140 1177 3224; x_wconf 90' lang='lat' dir='ltr'>obsidione,</span> <span class='ocrx_word' id='word_1_161' title='bbox 1207 3140 1308 3227; x_wconf 91' lang='lat' dir='ltr'>ipsius</span> <span class='ocrx_word' id='word_1_162' title='bbox 1334 3142 1419 3207; x_wconf 83' lang='lat' dir='ltr'>lacta</span> <span class='ocrx_word' id='word_1_163' title='bbox 1441 3141 1530 3207; x_wconf 91' lang='lat' dir='ltr'>dedi·</span> 
     </span>
     <span class='ocr_line' id='line_1_22' title="bbox 351 3253 1528 3342; baseline -0.001 -18"><span class='ocrx_word' id='word_1_164' title='bbox 351 3258 439 3324; x_wconf 89' lang='lat' dir='ltr'>tione</span> <span class='ocrx_word' id='word_1_165' title='bbox 448 3253 466 3341; x_wconf 90' lang='lat'>¹,</span> <span class='ocrx_word' id='word_1_166' title='bbox 491 3258 661 3324; x_wconf 79' lang='lat' dir='ltr'>victoriose</span> <span class='ocrx_word' id='word_1_167' title='bbox 683 3266 739 3323; x_wconf 81' lang='lat' dir='ltr'>ao⁸</span> <span class='ocrx_word' id='word_1_168' title='bbox 759 3256 1010 3342; x_wconf 67' lang='lat' dir='ltr'>triumphanter*</span> <span class='ocrx_word' id='word_1_169' title='bbox 1034 3262 1172 3342; x_wconf 87' lang='lat' dir='ltr'>peraeta,</span> <span class='ocrx_word' id='word_1_170' title='bbox 1196 3258 1308 3322; x_wconf 89' lang='lat' dir='ltr'>castris</span> <span class='ocrx_word' id='word_1_171' title='bbox 1331 3257 1364 3322; x_wconf 92' lang='lat' dir='ltr'>in</span> <span class='ocrx_word' id='word_1_172' title='bbox 1387 3257 1528 3323; x_wconf 86' lang='lat' dir='ltr'>favillam</span> 
     </span>
     <span class='ocr_line' id='line_1_23' title="bbox 351 3371 1527 3459; baseline -0.003 -18"><span class='ocrx_word' id='word_1_173' title='bbox 351 3375 553 3459; x_wconf 89' lang='lat' dir='ltr'>eiueremque</span> <span class='ocrx_word' id='word_1_174' title='bbox 572 3393 674 3459; x_wconf 90' lang='lat' dir='ltr'>usque</span> <span class='ocrx_word' id='word_1_175' title='bbox 695 3373 854 3457; x_wconf 85' lang='lat' dir='ltr'>redactis&#39;,</span> <span class='ocrx_word' id='word_1_176' title='bbox 882 3378 1012 3439; x_wconf 84' lang='lat' dir='ltr'>ventum</span> <span class='ocrx_word' id='word_1_177' title='bbox 1035 3377 1085 3439; x_wconf 91' lang='lat' dir='ltr'>est</span> <span class='ocrx_word' id='word_1_178' title='bbox 1108 3372 1147 3438; x_wconf 90' lang='lat' dir='ltr'>ad</span> <span class='ocrx_word' id='word_1_179' title='bbox 1171 3371 1326 3459; x_wconf 89' lang='lat' dir='ltr'>Papieuse</span> <span class='ocrx_word' id='word_1_180' title='bbox 1350 3372 1527 3439; x_wconf 81' lang='lat' dir='ltr'>concilium.</span> 
     </span>
    </p>

    <p class='ocr_par' dir='ltr' id='par_1_7' title="bbox 351 3487 1611 4502">
     <span class='ocr_line' id='line_1_24' title="bbox 441 3487 1611 3576; baseline 0 -21"><span class='ocrx_word' id='word_1_181' title='bbox 441 3488 502 3555; x_wconf 92' lang='lat' dir='ltr'>Ubi</span> <span class='ocrx_word' id='word_1_182' title='bbox 517 3526 560 3535; x_wconf 94' lang='lat'><em>-</em></span> <span class='ocrx_word' id='word_1_183' title='bbox 575 3495 745 3576; x_wconf 83' lang='lat' dir='ltr'>postquam</span> <span class='ocrx_word' id='word_1_184' title='bbox 767 3493 877 3555; x_wconf 86' lang='lat' dir='ltr'>saneta</span> <span class='ocrx_word' id='word_1_185' title='bbox 900 3495 932 3555; x_wconf 91' lang='lat' dir='ltr'>et</span> <span class='ocrx_word' id='word_1_186' title='bbox 954 3488 1143 3555; x_wconf 88' lang='lat' dir='ltr'>universalis</span> <span class='ocrx_word' id='word_1_187' title='bbox 1167 3487 1309 3572; x_wconf 87' lang='lat' dir='ltr'>ecelesia,</span> <span class='ocrx_word' id='word_1_188' title='bbox 1334 3490 1449 3575; x_wconf 90' lang='lat' dir='ltr'>spiritu</span> <span class='ocrx_word' id='word_1_189' title='bbox 1467 3488 1529 3555; x_wconf 90' lang='lat' dir='ltr'>Dei</span> <span class='ocrx_word' id='word_1_190' title='bbox 1546 3508 1611 3555; x_wconf 70' lang='lat' dir='ltr'>reor.</span> 
     </span>
     <span class='ocr_line' id='line_1_25' title="bbox 352 3603 1528 3690; baseline -0.001 -19"><span class='ocrx_word' id='word_1_191' title='bbox 352 3604 441 3673; x_wconf 86' lang='lat' dir='ltr'>verbi</span> <span class='ocrx_word' id='word_1_192' title='bbox 463 3610 668 3689; x_wconf 81' lang='lat' dir='ltr'>congregata,</span> <span class='ocrx_word' id='word_1_193' title='bbox 697 3605 737 3671; x_wconf 89' lang='lat' dir='ltr'>de</span> <span class='ocrx_word' id='word_1_194' title='bbox 759 3604 881 3670; x_wconf 91' lang='lat' dir='ltr'>duobus</span> <span class='ocrx_word' id='word_1_195' title='bbox 904 3604 1086 3690; x_wconf 90' lang='lat' dir='ltr'>apostolicis</span> <span class='ocrx_word' id='word_1_196' title='bbox 1109 3603 1186 3690; x_wconf 74' lang='lat' dir='ltr'>per·l</span> <span class='ocrx_word' id='word_1_197' title='bbox 1209 3603 1371 3670; x_wconf 87' lang='lat' dir='ltr'>decretum</span> <span class='ocrx_word' id='word_1_198' title='bbox 1394 3604 1528 3671; x_wconf 87' lang='lat' dir='ltr'>alterum</span> 
     </span>
     <span class='ocr_line' id='line_1_26' title="bbox 351 3720 1528 3809; baseline 0 -22"><span class='ocrx_word' id='word_1_199' title='bbox 351 3728 541 3809; x_wconf 84' lang='lat' dir='ltr'>presentem,</span> <span class='ocrx_word' id='word_1_200' title='bbox 563 3721 770 3788; x_wconf 87' lang='lat' dir='ltr'>Octavianum</span> <span class='ocrx_word' id='word_1_201' title='bbox 794 3720 941 3786; x_wconf 82' lang='lat' dir='ltr'>videlieet</span> <span class='ocrx_word' id='word_1_202' title='bbox 963 3721 1016 3805; x_wconf 89' lang='lat' dir='ltr'>qui</span> <span class='ocrx_word' id='word_1_203' title='bbox 1039 3720 1081 3786; x_wconf 87' lang='lat' dir='ltr'>ad</span> <span class='ocrx_word' id='word_1_204' title='bbox 1101 3721 1168 3786; x_wconf 87' lang='lat' dir='ltr'>sius</span> <span class='ocrx_word' id='word_1_205' title='bbox 1184 3740 1318 3788; x_wconf 89' lang='lat' dir='ltr'>examen</span> <span class='ocrx_word' id='word_1_206' title='bbox 1334 3720 1528 3804; x_wconf 86' lang='lat' dir='ltr'>confugerat,</span> 
     </span>
     <span class='ocr_line' id='line_1_27' title="bbox 351 3836 1528 3922; baseline -0.002 -18"><span class='ocrx_word' id='word_1_207' title='bbox 351 3838 503 3905; x_wconf 83' lang='lat' dir='ltr'>canonica</span> <span class='ocrx_word' id='word_1_208' title='bbox 524 3856 658 3903; x_wconf 85' lang='lat' dir='ltr'>censura</span> <span class='ocrx_word' id='word_1_209' title='bbox 680 3836 815 3903; x_wconf 90' lang='lat' dir='ltr'>electum</span> <span class='ocrx_word' id='word_1_210' title='bbox 837 3841 870 3902; x_wconf 89' lang='lat' dir='ltr'>et</span> <span class='ocrx_word' id='word_1_211' title='bbox 893 3842 1074 3922; x_wconf 90' lang='lat' dir='ltr'>promotum</span> <span class='ocrx_word' id='word_1_212' title='bbox 1098 3842 1134 3902; x_wconf 89' lang='lat' dir='ltr'>ut</span> <span class='ocrx_word' id='word_1_213' title='bbox 1155 3836 1221 3902; x_wconf 88' lang='lat' dir='ltr'>illic</span> <span class='ocrx_word' id='word_1_214' title='bbox 1236 3836 1344 3903; x_wconf 87' lang='lat' dir='ltr'>multis</span> <span class='ocrx_word' id='word_1_215' title='bbox 1362 3856 1528 3920; x_wconf 78' lang='lat' dir='ltr'>argumen-</span> 
     </span>
     <span class='ocr_line' id='line_1_28' title="bbox 351 3950 1529 4039; baseline -0.001 -20"><span class='ocrx_word' id='word_1_216' title='bbox 351 3954 395 4019; x_wconf 87' lang='lat' dir='ltr'>tis</span> <span class='ocrx_word' id='word_1_217' title='bbox 416 3952 484 4019; x_wconf 89' lang='lat' dir='ltr'>sole</span> <span class='ocrx_word' id='word_1_218' title='bbox 504 3952 621 4019; x_wconf 87' lang='lat' dir='ltr'>clarius</span> <span class='ocrx_word' id='word_1_219' title='bbox 643 3953 808 4039; x_wconf 86' lang='lat' dir='ltr'>apparuit,</span> <span class='ocrx_word' id='word_1_220' title='bbox 840 3952 873 4016; x_wconf 91' lang='lat' dir='ltr'>iu</span> <span class='ocrx_word' id='word_1_221' title='bbox 896 3950 1077 4016; x_wconf 80' lang='lat' dir='ltr'>cathedram</span> <span class='ocrx_word' id='word_1_222' title='bbox 1102 3952 1187 4017; x_wconf 88' lang='lat' dir='ltr'>beati</span> <span class='ocrx_word' id='word_1_223' title='bbox 1208 3952 1295 4019; x_wconf 87' lang='lat' dir='ltr'>Petri</span> <span class='ocrx_word' id='word_1_224' title='bbox 1319 3953 1469 4019; x_wconf 88' lang='lat' dir='ltr'>canonice</span> <span class='ocrx_word' id='word_1_225' title='bbox 1492 3972 1529 4018; x_wconf 83' lang='lat' dir='ltr'>ao</span> 
     </span>
     <span class='ocr_line' id='line_1_29' title="bbox 351 4066 1529 4155; baseline 0 -20"><span class='ocrx_word' id='word_1_226' title='bbox 351 4068 583 4135; x_wconf 82' lang='lat' dir='ltr'>rationabiliter</span> <span class='ocrx_word' id='word_1_227' title='bbox 610 4066 810 4134; x_wconf 80' lang='lat' dir='ltr'>confirmauit</span> <span class='ocrx_word' id='word_1_228' title='bbox 831 4102 874 4113; x_wconf 88' lang='lat'><em>-</em></span> <span class='ocrx_word' id='word_1_229' title='bbox 896 4066 931 4131; x_wconf 91' lang='lat' dir='ltr'>iu</span> <span class='ocrx_word' id='word_1_230' title='bbox 954 4068 1115 4151; x_wconf 90' lang='lat' dir='ltr'>presentia</span> <span class='ocrx_word' id='word_1_231' title='bbox 1137 4067 1245 4133; x_wconf 92' lang='lat' dir='ltr'>domui</span> <span class='ocrx_word' id='word_1_232' title='bbox 1268 4088 1350 4154; x_wconf 89' lang='lat' dir='ltr'>pape</span> <span class='ocrx_word' id='word_1_233' title='bbox 1374 4074 1406 4135; x_wconf 89' lang='lat' dir='ltr'>et</span> <span class='ocrx_word' id='word_1_234' title='bbox 1427 4068 1529 4155; x_wconf 92' lang='lat' dir='ltr'>impe·</span> 
     </span>
     <span class='ocr_line' id='line_1_30' title="bbox 351 4180 1528 4269; baseline -0.003 -17"><span class='ocrx_word' id='word_1_235' title='bbox 351 4185 466 4253; x_wconf 86' lang='lat' dir='ltr'>ratoris</span> <span class='ocrx_word' id='word_1_236' title='bbox 492 4183 653 4269; x_wconf 68' lang='lat' dir='ltr'>mtiusque</span> <span class='ocrx_word' id='word_1_237' title='bbox 679 4182 805 4249; x_wconf 89' lang='lat' dir='ltr'>concilii</span> <span class='ocrx_word' id='word_1_238' title='bbox 833 4182 967 4248; x_wconf 90' lang='lat' dir='ltr'>domnus</span> <span class='ocrx_word' id='word_1_239' title='bbox 989 4180 1194 4265; x_wconf 79' lang='lat' dir='ltr'>Magantinns</span> <span class='ocrx_word' id='word_1_240' title='bbox 1217 4184 1357 4267; x_wconf 86' lang='lat' dir='ltr'>prelatos</span> <span class='ocrx_word' id='word_1_241' title='bbox 1381 4184 1528 4251; x_wconf 80' lang='lat' dir='ltr'>adversa·</span> 
     </span>
     <span class='ocr_line' id='line_1_31' title="bbox 351 4297 1527 4383; baseline 0 -16"><span class='ocrx_word' id='word_1_242' title='bbox 351 4301 416 4368; x_wconf 87' lang='lat' dir='ltr'>rios</span> <span class='ocrx_word' id='word_1_243' title='bbox 444 4319 519 4366; x_wconf 90' lang='lat' dir='ltr'>suos</span> <span class='ocrx_word' id='word_1_244' title='bbox 546 4298 588 4366; x_wconf 88' lang='lat' dir='ltr'>ab</span> <span class='ocrx_word' id='word_1_245' title='bbox 616 4297 950 4366; x_wconf 84' lang='lat' dir='ltr'>excommunicationis</span> <span class='ocrx_word' id='word_1_246' title='bbox 980 4297 1137 4363; x_wconf 68' lang='lat' dir='ltr'>sonantia</span> <span class='ocrx_word' id='word_1_247' title='bbox 1164 4298 1344 4365; x_wconf 88' lang='lat' dir='ltr'>denodavit.</span> <span class='ocrx_word' id='word_1_248' title='bbox 1386 4298 1527 4383; x_wconf 81' lang='lat' dir='ltr'>Dignum</span> 
     </span>
     <span class='ocr_line' id='line_1_32' title="bbox 351 4412 1526 4502; baseline -0.003 -19"><span class='ocrx_word' id='word_1_249' title='bbox 351 4436 488 4502; x_wconf 85' lang='lat' dir='ltr'>namque</span> <span class='ocrx_word' id='word_1_250' title='bbox 510 4422 589 4499; x_wconf 83' lang='lat' dir='ltr'>erat,</span> <span class='ocrx_word' id='word_1_251' title='bbox 611 4420 660 4501; x_wconf 85' lang='lat' dir='ltr'>ut,</span> <span class='ocrx_word' id='word_1_252' title='bbox 686 4414 771 4500; x_wconf 89' lang='lat' dir='ltr'>quod</span> <span class='ocrx_word' id='word_1_253' title='bbox 793 4414 853 4480; x_wconf 89' lang='lat' dir='ltr'>sub</span> <span class='ocrx_word' id='word_1_254' title='bbox 875 4412 974 4479; x_wconf 89' lang='lat' dir='ltr'>oculis</span> <span class='ocrx_word' id='word_1_255' title='bbox 995 4414 1094 4479; x_wconf 90' lang='lat' dir='ltr'>totius</span> <span class='ocrx_word' id='word_1_256' title='bbox 1117 4412 1243 4497; x_wconf 91' lang='lat' dir='ltr'>muudi,</span> <span class='ocrx_word' id='word_1_257' title='bbox 1267 4420 1305 4479; x_wconf 92' lang='lat' dir='ltr'>ut</span> <span class='ocrx_word' id='word_1_258' title='bbox 1325 4414 1372 4479; x_wconf 89' lang='lat' dir='ltr'>ita</span> <span class='ocrx_word' id='word_1_259' title='bbox 1393 4412 1526 4499; x_wconf 87' lang='lat' dir='ltr'>dicatur,</span> 
     </span>
    </p>
   </div>
   <div class='ocr_carea' id='block_1_6' title="bbox 352 4545 1527 4951">
    <p class='ocr_par' dir='ltr' id='par_1_8' title="bbox 352 4545 1527 4771">
     <span class='ocr_line' id='line_1_33' title="bbox 423 4545 1527 4606; baseline -0.003 -10"><span class='ocrx_word' id='word_1_260' title='bbox 423 4562 444 4596; x_wconf 78' lang='grc' dir='ltr'><strong>ι</strong></span> <span class='ocrx_word' id='word_1_261' title='bbox 464 4548 554 4596; x_wconf 79' lang='lat' dir='ltr'>notario</span> <span class='ocrx_word' id='word_1_262' title='bbox 570 4551 593 4595; x_wconf 73' lang='lat'>2.</span> <span class='ocrx_word' id='word_1_263' title='bbox 659 4548 683 4594; x_wconf 89' lang='lat' dir='ltr'>b.</span> <span class='ocrx_word' id='word_1_264' title='bbox 704 4547 794 4595; x_wconf 72' lang='lat' dir='ltr'>custodi</span> <span class='ocrx_word' id='word_1_265' title='bbox 810 4549 832 4594; x_wconf 94' lang='lat'>1.</span> <span class='ocrx_word' id='word_1_266' title='bbox 896 4559 916 4592; x_wconf 85' lang='lat' dir='ltr'>e.</span> <span class='ocrx_word' id='word_1_267' title='bbox 938 4545 1047 4603; x_wconf 75' lang='lat' dir='ltr'>Sigilonis</span> <span class='ocrx_word' id='word_1_268' title='bbox 1063 4548 1086 4592; x_wconf 71' lang='lat' dir='ltr'>I.</span> <span class='ocrx_word' id='word_1_269' title='bbox 1150 4546 1172 4593; x_wconf 93' lang='lat' dir='ltr'>d.</span> <span class='ocrx_word' id='word_1_270' title='bbox 1194 4547 1344 4606; x_wconf 85' lang='lat' dir='ltr'>correptionis</span> <span class='ocrx_word' id='word_1_271' title='bbox 1362 4548 1383 4593; x_wconf 89' lang='lat'>1.</span> <span class='ocrx_word' id='word_1_272' title='bbox 1446 4560 1466 4593; x_wconf 87' lang='lat' dir='ltr'>e.</span> <span class='ocrx_word' id='word_1_273' title='bbox 1487 4546 1527 4593; x_wconf 84' lang='lat' dir='ltr'>eh·</span> 
     </span>
     <span class='ocr_line' id='line_1_34' title="bbox 352 4625 1527 4688; baseline -0.003 -11"><span class='ocrx_word' id='word_1_274' title='bbox 352 4630 476 4677; x_wconf 64' lang='lat' dir='ltr'>mmmm</span> <span class='ocrx_word' id='word_1_275' title='bbox 491 4630 515 4675; x_wconf 83' lang='lat'>1.</span> <span class='ocrx_word' id='word_1_276' title='bbox 591 4628 782 4688; x_wconf 76' lang='lat' dir='ltr'>iproaperitate</span> <span class='ocrx_word' id='word_1_277' title='bbox 797 4628 882 4684; x_wconf 71' lang='lat' dir='ltr'>scripsi</span> <span class='ocrx_word' id='word_1_278' title='bbox 892 4642 935 4685; x_wconf 71' lang='lat' dir='ltr'>pro</span> <span class='ocrx_word' id='word_1_279' title='bbox 951 4638 1063 4685; x_wconf 81' lang='lat' dir='ltr'>prospera</span> <span class='ocrx_word' id='word_1_280' title='bbox 1077 4626 1106 4682; x_wconf 89' lang='lat'>1,</span> <span class='ocrx_word' id='word_1_281' title='bbox 1123 4626 1145 4671; x_wconf 75' lang='lat'>2.</span> <span class='ocrx_word' id='word_1_282' title='bbox 1222 4639 1245 4684; x_wconf 71' lang='lat' dir='ltr'>g.</span> <span class='ocrx_word' id='word_1_283' title='bbox 1265 4629 1290 4672; x_wconf 83' lang='lat' dir='ltr'>et</span> <span class='ocrx_word' id='word_1_284' title='bbox 1305 4628 1327 4672; x_wconf 72' lang='lat'>2.</span> <span class='ocrx_word' id='word_1_285' title='bbox 1404 4625 1428 4673; x_wconf 91' lang='lat' dir='ltr'>h.</span> <span class='ocrx_word' id='word_1_286' title='bbox 1447 4628 1527 4673; x_wconf 88' lang='lat' dir='ltr'>triurn-</span> 
     </span>
     <span class='ocr_line' id='line_1_35' title="bbox 352 4704 1317 4771; baseline -0.006 -14"><span class='ocrx_word' id='word_1_287' title='bbox 352 4710 436 4771; x_wconf 68' lang='lat' dir='ltr'>plutc</span> <span class='ocrx_word' id='word_1_288' title='bbox 452 4710 474 4755; x_wconf 89' lang='lat'>1.</span> <span class='ocrx_word' id='word_1_289' title='bbox 550 4708 568 4755; x_wconf 90' lang='lat' dir='ltr'>i.</span> <span class='ocrx_word' id='word_1_290' title='bbox 587 4708 688 4755; x_wconf 68' lang='lat' dir='ltr'>redactis</span> <span class='ocrx_word' id='word_1_291' title='bbox 704 4710 787 4767; x_wconf 62' lang='lat' dir='ltr'>salpoi</span> <span class='ocrx_word' id='word_1_292' title='bbox 801 4722 844 4766; x_wconf 76' lang='lat' dir='ltr'>pro</span> <span class='ocrx_word' id='word_1_293' title='bbox 859 4705 969 4752; x_wconf 69' lang='lat' dir='ltr'>comacli·</span> <span class='ocrx_word' id='word_1_294' title='bbox 986 4706 1008 4761; x_wconf 89' lang='lat' dir='ltr'>l,</span> <span class='ocrx_word' id='word_1_295' title='bbox 1024 4706 1048 4751; x_wconf 74' lang='lat'>2.</span> <span class='ocrx_word' id='word_1_296' title='bbox 1124 4704 1148 4751; x_wconf 74' lang='lat' dir='ltr'>k,</span> <span class='ocrx_word' id='word_1_297' title='bbox 1168 4718 1210 4765; x_wconf 82' lang='lat' dir='ltr'>per</span> <span class='ocrx_word' id='word_1_298' title='bbox 1225 4706 1317 4751; x_wconf 80' lang='lat' dir='ltr'>uddr&#39;di.</span> 
     </span>
    </p>

    <p class='ocr_par' dir='ltr' id='par_1_9' title="bbox 352 4798 1526 4951">
     <span class='ocr_line' id='line_1_36' title="bbox 422 4798 1526 4871; baseline -0.005 -12"><span class='ocrx_word' id='word_1_299' title='bbox 422 4806 448 4860; x_wconf 87' lang='lat' dir='ltr'>l.</span> <span class='ocrx_word' id='word_1_300' title='bbox 478 4803 550 4858; x_wconf 83' lang='lat' dir='ltr'>uec</span> <span class='ocrx_word' id='word_1_301' title='bbox 571 4803 629 4858; x_wconf 88' lang='lat' dir='ltr'>Ian.</span> <span class='ocrx_word' id='word_1_302' title='bbox 647 4804 683 4859; x_wconf 82' lang='grc'>26</span> <span class='ocrx_word' id='word_1_303' title='bbox 705 4806 733 4857; x_wconf 89' lang='lat' dir='ltr'>et</span> <span class='ocrx_word' id='word_1_304' title='bbox 755 4804 800 4857; x_wconf 77' lang='lat'>27.</span> <span class='ocrx_word' id='word_1_305' title='bbox 831 4802 866 4857; x_wconf 88' lang='lat' dir='ltr'>V.</span> <span class='ocrx_word' id='word_1_306' title='bbox 886 4798 978 4856; x_wconf 86' lang='lat' dir='ltr'>Otton.</span> <span class='ocrx_word' id='word_1_307' title='bbox 996 4800 1150 4871; x_wconf 79' lang='lat' dir='ltr'>hieronem,</span> <span class='ocrx_word' id='word_1_308' title='bbox 1176 4800 1254 4855; x_wconf 86' lang='lat' dir='ltr'>euius</span> <span class='ocrx_word' id='word_1_309' title='bbox 1277 4798 1376 4855; x_wconf 79' lang='lat' dir='ltr'>librum</span> <span class='ocrx_word' id='word_1_310' title='bbox 1400 4798 1475 4855; x_wconf 90' lang='lat' dir='ltr'>edidi</span> <span class='ocrx_word' id='word_1_311' title='bbox 1497 4800 1526 4854; x_wconf 92' lang='lat' dir='ltr'>ln</span> 
     </span>
     <span class='ocr_line' id='line_1_37' title="bbox 352 4889 773 4951; baseline -0.01 -2"><span class='ocrx_word' id='word_1_312' title='bbox 352 4894 423 4951; x_wconf 83' lang='lat' dir='ltr'>IIou.</span> <span class='ocrx_word' id='word_1_313' title='bbox 435 4892 529 4950; x_wconf 75' lang='lat' dir='ltr'>cern.</span> <span class='ocrx_word' id='word_1_314' title='bbox 541 4889 591 4948; x_wconf 80' lang='lat' dir='ltr'>SS.</span> <span class='ocrx_word' id='word_1_315' title='bbox 603 4892 698 4949; x_wconf 87' lang='lat' dir='ltr'><strong>XVIII</strong></span> <span class='ocrx_word' id='word_1_316' title='bbox 711 4892 773 4947; x_wconf 83' lang='grc'>619.</span> 
     </span>
    </p>
   </div>
   <div class='ocr_carea' id='block_1_7' title="bbox 1251 4984 1311 5041">
    <p class='ocr_par' dir='ltr' id='par_1_10' title="bbox 1251 4984 1311 5041">
     <span class='ocr_line' id='line_1_38' title="bbox 1251 4984 1311 5041; baseline 0 0"><span class='ocrx_word' id='word_1_317' title='bbox 1251 4984 1311 5041; x_wconf 72' lang='lat'>41*</span> 
     </span>
    </p>
   </div>
   <div class='ocr_carea' id='block_1_8' title="bbox 0 0 2187 6034">
    <p class='ocr_par' dir='ltr' id='par_1_11' title="bbox 0 0 2187 6034">
     <span class='ocr_line' id='line_1_39' title="bbox 0 0 2187 6034; baseline 0 0"><span class='ocrx_word' id='word_1_318' title='bbox 0 0 2187 6034; x_wconf 95' lang='lat' dir='ltr'> </span> 
     </span>
    </p>
   </div>
  </div>
 </body>
</html>
