4342 6034
689 782 755 849 548
944 798 1105 849 nossem
1127 798 1314 847 uonnnrrsrs
1338 798 1418 845 vrrs
1441 796 1614 847 ernoonrs

690 942 746 1009 sed
779 960 998 1027 quemcunque
1025 941 1162 1023 invenit,
1198 960 1304 1006 secum
1336 938 1493 1006 invitabat
1526 940 1680 1025 compulit
1705 940 1840 1023 trahebat,

689 1058 781 1125 iuxta
802 1055 898 1122 illud:
926 1059 970 1123 Et
992 1061 1051 1144 qasa'
1071 1058 1179 1137 aedit,
1206 1060 1307 1122 dicat:
1330 1052 1434 1122 Veni¹.
1468 1054 1514 1121 At
1535 1074 1628 1139 vero,
1652 1058 1679 1123 sl
1702 1074 1787 1141 quem
1804 1057 1843 1121 fa-

691 1173 768 1239 villa
788 1172 896 1239 delicti
918 1172 1050 1238 alicuius
1073 1172 1212 1258 sopitum
1227 1171 1358 1255 invenit,
1382 1170 1553 1237 scintillam
1568 1172 1603 1236 in
1619 1190 1656 1237 eo
1672 1172 1844 1257 penitentiae
1912 1222 1913 1255 ,

690 1288 886 1375 explorabat,
907 1286 985 1353 tlutu
1008 1286 1231 1354 consolationis
1252 1286 1286 1351 iu
1309 1264 1470 1353 flammam
1484 1286 1637 1373 produxit
1651 1288 1843 1369 lacrimarum,

690 1405 772 1471 sicut
799 1404 952 1491 scriptum
982 1409 1046 1469 eet:
1076 1404 1174 1490 Aqua
1197 1404 1542 1490 consummassem.
1578 1402 1756 1489 Disposuit,
1783 1403 1846 1487 quid

690 1522 823 1606 quisque
845 1526 962 1603 ageret,
985 1518 1075 1585 illum
1099 1518 1259 1585 suadendo
1283 1518 1323 1583 sd
1346 1520 1565 1604 penitentiam,
1587 1518 1679 1585 illum
1702 1518 1742 1585 ad
1762 1518 1848 1585 conti-

689 1636 847 1719 nentium,
874 1634 964 1701 illum
993 1635 1034 1701 ad
1061 1634 1289 1718 humilitatem,
1317 1634 1408 1699 illum
1432 1634 1471 1700 ad
1495 1636 1676 1718 caritatem,
1707 1640 1738 1701 et
1759 1642 1849 1701 cetero

690 1751 777 1817 talia.
814 1750 946 1837 Semper
968 1770 1062 1816 mane
1084 1752 1188 1836 primo
1212 1750 1300 1833 exiit,
1324 1770 1458 1835 sequeus
1483 1770 1554 1817 eum
1577 1752 1633 1837 qui
1651 1752 1712 1817 ait:
1737 1751 1777 1818 Si
1790 1754 1848 1837 quis

690 1868 758 1934 uult
782 1880 856 1956 post
881 1890 931 1933 mc
956 1872 1078 1947 venire,
1111 1868 1241 1955 abneqet
1261 1880 1354 1933 semet
1377 1870 1498 1954 speum,
1531 1880 1560 1933 st
1581 1868 1673 1935 tollat
1694 1878 1849 1932 macons

691 1988 771 2051 ecio
787 1998 865 2072 post
884 1978 961 2049 nae¹.
996 1981 1090 2049 Mane
1114 1988 1235 2065 autem,
1263 1983 1346 2048 sicut
1368 1982 1521 2068 scriptum
1544 1988 1607 2049 est:
1636 1984 1734 2049 Mane
1756 1984 1849 2049 astato
1913 2010 1914 2057 3

691 2096 775 2181 titi⁸,
805 2104 924 2166 terram
947 2098 1051 2164 cordis
1073 2100 1125 2164 sui
1147 2098 1261 2185 spiritu
1285 2096 1438 2183 proscidit
1459 2099 1676 2182 contricionis,
1706 2100 1849 2165 seminans

691 2236 761 2282 cem
791 2220 918 2302 petrum
946 2213 1194 2300 exemplaribus,
1223 2214 1307 2279 uude
1330 2212 1389 2280 sibi
1412 2214 1539 2279 virtutis
1562 2220 1595 2280 et
1618 2214 1689 2281 aliis
1712 2220 1850 2281 cresceret

690 2332 812 2397 fructus
840 2330 961 2397 salutis.
998 2329 1033 2395 Si
1061 2328 1187 2415 quando
1211 2335 1315 2395 autem
1340 2330 1443 2395 scrius
1466 2328 1499 2395 in
1524 2350 1594 2396 eum
1619 2330 1850 2398 incendebantur

691 2446 848 2513 humanae
870 2446 1163 2512 molestationes-
1182 2445 1425 2531 quiascriptum
1445 2452 1508 2511 est:
1535 2446 1660 2527 Omnes,
1686 2452 1744 2534 qui
1758 2449 1851 2513 sotor

690 2567 744 2651 pis
770 2567 873 2627 ciem
899 2565 935 2628 in
958 2560 1080 2627 Christo
1105 2563 1187 2642 Iesu,
1207 2566 1454 2649 persecutionem
1473 2560 1664 2649 pociantur‘
1680 2598 1721 2609 -
1738 2562 1852 2628 humili

692 2678 767 2744 tutis
794 2676 957 2761 ingressus
978 2678 1194 2761 refrigerium,
1226 2678 1316 2763 quasi
1339 2676 1397 2743 sub
1419 2677 1533 2744 umbre
1556 2678 1732 2764 pacientiae
1755 2678 1852 2743 hume
1914 2660 1915 2697 ³

692 2812 750 2859 uos
773 2793 951 2860 declinabat
973 2799 1075 2873 sstus3
1107 2800 1139 2859 et
1160 2812 1270 2859 rursus
1294 2792 1383 2877 quusi
1407 2812 1554 2876 surgens,
1578 2792 1736 2861 exaltatus
1759 2795 1852 2859 diuino

692 2908 820 2993 iudicio,
842 2914 909 2977 toto
932 2910 1026 2976 corde
1048 2910 1210 2990 reddebat,
1236 2910 1320 2993 quod
1343 2907 1477 2974 debebat
1498 2927 1557 2994 pro
1579 2909 1687 2976 divino
1704 2909 1850 2976 beneficio.

692 3024 788 3109 Ergo,
811 3026 879 3091 sive
901 3025 1071 3092 decedente
1095 3028 1161 3091 sire
1185 3024 1352 3090 secedente
1375 3022 1436 3105 dle,
1460 3044 1586 3110 semper
1608 3026 1662 3093 ille
1685 3026 1806 3110 integer
1820 3022 1851 3089 sd

693 3139 753 3207 Dei
782 3141 950 3208 secedebat
973 3160 1116 3227 pensum.
1153 3140 1233 3205 Tota
1255 3145 1346 3205 nocte
1369 3140 1453 3206 iuter
1475 3142 1625 3208 caelestes
1648 3142 1851 3209 convivatores

693 3257 849 3343 epulatus,
871 3256 911 3322 ad
934 3276 1054 3342 prunus
1077 3256 1222 3322 caelestis
1244 3254 1382 3321 incendii
1405 3256 1544 3340 sedebat,
1568 3264 1706 3343 potuque
1721 3256 1852 3322 lacrima·

692 3392 764 3438 rum
786 3372 982 3455 deebriatus,
1010 3372 1200 3438 Davidicum
1222 3390 1336 3458 poema
1357 3390 1428 3437 cum
1453 3373 1519 3439 suis
1542 3374 1649 3459 pueris
1672 3374 1806 3439 intentus
1825 3375 1852 3435 et

692 3488 841 3573 frequens
862 3487 1004 3555 emebat
1040 3488 1154 3573 Sisque
1176 3486 1317 3553 laborem
1340 3506 1466 3574 semper
1487 3489 1660 3575 resumpsit
1682 3508 1721 3555 ax
1736 3506 1851 3555 cosme

694 3604 813 3689 tudine,
838 3603 904 3671 nesi
924 3603 1014 3669 nulls
1035 3610 1233 3690 premeretur
1256 3602 1475 3671 sollicitudine.

782 3719 914 3805 Aliquid
935 3718 1029 3785 modo
1052 3719 1219 3787 dicendum
1243 3726 1291 3787 est
1313 3720 1351 3787 de
1374 3720 1433 3787 hoc
1448 3726 1557 3786 sancto
1573 3720 1652 3804 viro,
1676 3719 1766 3805 quod,
1786 3717 1851 3803 quir

694 3854 867 3922 parumper
887 3837 1014 3919 acescit,
1040 3835 1173 3901 reticere
1196 3836 1303 3921 cupio;
1333 3834 1389 3901 sed
1410 3842 1499 3902 tante
1523 3836 1721 3903 auctoritatis
1742 3832 1849 3923 pondus

694 3952 788 4017 silere
815 3972 880 4017 non
908 3950 1017 4017 audeo.
1052 3950 1157 4029 Quare
1185 3956 1291 4017 eutem
1321 3950 1380 4017 hoc
1401 3952 1514 4037 loquer
1536 3952 1671 4037 invitus,
1703 3950 1729 4019 si
1750 3950 1848 4038 placet,

695 4067 811 4133 audite.
845 4068 1001 4133 Amorum
1029 4066 1183 4153 estquod
1207 4066 1373 4133 dicendum
1396 4074 1459 4151 est,
1488 4074 1520 4134 et
1541 4064 1646 4134 Bardo
1669 4073 1774 4135 noste
1792 4062 1849 4131 dul·

694 4184 841 4249 cissimns
869 4188 933 4265 sst3
962 4183 1141 4268 nollemque
1169 4182 1208 4249 de
1238 4182 1418 4249 dulcissimo
1448 4186 1615 4269 quicquam
1638 4184 1701 4250 nisi
1724 4178 1848 4249 dulcissi-

695 4320 784 4366 mum
816 4300 913 4385 loqui.
955 4298 1031 4378 Quis
1059 4300 1144 4367 enim
1173 4320 1325 4385 umquem
1352 4298 1531 4366 Burdonem
1559 4300 1621 4367 nisi
1651 4298 1846 4366 dulcissimum
1915 4330 1916 4389 3

696 4422 846 4505 expertus
874 4416 944 4483 esti
977 4414 1075 4482 Vultu
1103 4414 1237 4502 hylaris,
1267 4416 1371 4483 verbis
1395 4416 1556 4500 amabilis,
1585 4414 1727 4482 moribus
1749 4409 1843 4481 suario
1915 4392 1916 4413 ἶ

695 4533 772 4613 Quis
800 4552 906 4601 corum
934 4530 1081 4599 Bardone
1108 4532 1229 4598 tristis?
1268 4530 1344 4611 Quis
1372 4530 1458 4597 illius
1486 4531 1700 4599 consolatione
1727 4530 1846 4598 nonest

696 4648 824 4717 effectus
851 4648 955 4715 letus?
987 4646 1114 4734 Pnuper
1142 4666 1248 4715 corum
1274 4646 1330 4714 illo
1352 4648 1470 4714 nullius
1491 4646 1643 4731 indiguit3
1672 4648 1757 4715 dives
1778 4638 1845 4730 apud

694 4764 786 4832 illum
813 4764 910 4831 nichil
937 4762 1086 4851 perdidit
1123 4760 1209 4831 ldem
1232 4766 1301 4851 ipse
1323 4762 1442 4849 Bardo,
1471 4769 1504 4831 et
1525 4764 1672 4831 dominus
1695 4758 1845 4831 ditinnoet

767 4898 792 4951 1.
810 4894 898 4965 spos.
910 4896 954 4967 ss,
966 4896 1009 4951 rr.
1062 4894 1313 4967 succursus.
1366 4896 1392 4950 o.
1411 4895 1528 4966 ress.
1581 4896 1609 4951 4.
1627 4886 1843 4961 amnentu-
