4342 6034
636 786 843 835 summum
863 788 944 837 rsus
967 786 994 837 e.
1010 786 1188 837 normann
1425 772 1491 841 431

344 926 453 995 dentiae
481 925 596 995 robur*
620 928 840 1015 praesentitur
869 948 908 995 ao
932 933 1008 1015 post
1032 930 1188 997 samnis
1216 928 1350 998 saecuds
1377 930 1494 999 iubeto

343 1042 548 1109 demonstrare.
588 1041 651 1109 Sed
673 1044 817 1130 quamuis
839 1044 882 1111 ad
902 1044 1182 1113 demonstrandam
1203 1050 1364 1115 auarum
1385 1066 1495 1114 rorum

341 1159 478 1225 rationem
503 1158 654 1243 exiguum
680 1180 732 1227 rne
760 1178 957 1247 parvumque
982 1158 1071 1229 fierib
1095 1168 1256 1229 auctorem
1278 1174 1493 1247 cognoscem,
1614 1211 1622 1231 .

341 1278 447 1358 tmen,
472 1274 616 1359 exigente
638 1274 867 1343 benivolentiae
895 1281 1019 1344 vestae
1045 1277 1222 1363 voluntate,
1251 1278 1312 1345 hoc
1333 1277 1418 1363 quod
1439 1278 1493 1345 de·

339 1389 507 1475 mundastis,
529 1390 619 1459 robis
642 1390 852 1476 iuvantibns‘,
875 1412 940 1459 uon
953 1392 1102 1480 propriae
1115 1394 1382 1481 praesumptionis
1395 1393 1494 1461 insol-

338 1502 433 1571 latia·
457 1506 558 1573 fretus
585 1508 642 1575 sed
670 1507 850 1575 adsertione
881 1507 1108 1576 catholicorum
1139 1509 1291 1594 conlisus,
1326 1510 1494 1595 adgredim

339 1638 420 1707 opue;
445 1641 546 1708 neque
575 1643 615 1690 ex
641 1624 810 1710 parvitatis
837 1642 927 1691 meae
954 1623 1027 1691 stilo
1054 1625 1202 1711 propriae
1223 1624 1342 1693 laudis'
1362 1645 1499 1713 praeco--

337 1735 412 1802 nium
432 1738 606 1823 requirens,
630 1740 686 1809 sed
708 1758 748 1807 cx
770 1734 897 1807 once·
919 1740 966 1807 rei
987 1740 1158 1808 relationeh
1172 1741 1373 1828 profuturnm
1386 1742 1493 1826 legen·

336 1850 407 1919 tibus
427 1855 581 1940 praebens
604 1856 801 1943 exemplum
823 1856 900 1923 dum
920 1856 984 1923 hiis
1005 1856 1138 1942 quisque
1158 1856 1326 1925 instruitur
1347 1856 1492 1924 formulis

336 1968 418 2035 stad
438 1968 573 2039 meliora
593 1972 752 2058 proiectus
775 1972 826 2039 sui
847 1972 1041 2059 perfectione
1061 1971 1255 2059 perducitur.

744 2096 884 2145 mucro
901 2083 1076 2145 naowuusl

524 2290 708 2361 ORDITUR
727 2291 853 2361 LlBER
875 2292 1025 2361 SANGTI
1047 2290 1292 2361 BONIFATnk.

408 2430 443 2499 1¹.
480 2432 649 2501 Inlustrem
669 2435 768 2521 igitur
790 2455 828 2503 oc
849 2456 924 2503 vcro
945 2435 1072 2503 bocum
1093 2435 1197 2503 sancti
1209 2433 1361 2502 Bonifatii
1376 2433 1494 2501 summi

332 2546 478 2630 pontificis
501 2549 601 2617 ritum
621 2570 787 2637 moresque
810 2552 888 2636 eius,
910 2556 1093 2619 sanctorum
1111 2570 1303 2638 magnopere
1315 2550 1497 2619 imitatione.

332 2668 477 2750 sarens,
508 2664 583 2733 licet
611 2669 769 2755 opacitate
790 2668 968 2755 praepediti
989 2668 1157 2752 scientiae,
1185 2666 1263 2735 exili
1283 2672 1392 2734 minen
1414 2686 1494 2754 opu·

331 2778 399 2846 sculi
426 2781 521 2849 huius
543 2779 695 2850 stamine¹
715 2784 876 2851 innectere
899 2802 936 2850 ec
957 2783 1096 2869 simplici
1116 2783 1268 2850 historioe
1287 2783 1428 2867 agmine
1448 2816 1493 2831 ‹-

330 2897 585 2977 quemadmodum
600 2898 788 2981 relegiosie¹
803 2899 881 2965 uiris
895 2898 1104 2966 referentibus
1118 2899 1329 2985 conperimus,
1344 2899 1410 2984 qui,
1427 2902 1494 2965 oot-

329 3008 439 3080 tidiano
463 3012 531 3081 eius
558 3014 723 3100 conloquio
752 3019 785 3081 st
810 3014 980 3099 relegionis
1006 3015 1245 3082 conversatione
1270 3014 1379 3081 sedqu
1400 3032 1497 3100 prae-

329 3129 447 3214 mco,
470 3148 519 3215 ea,
542 3149 624 3216 quae
646 3130 814 3199 audierunt
834 3129 903 3197 rel²
919 3130 1076 3215 viderunt,
1099 3130 1134 3197 in
1154 3128 1337 3217 exemplum
1356 3130 1496 3217 postoris

329 3243 521 3313 tradiderunt
542 3280 584 3293 -
609 3252 799 3331 congregate
826 3246 993 3314 verborum
1016 3242 1165 3313 raritatc'
1186 3240 1340 3315 texendo⁸
1361 3246 1497 3313 nitimur

330 3358 485 3446 modoet
508 3366 541 3429 et
562 3361 602 3429 ab
626 3362 755 3429 exordio
777 3382 877 3449 usque
900 3360 1064 3447 adfinem,
1087 3368 1207 3447 quantu
1221 3380 1388 3449 possumus
1402 3360 1497 3428 inda·

329 3476 463 3562 tudone,
486 3478 613 3545 divinoe
635 3478 909 3567 contemplationis
932 3479 1000 3546 eius
1023 3478 1265 3546 sancdmoniam
1286 3476 1438 3545 revelare

408 3592 491 3660 Gnrn
519 3594 605 3661 enim
626 3594 942 3683 primaeuo-puerilis
964 3594 1078 3663 eetads
1100 3594 1213 3662 decore
1234 3593 1336 3661 multe
1354 3598 1393 3661 ut
1413 3592 1497 3661 solet

327 3713 484 3777 maternae
516 3708 736 3777 sollicitudinis
771 3728 848 3777 cura
880 3708 1055 3777 ablactatus
1090 3715 1185 3795 atque
1214 3709 1371 3777 enutritus
1400 3714 1498 3794 meet·

327 3840 437 3909 nogna
457 3826 609 3893 nimirum
632 3825 854 3911 delectatione,
885 3832 1061 3893 ceterorum
1083 3826 1262 3914 postposito
1283 3846 1392 3893 amore
1412 3823 1495 3893 lilio·

327 3958 408 4026 rum,
436 3932 614 4010 adsectatus
648 3948 698 4009 cst
731 3962 751 4009 a
779 3947 882 4029 patre.
928 3940 992 4009 Sed
1021 3942 1097 4028 quia
1121 3942 1189 4009 iam
1214 3940 1355 4009 labentia
1380 3947 1496 4009 cuncta

327 4054 426 4125 animo
449 4057 626 4126 subiecerat
647 4063 681 4126 et
702 4062 831 4127 aeterna
851 4058 954 4143 magis
970 4076 1065 4145 quam
1079 4058 1261 4146 pressanda
1274 4059 1415 4143 cogitare
1428 4058 1496 4126 dis·

394 4222 415 4256 ι.
433 4210 502 4257 rotor
516 4212 544 4267 F,
564 4208 633 4257 robur
647 4214 677 4257 A.
762 4210 785 4257 t.
804 4210 860 4257 llere
877 4212 902 4268 F,
921 4208 973 4257 llari
988 4212 1021 4267 A,
1037 4212 1069 4268 ὃς
1091 4208 1202 4257 anforsi
1286 4223 1307 4257 c.
1327 4222 1449 4269 muscam
1463 4212 1493 4259 A

327 4284 348 4333 d.
367 4288 499 4339 iubentibus
514 4293 540 4347 F,
560 4288 692 4337 iurantibus
707 4293 741 4347 A,
761 4290 893 4341 iubentibus
908 4294 936 4337 B.
1041 4304 1061 4336 a
1084 4289 1212 4337 lumllmtia
1227 4292 1254 4347 F,
1273 4289 1397 4337 iusolmtis
1411 4294 1444 4347 A,
1464 4292 1493 4339 B.

327 4362 342 4409 i
362 4366 422 4415 ludis
438 4372 463 4427 F,
478 4368 554 4417 leudis
569 4372 603 4427 A,
620 4372 646 4416 B.
756 4382 778 4429 g.
801 4372 865 4417 tauta
880 4373 908 4429 F,
923 4373 1000 4417 tantm
1015 4373 1044 4417 A.
1152 4370 1176 4416 h.
1199 4369 1281 4417 ralatio
1295 4372 1322 4425 F,
1338 4368 1448 4417 relatione
1462 4373 1493 4417 A.

326 4444 341 4491 i.
361 4446 451 4507 explicit
464 4448 574 4510 prologus
589 4466 633 4495 oss.
648 4450 681 4506 A,
697 4450 724 4497 B.
801 4446 824 4496 k„
844 4448 1011 4509 archiepiscopi
1027 4450 1084 4496 odd.
1100 4450 1129 4497 B.
1206 4449 1222 4495 l.
1245 4446 1379 4507 Qualiter
1397 4448 1426 4495 lu
1446 4449 1496 4495 iu··

327 4522 414 4575 tantis
431 4528 485 4577 Dei
508 4528 662 4577 servitium
684 4527 837 4577 inchoarit
854 4532 881 4586 F,
904 4527 1039 4586 Qualiter
1060 4530 1091 4577 iu
1111 4528 1241 4577 latentia
1258 4528 1379 4577 Domini
1399 4528 1493 4577 sarri·

327 4602 393 4655 llum
413 4608 505 4657 sublit
520 4613 548 4658 A.
625 4608 791 4667 mraligiosie
807 4611 871 4666 AB.
949 4611 1018 4657 net
1032 4612 1061 4657 B.

336 4700 340 4709 ’
395 4712 420 4767 1.
442 4714 552 4769 stamini
570 4712 748 4785 (intexto,
773 4718 889 4785 panno).
1010 4714 1036 4768 2.
1059 4712 1077 4767 i.
1091 4726 1116 4767 e.
1136 4716 1327 4783 „congregata
1346 4710 1492 4767 verborum

329 4798 669 4963 (ἒιᾚθὲωριιιοίωω.
793 4803 820 4859 3.
842 4802 926 4874 iunge
943 4802 998 4861 siu:
1023 4801 1175 4875 ¹‚lictoriae
1196 4802 1319 4873 tegmine
1339 4798 1491 4859 torendo“.
