4342 6034
782 802 862 849 VITA
885 801 1080 848 muham
1101 801 1127 848 11

483 941 571 1008 cuius
593 942 677 1008 facta
697 941 792 1008 nimis
815 942 975 1010 distabant
997 943 1111 1009 ultima
1132 943 1254 1030 primis.

482 1057 563 1126 Nam
586 1057 647 1124 sibi
669 1057 826 1144 prelatum
848 1079 907 1145 psr
928 1061 978 1126 ius
1000 1059 1051 1126 uel
1073 1057 1291 1147 pontificatum

391 1193 457 1239 nro
480 1173 562 1240 dixit
582 1193 646 1240 non
669 1193 747 1259 eque
770 1175 846 1241 dare
869 1175 920 1243 vel
942 1176 1109 1264 disponere
1131 1195 1287 1261 quaeqne;

481 1291 578 1357 immo
601 1289 729 1358 detenta
751 1293 892 1377 queritur
915 1291 1076 1358 monachis
1100 1291 1259 1357 alimenta

480 1405 644 1494 Raptaque
667 1412 823 1492 causatur,
847 1429 905 1494 per
928 1428 1008 1494 quae
1030 1427 1087 1474 nec
1110 1407 1212 1474 clerus
1235 1406 1339 1474 alatur

481 1542 539 1590 nec
560 1523 732 1608 cenobitae,
756 1523 869 1608 quibus
892 1529 941 1590 est
963 1523 1125 1591 conversio
1148 1523 1243 1610 uitae,

480 1639 578 1704 immo
599 1639 795 1704 tirannorum
818 1637 887 1705 uati
911 1635 1046 1706 vicibus¹
1069 1633 1304 1723 monachornm,

394 1775 458 1820 ura
481 1755 642 1821 ordinibus
665 1755 771 1821 densis
794 1755 910 1822 dociles
934 1755 1082 1822 assistere
1104 1753 1223 1822 mensis

482 1871 617 1956 presulis
640 1871 724 1956 elati,
747 1872 854 1955 fruges
876 1891 1060 1938 consumere
1082 1866 1177 1936 nati'.

480 1985 618 2054 Nunoiat
639 2007 729 2072 ergo:
753 1987 842 2073 sequi
865 2007 998 2054 censura
1018 1985 1132 2054 iudicis
1154 1987 1226 2073 equi

483 2123 540 2189 pro
563 2123 646 2190 pena
668 2107 812 2187 monem,
834 2103 898 2170 nisi
920 2103 1058 2188 corrigat
1079 2104 1162 2170 hano
1183 2103 1245 2170 cito
1268 2099 1412 2170 sortem'.

526 2219 583 2286 His
605 2219 695 2308 plebs
717 2219 875 2306 perceptis
897 2239 964 2286 rem
988 2219 1093 2286 verbis
1116 2219 1207 2286 auxit
1226 2219 1358 2305 ineptis3

392 2355 459 2400 raso
481 2341 513 2402 et
535 2336 618 2421 quod
640 2335 733 2402 homo
756 2336 851 2419 fatur,
874 2335 959 2402 mela
982 2336 1057 2402 dnm
1080 2341 1213 2402 ventura
1234 2332 1384 2420 minatur,

481 2471 543 2518 vox
567 2452 641 2537 quia
662 2451 805 2519 coelestis
827 2452 919 2536 foret,
943 2457 993 2518 est
1012 2451 1104 2538 plebs
1125 2449 1247 2538 perfida
1267 2451 1373 2534 tostis3

482 2567 695 2654 inuidiamque
718 2568 800 2634 bono
823 2566 939 2634 condat
961 2567 1096 2634 verbosa
1115 2572 1259 2654 patrono,

481 2683 525 2750 sit
546 2686 636 2769 quasi
658 2684 859 2770 dampnatus,
883 2684 934 2749 cni
957 2684 999 2749 sit
1020 2684 1107 2750 Deus
1129 2683 1192 2749 ista
1214 2684 1362 2750 minatus.

481 2797 569 2878 Quod
592 2800 750 2884 quianon
774 2801 816 2865 sit
837 2799 893 2883 ita,
917 2803 1006 2886 patet
1027 2799 1128 2885 ipsius
1150 2799 1254 2866 indice
1275 2799 1342 2865 vita

392 2933 458 2982 nou
480 2913 657 2999 indicioque
679 2913 739 2980 Dei
762 2918 860 3001 patet,
885 2921 933 2982 est
955 2913 1009 3000 qui
1031 2914 1102 2980 lons
1124 2915 1245 3000 requiei

481 3031 584 3113 dives3
608 3029 726 3096 habens
748 3035 872 3096 votum:
896 3029 983 3098 coelo
1006 3051 1105 3114 genus
1128 3029 1244 3096 addere
1265 3035 1378 3114 toturn

481 3148 514 3213 in
538 3167 571 3214 se
594 3145 678 3232 quod
700 3146 810 3231 credit,
833 3152 992 3234 operatur,
1016 3152 1133 3234 sperat,
1157 3145 1273 3213 obedit

524 3263 653 3348 lemque
675 3261 879 3350 sepulchralis
902 3263 1003 3330 honor
1025 3268 1057 3332 et
1077 3263 1168 3330 fauor
1191 3261 1364 3349 anomalis

481 3380 575 3448 desiit
596 3384 628 3446 et
648 3377 751 3462 fletus,
774 3379 938 3464 bnuimue
960 3379 1087 3447 silentia
1107 3385 1206 3446 cenas.

393 3513 458 3562 1140
480 3495 621 3582 Cumque
644 3495 720 3561 satis
745 3494 878 3582 planxit,
902 3495 963 3562 sibi
986 3516 1079 3580 quem
1101 3515 1160 3584 pro
1182 3495 1308 3584 presule
1331 3493 1447 3580 sanxit,

482 3611 569 3696 eligit
590 3611 746 3696 heredem,
773 3611 825 3680 cui
847 3609 902 3678 dat
923 3611 1091 3696 Moguncia
1112 3611 1219 3680 sedem

481 3729 633 3796 aeclesiae
655 3733 799 3810 sanctm
822 3727 906 3795 clero
928 3747 1001 3794 cum
1022 3729 1115 3815 plebe
1136 3728 1309 3816 probante:

479 3843 665 3912 Marcolfum
687 3845 755 3911 iure
777 3844 835 3911 teli
857 3844 1022 3911 succedere
1044 3865 1149 3928 cume,

480 3981 538 4048 per
559 3981 657 4046 genus
681 3965 713 4028 st
734 3980 837 4027 mores
861 3959 917 4028 hos
941 3958 995 4046 qui
1017 3961 1185 4028 meruisset
1206 3959 1340 4028 honores

393 4095 457 4144 nse
479 4077 610 4144 coelitus
633 4077 784 4163 accipere,
807 4075 975 4144 cathedrae
997 4075 1048 4142 uel
1069 4076 1279 4144 incatenate

480 4191 548 4260 Hoc
569 4193 666 4278 igitur
687 4198 780 4280 pacto
804 4193 1039 4280 conspirantum
1062 4211 1157 4277 grege
1178 4191 1272 4277 facto,

480 4309 587 4398 presul
608 4315 644 4376 nt
666 4307 803 4394 eligitur,
826 4307 979 4394 sacratur,
1002 4308 1120 4376 honore
1142 4310 1271 4396 potitur.

441 4459 465 4513 1.
487 4459 557 4512 vles.
646 4460 671 4513 2.
695 4457 760 4514 lior.
775 4457 864 4527 Epist.
876 4458 899 4513 l.
912 4459 937 4527 2,
950 4457 993 4512 rt.
1082 4459 1109 4512 3.
1133 4458 1248 4528 Propter
1265 4457 1536 4514 monstrationem

365 4561 411 4616 es,
429 4561 500 4617 quae
518 4558 601 4616 supra
617 4561 645 4617 p.
657 4547 710 4601 406
728 4547 835 4616 legitur,
853 4545 986 4602 Ruthsrdi
1003 4545 1112 4601 abbatis
1123 4545 1322 4602 llbsrbaosnsis
1334 4545 1452 4617 epistula
1463 4561 1535 4602 ane

365 4652 423 4693 noa
441 4635 477 4690 ad
489 4635 662 4699 Atmoldum)
681 4635 731 4690 sed
748 4635 784 4690 ad
796 4635 997 4704 A(dalbertnnn)
1010 4635 1035 4690 ll
1053 4635 1140 4690 relata
1156 4640 1240 4705 esset,
1258 4636 1310 4692 nisi
1323 4633 1395 4690 intra
1407 4633 1534 4691 Christis·

365 4739 421 4782 nus
444 4723 472 4779 ln
495 4723 621 4779 chronico
645 4721 755 4779 definite
777 4725 933 4794 scripsisset
954 4725 1006 4779 stc:
1033 4725 1121 4795 ,Erat
1136 4723 1247 4795 qubus
1266 4723 1353 4780 abbas
1369 4725 1399 4779 io
1415 4725 1535 4780 olaustm

364 4809 547 4870 Eberbaoh
567 4841 600 4854 -
619 4813 665 4882 qul
682 4813 772 4883 lpsum
796 4812 983 4869 Arnoldurn
1006 4829 1057 4884 pre
1079 4813 1138 4868 suis
1161 4813 1319 4868 excessibus
1336 4827 1421 4886 saepo
1437 4813 1535 4870 litteris

364 4902 459 4972 argrdt
475 4907 505 4957 et
521 4901 689 4958 imminentia
705 4902 826 4972 pericula
842 4901 1008 4958 intimarit“.

824 5035 1069 5066 *4
