4342 6034
674 754 738 820 448
887 768 1093 817 wmumaunr
1114 768 1195 816 vrrs
1218 768 1245 817 s.
1261 768 1438 817 cosmum
1459 768 1535 817 car.
1550 768 1631 816 avr

514 921 654 979 tle-722
672 912 746 979 iecti
769 912 941 978 maximam
963 928 1154 996 magnopere
1176 914 1396 997 paupertatem
1419 908 1648 997 praedicebat¹.
1687 906 1749 975 Sed
1767 928 1826 975 oum
1894 925 1895 994 l

673 1048 774 1115 neque
803 1028 849 1095 sie
871 1030 1034 1113 correptus
1057 1025 1098 1091 ed
1120 1025 1356 1113 suscipiendum
1377 1024 1469 1092 huius
1491 1024 1689 1092 celsitudinis
1710 1024 1828 1108 medum
1894 1005 1895 1046 ³

673 1145 875 1228 consentiret,
897 1144 1023 1227 iamque
1045 1162 1103 1228 per
1124 1140 1234 1225 longas
1248 1141 1451 1209 tricationum
1465 1160 1571 1208 moras
1586 1138 1740 1227 spiritalis
1759 1141 1828 1207 iuter

675 1280 727 1328 eos
750 1264 821 1327 orta
843 1263 891 1326 est
913 1258 1071 1325 conmntio
1094 1261 1127 1323 ct
1148 1276 1287 1324 consona
1307 1256 1438 1345 pulchre
1460 1256 1660 1324 discretionis
1681 1256 1829 1323 secedis·

674 1376 788 1442 sensio.
834 1374 894 1441 Hie
916 1394 1000 1459 roro,
1024 1373 1137 1458 grandi
1159 1378 1348 1459 praeventus
1371 1372 1566 1457 humilitate,
1588 1372 1689 1439 tantib
1711 1373 1831 1457 gradum
1895 1449 1896 1482 1

674 1490 865 1559 contradixit
885 1489 1028 1572 honoris3
1050 1490 1105 1555 ille
1127 1493 1243 1573 autem,
1265 1489 1403 1575 piissimi
1425 1490 1569 1576 appetitu
1590 1488 1671 1555 lucri
1685 1488 1830 1571 inretitus,

612 1581 625 1609 ’
674 1606 808 1673 salntem
831 1606 1010 1693 concupivit
1031 1604 1218 1671 animarum.
1260 1603 1402 1690 Cumque
1424 1605 1470 1671 sic
1492 1604 1616 1671 diversa
1637 1605 1701 1671 iam
1725 1587 1831 1671 sermo-

674 1722 866 1790 cinationum
893 1720 989 1788 rerba
1010 1721 1146 1787 invicem
1167 1719 1389 1807 protulissent,
1417 1724 1450 1787 et
1471 1726 1598 1787 sanctus
1620 1720 1672 1787 bic
1694 1720 1756 1787 Dei
1776 1740 1831 1787 ser·
1895 1721 1896 1776 ἓ

673 1856 748 1923 vus,
776 1837 870 1905 velud
892 1838 925 1903 in
948 1836 1108 1924 spiritale·
1131 1837 1268 1923 quodam
1290 1836 1392 1904 stadio
1415 1836 1553 1923 positus,
1576 1836 1692 1922 placite
1715 1856 1832 1922 prorsus

675 1954 885 2021 excusationis
908 1972 1040 2020 exerens
1063 1970 1251 2037 sermonem,
1275 1952 1334 2018 ait:
1361 1953 1529 2020 Osamme
1545 1956 1720 2020 cannenses
1734 1958 1831 2042 poran-

664 2070 738 2155 fes,
763 2092 780 2137 o
803 2071 959 2157 spiritalis
979 2082 1110 2156 proreta
1131 2072 1252 2157 ayonis
1291 2070 1363 2155 Epo
1385 2072 1468 2135 enim
1490 2092 1512 2134 u
1534 2070 1623 2135 beato
1645 2084 1771 2137 sanctae
1790 2092 1831 2136 re·

674 2188 866 2252 cordationis
891 2184 1045 2272 Greporio
1071 2208 1163 2273 papa
1187 2182 1385 2253 Germanicae
1413 2186 1599 2251 mandatam
1622 2186 1766 2272 pennice
1786 2188 1831 2251 de·
1896 2199 1897 2272 3

675 2300 753 2378 nale·
785 2322 857 2388 epe,
893 2302 1085 2388 apostolicae
1116 2304 1198 2367 cedas
1228 2302 1380 2388 laesione
1397 2300 1540 2388 fenestre
1568 2304 1613 2367 ed
1640 2302 1832 2369 occidentales
1896 2275 1897 2304 ¹

675 2416 882 2483 barbarorum
902 2420 1054 2503 cepione,
1077 2430 1188 2504 sponte
1209 2431 1282 2484 nece
1302 2440 1351 2483 nae
1370 2418 1607 2504 catenatione
1629 2418 1768 2484 dominic
1789 2422 1831 2484 in·

674 2535 784 2597 inncni
805 2544 834 2598 et
853 2537 1007 2620 propriae
1026 2533 1195 2599 uoluntatis
1209 2534 1353 2614 arbitrio,
1377 2537 1543 2620 &noronte
1556 2536 1755 2600 dominorum
1767 2536 1832 2601 aud

676 2646 803 2729 limate,
817 2650 991 2736 ‚copuloci3
1020 2670 1155 2735 qaorum
1176 2672 1274 2736 aeque
1296 2653 1331 2716 in
1353 2650 1538 2715 hodiernum
1560 2652 1643 2717 diem
1664 2654 1833 2739 sponsionis

675 2776 745 2829 eote
775 2768 957 2831 constrictas
994 2788 1065 2831 eam
1096 2768 1240 2833 eminati
1272 2790 1310 2832 ac
1337 2766 1499 2832 radicatae
1547 2765 1750 2856 Quapropter
1775 2771 1834 2832 aiae

675 2882 866 2969 epoetolicne
891 2882 973 2947 cedia
1001 2882 1144 2947 consultu
1171 2894 1200 2948 et
1220 2882 1415 2948 authenticae
1435 2884 1585 2947 iussionis
1606 2886 1755 2951 mendnto
1775 2897 1833 2949 tun

673 2998 837 3085 praeclare
865 2998 1064 3064 sublimitatis
1094 2999 1235 3064 ordinem
1262 2999 1419 3085 emcipere
1439 3021 1503 3064 non
1526 3000 1635 3065 audeo.
1727 2998 1830 3066 Sedet

676 3112 739 3179 ulia
766 3132 888 3199 quoque
916 3111 1123 3179 rationabile*
1145 3112 1306 3199 petitionis
1335 3112 1564 3200 supplicatione
1586 3114 1684 3181 rerba
1704 3115 1829 3201 profero·
1898 3117 1899 3174 ἶ

674 3227 739 3312 bat
763 3228 885 3295 dicens:
912 3228 1045 3296 Obsecro
1068 3206 1177 3315 ibitur,
1200 3242 1236 3297 at
1256 3252 1314 3311 me,
1334 3234 1491 3317 propriae
1512 3235 1692 3319 epoaaaicmb
1706 3236 1828 3297 namn
1898 3239 1899 3268 ³

676 3347 802 3425 cetenis
827 3348 871 3410 ad
892 3345 949 3411 dae
972 3368 1051 3432 quas
1070 3348 1222 3433 primm
1244 3370 1266 3410 a
1287 3348 1359 3411 cede
1381 3348 1555 3434 apostolice
1568 3350 1683 3414 mione
1697 3360 1826 3413 namne
1898 3377 1899 3380 ¹

675 3482 730 3525 ree
752 3462 934 3527 distinendo
962 3463 1087 3548 direque
1095 3470 1117 3525 ⁶.
1163 3458 1222 3527 cui
1249 3460 1395 3547 protinus
1424 3461 1473 3528 vir
1494 3461 1570 3546 Dei,
1599 3464 1709 3530 audite
1735 3465 1826 3529 unua

675 3574 879 3663 professionis
902 3594 1006 3660 causa,
1030 3576 1106 3642 duta
1127 3576 1157 3643 ei
1172 3574 1396 3662 benedictione,
1418 3572 1825 3646 licentiam'deditubcnndt

606 3702 658 3757 'lte
676 3690 746 3775 Qui,
771 3692 866 3759 edam
888 3693 996 3758 statim
1018 3690 1228 3779 proficiscens,
1250 3693 1395 3780 pervenit
1418 3692 1459 3760 ud
1480 3692 1583 3761 locum
1598 3696 1650 3762 cui
1664 3714 1774 3762 nomen
1786 3694 1825 3757 in·

676 3807 823 3875 scribitur
845 3804 1114 3894 Amanaburch‘¹,
1142 3808 1234 3874 iuxta
1261 3809 1437 3895 apostolum
1464 3812 1620 3879 enutritus
1641 3810 1744 3879 verbis
1763 3805 1824 3891 idei

678 3928 710 3990 et
733 3922 832 3991 bonae
854 3923 1030 4011 doctrinae,
1055 3944 1150 4010 quam
1173 3924 1340 3992 adsecutus
1362 3922 1437 3993 est'.

765 4038 834 4106 vlt.
868 4038 930 4107 Per
958 4040 1098 4125 singulos
1125 4042 1209 4108 enim
1238 4040 1479 4127 aprochemio'·
1501 4042 1616 4127 gradum
1640 4042 1761 4109 virtutis
1779 4038 1823 4105 do·

677 4160 824 4222 eumenia
857 4160 889 4223 et
920 4156 1037 4225 laboris
1065 4158 1100 4223 in
1128 4156 1264 4224 Domino
1292 4158 1501 4225 constantiam
1529 4158 1622 4226 huius
1651 4158 1749 4226 sancti
1775 4152 1823 4222 riri

677 4272 952 4360 perstrincximus‚
986 4278 1023 4340 ut
1055 4274 1220 4360 sequentia
1247 4274 1392 4343 subtilius
1420 4274 1574 4341 bonorum
1602 4274 1671 4341 eius
1697 4268 1823 4359 exempla

677 4387 886 4473 conglobatim
909 4389 950 4457 ad
971 4391 1158 4457 memoriam
1179 4411 1369 4459 revocemus.
1447 4389 1589 4477 Cumque
1602 4392 1758 4476 ingentem
1770 4386 1822 4453 Do

749 4544 770 4577 a
789 4528 930 4591 praediceret
945 4534 971 4589 F,
986 4534 1014 4588 B,
1030 4532 1176 4592 praedicebat
1191 4536 1220 4580 A.
1280 4532 1303 4580 b.
1323 4533 1386 4592 tangi
1402 4536 1427 4581 F.
1490 4545 1511 4581 e.
1530 4530 1628 4593 apln'tuli
1637 4536 1667 4590 A,
1678 4536 1705 4581 B.
1762 4529 1821 4576 dlv

677 4608 780 4657 donabili
795 4614 827 4668 A,
843 4612 871 4657 B.
948 4624 969 4657 e.
989 4608 1074 4670 dirim
1090 4616 1125 4668 A,
1140 4616 1169 4661 B.
1244 4612 1260 4661 l.
1281 4613 1424 4672 Amanaburg
1438 4616 1469 4669 A,
1485 4614 1513 4660 B.
1590 4626 1613 4672 g.
1636 4611 1763 4670 Qualiter
1781 4618 1821 4667 par

678 4703 785 4739 omnem
808 4690 931 4737 aetatem
956 4704 1033 4738 snum
1055 4692 1290 4753 praedicationis
1313 4694 1442 4741 studium
1466 4693 1601 4741 exercuit
1621 4694 1650 4740 at
1669 4690 1743 4753 qnull
1760 4687 1820 4735 lunt

678 4770 808 4817 mnndum
831 4770 891 4818 lina
915 4770 1086 4832 dereliquld
1106 4776 1135 4820 A.
1212 4772 1236 4821 la
1256 4772 1373 4833 prohemlo
1389 4776 1418 4830 A,
1433 4774 1461 4820 B.

749 4866 773 4921 1.
797 4864 976 4937 Ambnebnrg
993 4866 1019 4921 in
1038 4866 1145 4923 Hassis
1234 4868 1260 4923 t.
1285 4866 1431 4925 l'lbmoth.
1443 4868 1469 4939 4,
1481 4868 1508 4924 6.
