4342 6034
637 719 679 783 92
885 736 913 782 s.
930 735 1108 782 noumsrn
1130 737 1173 782 ar
1196 735 1297 782 nonar
1319 733 1507 782 narsronss
1534 734 1564 780 rs

526 900 550 938 o.
565 885 617 938 732
635 877 747 944 mortis
770 875 967 942 morantibus
990 877 1152 960 gentibus,
1181 876 1215 942 in
1238 895 1344 942 errore
1366 876 1561 960 constitutis,
1589 875 1629 941 ab
1651 875 1711 942 hac
1734 896 1808 962 apo-

636 993 747 1060 stolica
768 992 830 1058 Dei
853 991 985 1058 ecclesia
1008 992 1126 1058 directo
1149 1029 1191 1040 -
1217 989 1386 1074 Gregorius
1415 1011 1523 1057 servus
1553 1011 1715 1058 servorum
1738 991 1807 1058 Dei

724 1107 841 1191 Magna
862 1127 921 1174 nos
942 1107 1054 1174 habuit
1075 1106 1256 1191 gratulatio,
1280 1107 1370 1172 lectis
1387 1107 1584 1174 sanctissime
1599 1107 1807 1174 fraternitatis

636 1231 709 1291 tuae
731 1223 861 1305 litteris3
885 1243 957 1290 cum
979 1224 1014 1288 in
1036 1224 1093 1308 eis,
1118 1223 1235 1290 relecta
1250 1222 1341 1306 serie,
1364 1223 1477 1290 fuisset
1492 1227 1664 1308 repertum,
1689 1223 1809 1290 domini

635 1340 737 1406 nostri
760 1339 831 1404 Iesu
854 1337 971 1404 Christi
993 1340 1097 1422 gata
1119 1339 1272 1425 plurimos
1295 1343 1326 1403 te
1350 1358 1369 1404 a
1391 1338 1567 1422 gentilitate
1591 1343 1623 1404 ct
1641 1359 1749 1405 errore
1770 1340 1809 1406 ad

635 1476 711 1522 vere
731 1453 805 1521 fidei
828 1455 1018 1537 agnitionem
1043 1454 1245 1520 convertisse.
1281 1453 1371 1532 Quod
1394 1454 1469 1539 quia
1489 1453 1596 1520 divina
1611 1454 1809 1521 institutione

636 1571 784 1636 docemur
806 1570 840 1635 in
862 1569 1038 1656 parabolis,
1062 1570 1114 1636 cui
1137 1570 1274 1655 quinque
1297 1569 1418 1636 talenta
1439 1569 1559 1636 credita
1580 1569 1722 1654 fuerant,
1749 1570 1811 1638 alia

636 1687 773 1771 quinque
800 1685 898 1752 fuisse
926 1687 1082 1752 lucratum
1092 1681 1110 1769 ¹,
1140 1685 1174 1750 in
1203 1685 1293 1752 talis·
1322 1686 1503 1752 commercii
1532 1684 1619 1751 luoro
1648 1705 1720 1752 cum
1743 1691 1811 1752 tota

634 1802 820 1889 plaudamus
850 1802 1011 1868 aecclesia.
1103 1799 1185 1866 Hinc
1217 1801 1286 1866 iure
1314 1801 1372 1866 tibi
1400 1801 1483 1868 seori
1511 1800 1608 1886 pallei
1634 1801 1809 1868 direximus

634 1939 760 2002 munus,
784 1917 868 2002 qnod
891 1917 976 1983 beati
990 1915 1077 1983 Patri
1101 1915 1235 2002 apostoli
1258 1917 1444 1983 auctoritate
1460 1917 1635 2002 suscipiens
1649 1916 1808 2000 induaris;

635 2039 729 2119 atque
751 2034 835 2099 inter
859 2033 1111 2118 archiepiscopos
1139 2051 1238 2115 unus,
1267 2031 1334 2098 Deo
1364 2037 1492 2099 anctore
1518 2032 1747 2119 praecipimus,
1775 2038 1811 2098 ut

635 2150 802 2216 censearis.
855 2147 996 2226 Qualiter
1027 2147 1113 2213 enim
1141 2167 1213 2213 eum
1242 2149 1358 2232 utaris,
1389 2168 1429 2214 ox
1457 2148 1606 2214 mandato
1636 2147 1809 2234 apostolico

635 2266 824 2332 informatus
852 2282 1020 2347 cognosces
1048 2263 1109 2328 ita:
1140 2269 1190 2347 ut,
1219 2262 1294 2328 dum
1322 2263 1491 2330 missarum
1516 2263 1704 2350 sollempnis.
1725 2264 1809 2347 geris

636 2381 688 2447 vel
710 2380 894 2466 episcopum
916 2385 949 2446 te
971 2379 1162 2461 contingerit
1184 2398 1382 2463 consecrare,
1411 2379 1464 2446 illo
1487 2377 1706 2446 tantummodo
1728 2385 1810 2446 tam·

637 2515 714 2583 pore
737 2516 809 2561 eum
831 2494 942 2560 utaris.

726 2610 808 2690 Quia
834 2630 909 2676 vero
937 2608 1062 2693 turbas,
1092 2609 1221 2676 Domini
1250 2610 1368 2695 gratia,
1396 2610 1431 2676 in
1460 2610 1579 2677 eisdam
1600 2608 1745 2698 partibus
1769 2611 1810 2676 ad

636 2733 757 2794 rectam
789 2725 885 2792 fidem
918 2724 1131 2792 asseruissesb
1166 2736 1370 2810 conversas⁰,
1410 2727 1541 2812 nequire
1578 2732 1609 2794 te
1644 2746 1809 2794 occurrere

637 2843 797 2911 omnibus:
822 2861 860 2908 ea
882 2862 963 2926 quae
985 2841 1096 2908 salutis
1119 2847 1194 2908 sunt
1215 2842 1398 2928 impendere
1422 2848 1477 2908 aut
1498 2842 1647 2910 intimare
1671 2879 1712 2888 -
1737 2863 1808 2910 cum

635 2960 700 3026 iam
723 2959 816 3042 longe
837 2957 973 3043 lateque,
997 2958 1101 3042 gratia
1116 2957 1243 3043 Christi,
1268 2958 1334 3025 eius
1355 2957 1432 3026 fides
1447 2959 1482 3024 in
1496 2959 1560 3025 illis
1575 2957 1719 3046 partibus
1735 2979 1810 3046 pro-

636 3081 770 3163 pagetur
793 3111 835 3120 -
859 3069 1084 3160 precipimus¹:
1123 3079 1159 3140 ut
1185 3075 1275 3141 iuxta
1302 3094 1464 3141 sacrorum
1492 3095 1648 3141 canonum
1678 3079 1808 3160 statuta,

636 3192 692 3257 ubi
713 3190 882 3256 multitudo
904 3189 1044 3256 excrevit
1065 3188 1216 3274 fidelium,
1240 3211 1280 3256 ex
1303 3191 1411 3274 vigore
1434 3191 1624 3277 apostolicae
1647 3192 1731 3258 sedis
1755 3192 1808 3258 de·

636 3307 712 3373 beas
741 3306 887 3371 ordinare
916 3305 1096 3391 episcopos3
1131 3307 1186 3392 pia
1219 3311 1326 3374 tamen
1361 3307 1646 3395 contemplatione,
1680 3311 1808 3374 utnon

637 3420 769 3487 vilescat
791 3420 927 3503 dignitas
950 3416 1176 3506 episcopatus⁸.

725 3535 940 3602 Prasbiterum
962 3556 1098 3620 namque
1122 3557 1213 3622 quem
1236 3539 1387 3625 preterito
1411 3539 1574 3606 asseruisti
1596 3557 1678 3606 anno
1695 3538 1736 3605 ad
1750 3559 1809 3606 nos

637 3652 802 3719 advenisse
836 3657 1006 3736 nostroque
1040 3651 1157 3718 iudicio
1191 3654 1289 3720 fuisse
1324 3675 1343 3720 a
1376 3655 1441 3721 suis
1469 3655 1599 3722 nefariis
1629 3654 1810 3722 absolutum

638 3768 829 3853 actionibuS,
857 3768 981 3854 credas,
1010 3789 1111 3854 nequo
1140 3769 1231 3835 nobis
1259 3771 1469 3837 confessiones
1499 3771 1619 3856 aliquas
1647 3771 1723 3838 fecit
1750 3791 1809 3839 nec

638 3906 657 3952 a
685 3885 792 3968 nobis,
822 3889 858 3949 ut
886 3905 959 3950 suos
989 3886 1116 3973 expleat
1142 3885 1268 3969 libitus,
1299 3887 1460 3954 absolutus
1484 3893 1540 3954 ast.
1577 3886 1654 3971 Sed,
1685 3887 1713 3954 si
1736 3909 1808 3954 eum

637 4001 738 4067 errori
761 3999 903 4065 deditum
924 4001 1113 4088 reppereris,
1138 4001 1220 4066 hunc
1243 4002 1432 4088 apostolicae
1448 4003 1531 4069 sedis
1547 4003 1654 4086 vigore
1669 4008 1705 4069 ιιι
1719 4005 1809 4070 iuxta

638 4122 819 4183 sanctorum
841 4135 995 4183 canonum
1018 4117 1204 4184 censuramd
1227 4119 1365 4202 corrigas
1388 4119 1581 4206 precipimus
1597 4125 1629 4186 et
1644 4119 1807 4202 amendes3

709 4290 730 4323 a.
750 4276 835 4322 talibm
852 4280 886 4324 Μ.
964 4277 986 4323 b.
1007 4277 1134 4324 asseruisse
1152 4281 1186 4324 M.
1263 4291 1283 4324 c.
1304 4291 1425 4326 conversos
1442 4283 1477 4326 M.
1555 4280 1578 4326 d.
1599 4293 1695 4326 censura
1710 4283 1746 4326 M.

709 4381 734 4434 1.
759 4379 909 4450 Martum,
924 4382 966 4436 16.
1056 4383 1082 4436 2.
1109 4382 1310 4452 „Praecipimns
1329 4413 1362 4422 -
1381 4383 1572 4454 episcopatus“
1592 4388 1657 4440 sunt
1674 4383 1808 4454 Gregorio

636 4467 735 4524 iuniori
753 4467 792 4535 (id
810 4474 853 4523 est
871 4469 1002 4535 secundo)
1021 4469 1125 4524 tributa
1142 4472 1170 4525 in
1183 4471 1305 4526 Gratiani
1322 4471 1403 4526 Docr.
1417 4473 1448 4526 P.
1461 4473 1487 4528 Il
1505 4489 1528 4528 c.
1543 4475 1576 4528 16
1595 4475 1669 4543 qul
1690 4489 1750 4528 can.
1763 4476 1806 4529 53.

637 4560 662 4614 3.
688 4556 730 4612 (is.
749 4557 873 4612 Gratiani
891 4559 972 4613 Decr.
992 4559 1022 4612 P.
1039 4559 1053 4612 I
1071 4559 1105 4614 D.
1124 4561 1159 4614 80
1182 4576 1241 4615 can.
1260 4562 1291 4615 3:
1318 4562 1468 4631 „Episcopi
1490 4577 1544 4616 non
1568 4563 1597 4616 in
1618 4563 1737 4618 castellis
1761 4569 1809 4618 aut

637 4646 751 4701 modicis
769 4646 926 4701 civitatibus
944 4646 1046 4701 debent
1063 4649 1192 4703 constitui
1205 4679 1238 4688 -
1251 4653 1279 4704 at
1297 4650 1441 4720 episcopus
1460 4665 1515 4706 non
1533 4650 1568 4704 ab
1586 4667 1640 4706 uno
1659 4652 1707 4706 scd
1721 4653 1808 4723 aplu-

636 4735 712 4790 ribus
730 4734 813 4790 debet
831 4736 967 4805 episcopis
985 4736 1111 4806 ordinari,
1135 4742 1171 4808 et,
1193 4743 1224 4793 ut
1242 4739 1343 4794 dictum
1363 4745 1413 4809 est,
1432 4754 1487 4794 non
1505 4739 1540 4794 ad
1559 4739 1694 4795 modicam
1713 4741 1808 4796 cirita·

635 4827 702 4895 tem,
721 4839 755 4879 no
772 4824 889 4879 vilescat
905 4839 1005 4880 nomen
1023 4824 1174 4896 episcopi“.
