4342 6034
641 751 861 801 anonumum
881 752 925 799 nu
948 752 1049 800 nunni
1071 751 1259 800 nrmuonsn
1283 752 1297 797 1
1508 735 1552 799 lo

385 894 470 961 tibus
483 912 541 981 per
556 892 783 961 Dumnoniam·
800 892 1057 961 conversantibus
1073 892 1262 980 Althelmus,
1283 896 1352 961 sine
1366 893 1553 961 meritorum
1570 899 1712 957 tro-'loo

385 1010 586 1098 prerogativa
602 1004 741 1077 abbatis²
756 1006 858 1077 officio
872 1008 1008 1094 functus,
1025 1008 1196 1096 optabilem
1209 1010 1245 1077 in
1255 1010 1392 1077 Domino
1407 1009 1551 1078 sulutem.

473 1126 583 1213 Nuper
610 1145 681 1193 cum
705 1144 807 1193 essem
829 1126 863 1191 in
885 1124 1016 1193 concilio
1039 1126 1257 1212 episcoporum
1281 1160 1326 1171 -
1346 1126 1402 1193 ubi
1424 1146 1464 1192 ex
1486 1130 1555 1192 tota

384 1263 466 1330 pene
488 1241 646 1309 Brittania
665 1240 905 1309 innumerabilis
927 1240 989 1308 Dei
1017 1242 1216 1309 sacerdotum
1243 1246 1371 1309 catewa
1391 1239 1553 1326 confluxit,

386 1359 425 1426 sd
448 1358 508 1425 hoc
529 1358 697 1445 presertim
726 1362 931 1443 congregata,
960 1363 996 1424 ut
1022 1378 1080 1444 pro
1112 1355 1315 1424 eeclesiarum
1342 1357 1554 1426 sollicitudine

385 1480 417 1543 et
440 1474 618 1541 animanrm
640 1473 741 1541 salute
764 1474 804 1541 ab
827 1472 971 1540 omnibus
992 1472 1118 1540 decreta
1131 1493 1287 1541 canonum
1301 1480 1335 1541 et
1347 1479 1475 1561 patrum
1488 1478 1554 1541 sta·

384 1594 454 1661 tute
476 1594 687 1659 decorentur
709 1595 742 1658 et
764 1590 797 1656 in
821 1609 995 1673 commune,
1019 1588 1144 1656 Christo
1159 1590 1367 1677 patrocinium
1382 1595 1554 1677 prestante,

384 1711 663 1789 conservarentur3
685 1705 736 1773 his
758 1706 855 1790 igitur
876 1706 937 1773 rite
951 1704 1089 1792 peractis
1106 1740 1147 1751 -
1164 1724 1257 1773 omne
1271 1705 1466 1773 sacerdotale
1480 1725 1554 1773 con·

383 1822 494 1891 cilium
515 1821 637 1889 meam¹¹
660 1822 850 1909 parvitatem
871 1821 943 1908 pari
964 1824 1114 1907 precepto
1136 1826 1169 1888 et
1190 1820 1287 1888 simili
1308 1822 1466 1889 sententia
1480 1841 1555 1889 eon-

383 1938 550 2025 pulerunt:
574 1943 611 2005 ut
632 1938 673 2005 ad
694 1942 798 2005 vestre
820 1936 948 2025 pietatis
967 1937 1162 2023 presentiam
1176 1936 1364 2024 epistulares
1377 1936 1556 2005 litterarum

384 2056 493 2141 apices
527 2054 700 2138 diregerem
730 2059 762 2121 et
791 2072 899 2119 eorum
926 2057 1094 2139 paternam
1120 2054 1307 2139 petitionem
1334 2052 1556 2139 salubremque

383 2171 620 2255 suggestionem
642 2189 700 2256 per
722 2170 859 2255 scriptae
876 2168 984 2235 stilum
999 2168 1192 2253 intimarem,
1214 2168 1275 2236 hoc
1289 2176 1338 2237 est
1351 2169 1391 2237 de
1406 2168 1556 2237 ecclesim

384 2286 559 2355 catholicae
581 2286 702 2353 unitate
723 2290 756 2355 et
777 2285 947 2353 christiane
961 2283 1129 2369 relegionis
1151 2285 1328 2371 concordie7
1351 2286 1421 2353 sine
1442 2284 1555 2371 quibus

383 2400 461 2470 fides
486 2402 589 2470 otiosa
610 2402 762 2489 torpescit
784 2406 816 2469 et
837 2420 957 2468 merces
980 2400 1087 2467 futura
1106 2400 1241 2469 fatescit
1275 2401 1358 2481 Quid
1377 2400 1462 2469 enim
1481 2420 1556 2488 pro-

384 2524 459 2585 sunt
480 2518 636 2586 bonorum
659 2516 1050 2605 operum'emolumenta0,
1073 2516 1102 2583 si
1125 2523 1216 2584 extra
1234 2517 1420 2585 catholicam
1443 2536 1557 2602 geran-

384 2638 436 2701 tur
465 2634 647 2719 ecelesiam,
682 2626 814 2703 etiamsi'
834 2632 947 2719 aliquis
976 2632 1131 2700 actualem
1158 2632 1282 2717 rigidae
1309 2634 1557 2701 conuersationis

384 2751 529 2837 regulam
558 2750 616 2817 sub
650 2750 817 2837 disciplina
850 2748 994 2817 coenubii
1023 2746 1167 2816 sollerter
1194 2754 1340 2817 exerceat
1373 2755 1429 2817 eut
1461 2755 1556 2835 certe,

385 2874 572 2935 cunctorum
594 2866 775 2933 mortalium
798 2865 1002 2933 contubernia
1024 2864 1200 2949 declinam,
1223 2865 1258 2931 in
1280 2864 1426 2950 squalida
1447 2865 1558 2933 solitu·

385 2983 458 3051 dine
482 2987 634 3067 remotus,
657 2982 934 3070 contemplativam
957 2981 1183 3049 anachoreseos
1205 2984 1338 3066 peragat
1351 2981 1459 3047 uitam.
1494 2980 1557 3064 lgi-

385 3104 447 3184 tur,
472 3105 510 3166 ut
532 3098 648 3167 certius
670 3103 777 3166 uestra
797 3099 953 3183 sagacitas
972 3097 1223 3165 animaduertere
1242 3101 1348 3182 queat,
1369 3116 1428 3183 pre
1444 3096 1557 3183 quibus

385 3217 491 3284 causis
513 3234 586 3283 mea
607 3214 807 3283 mediocritas
829 3215 948 3301 scripta
966 3214 1128 3298 direxerit,
1150 3212 1361 3299 conpendiose
1375 3218 1408 3280 et
1420 3212 1558 3281 breuiter

387 3330 590 3401 enucleabo‘.

476 3448 632 3515 Auditum
654 3466 790 3533 namque
813 3451 845 3513 et
860 3446 993 3513 diuersis
1008 3462 1172 3513 rumorum
1186 3442 1354 3512 relatibus·
1373 3449 1556 3532 conpertum

386 3564 479 3633 nobis
503 3568 567 3631 est:
591 3563 674 3649 quod
697 3563 875 3631 sacerdotes
890 3563 988 3630 vestri
1002 3562 1036 3628 in
1051 3560 1223 3628 catholicae
1236 3558 1312 3627 fidei
1324 3560 1434 3643 regule
1447 3580 1559 3628 secun-

387 3681 462 3749 dum
479 3680 656 3767 scripturae
670 3684 821 3767 precepta
841 3679 971 3747 minime
985 3678 1186 3760 concordent
1208 3680 1241 3743 et
1255 3694 1312 3762 per
1327 3696 1436 3743 eorum
1449 3676 1559 3743 simul·

386 3802 469 3865 tates
494 3802 527 3864 et
553 3816 676 3883 pugnas
703 3796 871 3864 uerborum
897 3795 932 3862 in
960 3794 1093 3862 ecclesia
1114 3791 1233 3859 Christi
1261 3812 1358 3877 grave
1384 3792 1502 3859 scisma
1528 3797 1561 3857 et

387 3912 515 3982 crudele
538 3910 721 3980 scandalum
748 3918 904 3979 nascatur.
995 3909 1085 3989 Quod
1110 3906 1305 3996 psalmigrafi
1328 3907 1485 3977 sententia
1505 3906 1560 3974 de·

387 4034 525 4099 testatur
547 4029 669 4097 diceus:
692 4031 768 4095 Pac
789 4029 889 4096 mullo
911 4028 1113 4115 dilipentiboe
1135 4048 1247 4093 acmen
1266 4038 1365 4106 taam,
1389 4038 1418 4091 et
1436 4046 1502 4090 oea
1516 4036 1562 4089 eet

387 4152 422 4213 or
449 4148 519 4213 illo
547 4140 759 4212 scandalum&
810 4144 925 4211 Pacem
961 4142 1079 4230 quippe
1106 4141 1275 4225 relegionis
1307 4141 1364 4228 pia
1393 4138 1561 4207 concordia

388 4260 530 4351 copulet,
553 4262 635 4329 sicut
657 4260 821 4328 cantatm
844 4260 914 4327 dira
936 4258 1095 4326 contentio
1118 4257 1320 4325 contaminet
1358 4255 1441 4322 Nem
1455 4254 1560 4321 unita-

387 4384 451 4445 tem
477 4378 686 4445 fraternitatis
709 4382 813 4444 rectee
834 4376 908 4444 fidei
930 4379 1101 4443 sectatores
1129 4374 1296 4461 psalmista
1322 4373 1482 4455 hortatur,
1511 4370 1561 4437 iu-

390 4498 518 4581 quiens:
547 4496 653 4576 Dm,
680 4498 737 4581 qui
758 4494 900 4561 laborare
913 4494 1002 4579 facit
1022 4488 1203 4559 aaaaimee‘
1225 4494 1260 4557 oo
1283 4482 1404 4556 domo⁸.
1438 4486 1560 4555 Domus

463 4688 484 4721 ι.
499 4672 629 4721 Dumnonis
641 4672 668 4719 V.
735 4671 758 4717 b.
773 4684 848 4717 meam
861 4671 887 4718 V.
955 4682 974 4717 c.
991 4668 1141 4716 emolumenta
1152 4668 1179 4715 V.
1243 4668 1266 4713 d
1282 4665 1390 4713 eucleabo
1400 4666 1428 4713 7.
1489 4678 1510 4711 e.
1525 4676 1561 4711 re·

390 4752 474 4801 lstlrua
491 4754 520 4801 V.
598 4751 615 4799 t
636 4752 676 4799 uni
691 4752 777 4799 animes
796 4752 823 4798 V.

462 4860 487 4915 1.
508 4855 769 4915 nenotenarsis.
858 4856 884 4910 2.
907 4853 952 4911 Pa
967 4854 1026 4923 118,
1041 4853 1101 4909 165.
1190 4852 1217 4907 3.
1239 4848 1283 4907 cf.
1301 4850 1346 4906 Pr.
1358 4850 1403 4919 67,
1416 4850 1441 4904 7.
