4342 6034
700 730 766 797 568
1114 746 1196 793 vrrs
1219 746 1414 795 emissem
1435 746 1461 793 11

626 940 630 946 ·
700 892 825 977 sumpsi
844 911 930 955 oeno
946 888 1035 955 1863
1054 910 1093 953 ee
1107 910 1181 967 uno,
1206 890 1263 973 qui
1277 888 1418 968 leah'elor,
1442 888 1644 955 bibliothecae
1658 888 1840 955 aneellero'e

700 1008 805 1071 codiee
818 1005 919 1084 8892,
943 1004 1178 1069 membroomo
1193 1025 1218 1069 o.
1231 1004 1313 1084 XII,
1320 1004 1436 1087 sermea
1451 1008 1626 1085 oetooaria,
1635 1005 1700 1091 sol.
1711 1004 1843 1079 54—-765

699 1125 734 1187 irs
756 1124 846 1187 oreo
859 1120 926 1204 sol.
944 1119 1034 1185 1001>
1056 1122 1104 1184 sio
1126 1132 1187 1185 eet:
1210 1117 1303 1186 Hune
1323 1117 1440 1185 librum
1463 1120 1541 1185 emit
1562 1119 1727 1203 notelrine)
1747 1117 1844 1205 Philip·

699 1256 760 1323 pus
782 1236 823 1303 uo
842 1234 946 1321 oooy
968 1253 1051 1301 anno
1066 1233 1197 1303 nomini
1216 1236 1300 1301 1422
1323 1248 1353 1301 e
1365 1236 1471 1318 fois
1493 1236 1639 1324 sponso
1659 1238 1747 1303 sao:
1767 1234 1846 1303 om

699 1351 775 1418 tatis
797 1350 869 1417 Iesu
891 1363 936 1416 et:
959 1349 1155 1437 Antverpioe
1177 1349 1284 1415 don..
1313 1348 1429 1416 Proi..

788 1492 937 1559 Berolirse'
955 1495 1062 1580 pridie
1083 1494 1158 1559 Kal.
1182 1490 1376 1559 Fetorem
1400 1492 1498 1560 1866.

721 1787 872 1875 Incipit
898 1786 1115 1873 proemium
1145 1785 1186 1851 in
1208 1785 1329 1851 vitem
1351 1785 1601 1869 Aldolberti)
1624 1778 1832 1873 Moguntini

1133 1900 1440 1989 arehiepiscopi.

770 2090 773 2097 -
811 2043 1020 2130 Temporibus
1041 2042 1115 2111 letis
1136 2040 1270 2109 florebat
1289 2041 1391 2111 Mino
1412 2043 1525 2130 poetis,

773 2177 775 2180 ·
812 2164 903 2244 geste
923 2159 1122 2225 tirannorum
1145 2158 1200 2243 qui
1222 2158 1417 2245 desoripsene
1439 2160 1583 2245 priorum

672 2352 678 2359 ⁸
811 2280 1056 2363 presentumque
1077 2273 1209 2357 dueum,
1234 2275 1288 2359 qui
1310 2275 1360 2341 ins
1382 2279 1511 2343 tonuere
1533 2276 1683 2345 eoduoum

811 2391 900 2459 urbis
921 2390 1084 2457 Romanae
1106 2388 1157 2455 rel
1179 2389 1307 2457 honoris
1330 2410 1445 2459 nomon
1468 2392 1578 2474 insum

775 2526 790 2573 s
813 2527 891 2593 qnos
914 2504 1051 2573 stimulis
1072 2506 1141 2573 iroe
1163 2516 1269 2573 mens·
1292 2511 1419 2591 eogere
1440 2510 1513 2575 onte
1535 2510 1649 2595 perire,

810 2624 881 2689 iure
903 2621 1112 2705 regendorum
1136 2640 1231 2705 quom
1252 2641 1318 2689 non
1339 2622 1519 2709 buerentur
1541 2623 1704 2711 bonorum,
1780 2692 1781 2695 ,

811 2738 854 2806 sit
877 2738 968 2823 quusi
990 2735 1081 2803 dulos
1104 2737 1195 2821 mori,
1219 2738 1282 2803 nisi
1304 2738 1490 2805 succedetur
1512 2738 1639 2823 honori3
1663 2777 1705 2787 -
1897 2762 1898 2825 r

810 2874 884 2921 oum
905 2852 1004 2921 niohil
1025 2873 1095 2920 esse
1117 2858 1223 2919 ratum
1245 2858 1387 2939 constet,
1408 2854 1488 2921 nibil
1510 2875 1579 2923 esse
1601 2855 1736 2941 beatum,
1897 2852 1898 2865 ³

810 2971 871 3037 boo
892 2970 956 3037 nisi
975 2967 1120 3036 firmetur
1143 2988 1200 3055 per
1223 2990 1311 3054 eum,
1335 2971 1390 3055 qni
1412 2974 1526 3039 ennete
1546 2975 1662 3039 tuetur.

759 3106 789 3152 io
811 3086 956 3153 Obristus
979 3085 1079 3169 enim,
1103 3084 1233 3152 verbum
1256 3087 1357 3172 petris
1381 3086 1602 3153 adnichilondo
1624 3088 1796 3175 superbum,
1897 3142 1898 3161 ἶ

811 3207 904 3289 rapto
926 3202 995 3267 inre
1017 3200 1123 3267 throni
1146 3221 1366 3288 perversorum
1390 3202 1514 3286 ditioni,

811 3318 868 3385 dut
888 3318 991 3385 iesoee
1011 3316 1140 3399 humili,
1164 3317 1220 3383 dut
1241 3338 1371 3402 regnum
1395 3317 1501 3385 nobile
1523 3314 1606 3402 rili¹‚

811 3435 846 3500 in
868 3453 903 3500 se
925 3432 1088 3500 eredentes
1110 3432 1229 3499 teoiens
1252 3434 1353 3518 megin
1377 3452 1446 3501 osse
1468 3438 1623 3521 potentes,
1647 3464 1650 3471 ·

813 3570 907 3635 quam
931 3549 1000 3616 sine
1023 3570 1057 3616 se
1080 3570 1226 3635 magnos,
1250 3570 1343 3617 ausos
1367 3571 1516 3635 regnare,
1539 3552 1687 3619 tirannos.

762 3685 792 3732 ιι
815 3665 905 3745 Quod
926 3685 1026 3749 genus
1050 3665 1167 3733 elutum
1190 3666 1280 3733 labor
1303 3672 1337 3737 et
1357 3668 1514 3755 sapientie
1536 3672 1644 3735 rabum

813 3781 959 3847 leudibus
982 3782 1122 3865 emovit,
1145 3782 1325 3867 insignivit,
1349 3782 1534 3865 celebrarit3

813 3896 920 3983 nilque
943 3898 1079 3964 ereetori
1101 3897 1152 3965 rel
1173 3918 1279 3965 rerum
1304 3898 1487 3986 dispositori
1531 3878 1537 3889 ’
1897 3944 1898 3993 p

812 4013 915 4080 leudis
938 4013 1117 4099 solvebant,
1140 4012 1214 4083 fidei
1237 4015 1312 4100 quio
1333 4015 1403 4081 luoe
1424 4016 1588 4099 oerebont3
1897 4000 1898 4025 ³

813 4148 885 4197 oum
907 4150 972 4197 nou
994 4131 1157 4198 credontes
1181 4152 1239 4219 per
1261 4152 1331 4199 eum
1356 4150 1489 4217 regnore
1515 4136 1660 4219 potentes

763 4264 793 4311 oo
816 4266 889 4312 rore
911 4246 1098 4333 constaret,
1121 4248 1272 4333 regnique
1294 4248 1438 4335 potentie
1460 4252 1574 4332 steret3

813 4382 931 4451 pompa
952 4362 1026 4431 lioot
1048 4364 1123 4431 tolie
1145 4364 1188 4431 eit
1208 4364 1335 4447 regibus
1359 4364 1510 4431 exicialis.

857 4479 918 4546 Est
938 4480 1036 4563 igitur
1058 4480 1205 4564 dignum,
1227 4479 1343 4565 Regem
1367 4480 1497 4548 laudere
1519 4480 1688 4567 benignum

815 4596 881 4663 eius
904 4596 1055 4680 cultores,
1078 4596 1169 4680 regni
1192 4596 1246 4682 qui
1268 4602 1391 4684 prestet
1412 4597 1555 4664 honores.

776 4762 797 4795 e.
818 4750 853 4794 εἰσ
867 4756 902 4795 ese
916 4760 978 4794 more
995 4757 1115 4795 comeum
1132 4750 1155 4795 ι’.
1171 4747 1256 4795 coebo
1333 4746 1357 4795 b.
1377 4750 1504 4797 eonetreret
1519 4766 1539 4797 o.

776 4844 801 4898 1.
826 4842 894 4897 Luo
906 4843 931 4912 6,
944 4842 993 4897 20:
1014 4842 1116 4913 „Booti
1134 4856 1278 4913 pauperes,
1296 4842 1362 4912 quie
1379 4846 1502 4899 veebum
1519 4848 1563 4899 oet
1579 4856 1693 4914 regnum
1708 4834 1779 4897 neit.
1897 4828 1898 4889 3
