4342 6034
649 712 715 779 296
852 727 880 777 s
897 727 1074 795 normann
1094 728 1140 775 nr
1161 728 1263 777 unum
1284 727 1472 777 nrvsnonsn
1495 726 1549 774 1as.
1564 727 1609 774 1so

489 878 631 937 rto-786
737 869 878 939 Litterae
900 870 1098 937 auctoritatis
1119 874 1203 955 tuae,
1227 889 1306 957 quas
1327 888 1400 937 cnm
1421 870 1548 938 mvinao
1566 870 1693 959 pietatis
1713 871 1803 937 studio

649 1008 749 1075 usque
771 986 811 1053 ad
832 1006 891 1053 nos
910 986 1066 1071 diram
1088 984 1337 1055 laetificaverunt
1353 1006 1405 1053 me
1419 986 1521 1055 valdo.
1556 986 1695 1071 Quinte,
1716 986 1805 1055 imbra

648 1104 793 1171 caelestis
815 1104 896 1170 roris
919 1102 1063 1187 inlectus,
1086 1103 1234 1171 ultimum
1256 1122 1307 1171 me
1330 1103 1551 1171 servunculum
1573 1124 1734 1171 servorum
1753 1103 1805 1171 Dei

648 1242 722 1290 cum
743 1227 810 1289 tam
832 1240 949 1305 magna
969 1218 1032 1286 fide
1054 1218 1154 1286 divini
1171 1218 1288 1287 amoris
1303 1218 1557 1305 saeculariaeque
1571 1220 1733 1305 dignitatis
1745 1240 1806 1285 mn·

648 1359 724 1405 nere
747 1338 877 1405 visitare
899 1336 1048 1420 dignatus
1069 1336 1174 1420 fuisti,
1204 1335 1322 1419 gratias
1345 1344 1404 1419 ago
1428 1334 1512 1419 Deo;
1541 1341 1653 1423 petens
1677 1356 1746 1403 eum
1765 1336 1807 1401 in-

647 1454 746 1522 timae
768 1453 910 1520 caritatis
932 1452 1105 1519 desiderio:
1133 1456 1169 1517 ut
1191 1450 1272 1517 lidus
1295 1451 1401 1519 fautor
1422 1451 1501 1518 mihi
1522 1472 1580 1539 per
1602 1451 1809 1519 celsitudinem

648 1570 825 1637 sanctitatis
854 1574 929 1635 tuae
959 1588 1066 1635 coram
1089 1567 1214 1634 Christo
1236 1566 1308 1634 Iesu
1337 1568 1455 1635 existas
1483 1569 1518 1635 in
1545 1569 1670 1655 istaque
1696 1566 1810 1635 samolo

648 1700 760 1754 serena
785 1690 891 1753 mente
920 1686 1050 1751 amicus.
1085 1683 1121 1751 Si
1148 1688 1252 1751 rector
1273 1704 1380 1751 rerum
1402 1686 1542 1751 omnium
1565 1685 1656 1751 istius
1680 1684 1810 1751 vitaoin

646 1803 767 1869 itenere
787 1823 839 1869 me
859 1801 984 1887 longius
1005 1820 1100 1888 super
1120 1806 1152 1867 te
1172 1800 1285 1867 sudare
1300 1800 1469 1883 deiudicat,
1492 1799 1581 1887 ploro
1595 1800 1811 1884 indesinenter,
1929 1838 1930 1847 κ

645 1938 806 2005 praecans
823 1938 895 1985 oum
918 1918 1005 1984 omni
1025 1921 1155 1983 caterva
1178 1936 1258 2001 quae
1281 1915 1405 1983 Christo
1428 1916 1556 1983 domino
1579 1917 1637 1983 sub
1658 1937 1731 1983 mea
1747 1936 1813 1984 oon·

647 2035 772 2103 dicione
795 2035 943 2118 deservit,
967 2034 1093 2099 divinae
1115 2032 1351 2115 misericordiae
1375 2030 1493 2099 solacia
1515 2033 1639 2099 animae
1662 2038 1737 2101 tuae
1757 2032 1814 2099 lar·
1929 2070 1930 2110 3

647 2152 725 2236 giri3
748 2156 786 2217 ut
806 2156 843 2217 tu
864 2149 962 2217 simili
984 2148 1079 2215 modo
1101 2148 1324 2217 aecclesiarum
1347 2154 1475 2215 tuarum
1496 2148 1638 2217 subsidia
1655 2150 1734 2217 mihi
1749 2170 1815 2237 pre-
1929 2188 1930 2209 2

647 2272 732 2334 stare
755 2267 944 2350 dignaveris
1016 2265 1104 2331 Haeo
1126 2284 1249 2350 quoqne
1272 2264 1396 2331 modica
1417 2264 1613 2349 munuscula,
1635 2266 1670 2332 id
1694 2272 1743 2333 est
1764 2286 1815 2333 ser

647 2382 800 2468 lacernas,
824 2381 960 2449 almitati
982 2386 1057 2447 tuae
1078 2382 1186 2464 mitt03
1212 2387 1335 2468 optans,
1358 2385 1395 2446 nt
1417 2386 1547 2469 accepta
1568 2382 1641 2447 sint
1713 2382 1815 2449 Omni·

646 2503 759 2585 potens
782 2498 870 2565 Deus
891 2496 1080 2563 incolumem
1104 2496 1332 2566 beatitudinem
1354 2502 1440 2565 tuam
1464 2498 1630 2565 custodiat.

652 2826 737 2899 130.
756 2829 926 2897 Weber-rus
948 2828 1046 2894 athas
1061 2828 1192 2894 hallam
1212 2830 1392 2915 episcopam
1414 2842 1623 2916 aepvotantcm
1637 2834 1764 2913 domat,
1786 2844 1818 2897 at
1929 2914 1930 2937 Χ

756 2950 792 3011 ire
813 2948 1005 3013 comterio
1028 2967 1085 3010 ouo
1109 2954 1261 3011 wrctar'.
1292 2936 1294 2939 ⁵
1412 2942 1447 3025 (S
1464 2946 1517 3029 83,
1542 2942 1580 3011 W
1598 2947 1671 3031 120,
1697 2944 1816 3028 G109)

486 3086 629 3143 755-786
685 3080 718 3148 ÷
733 3079 940 3147 Sanctissimo
963 3083 995 3145 et
1018 3077 1126 3145 aDso
1149 3096 1274 3164 semper
1297 3084 1480 3146 conservato
1504 3078 1619 3146 domno
1639 3078 1736 3147 Lullo
1756 3081 1818 3168 spi-
1929 3060 1930 3121 3

645 3216 741 3284 scopo
753 3195 931 3263 Wicbertuo
947 3214 1057 3259 servus
1072 3212 1234 3259 servorum
1251 3192 1322 3275 Dei,
1340 3214 1531 3279 quamquam
1543 3195 1705 3280 indignus,
1725 3196 1819 3265 abbas
1929 3276 1930 3281 ἵ

646 3317 679 3380 et
701 3318 806 3379 voster
828 3313 863 3379 in
886 3310 1032 3377 omnibus
1049 3346 1090 3355 -
1108 3309 1194 3377 Deus
1216 3308 1279 3375 scit
1293 3346 1335 3355 -
1352 3308 1431 3377 bene
1454 3312 1583 3397 cupiens
1607 3316 1639 3377 et
1659 3310 1765 3379 fidelis
1787 3314 1818 3378 in

645 3427 771 3495 vinculo
794 3427 936 3495 caritatis
959 3425 1145 3509 conligatus.
1929 3416 1930 3425 ’

684 3545 717 3613 ·l·
733 3544 887 3630 Suscepta
909 3547 1016 3609 vestra
1037 3540 1205 3625 demonis,
1228 3546 1338 3609 sancta
1359 3548 1473 3609 cuncta
1494 3546 1696 3629 congregatio
1712 3566 1820 3613 mona·
1929 3616 1930 3627 ἢ

646 3662 775 3729 chorum
798 3665 979 3727 nostrorum
1001 3678 1059 3744 pro
1083 3678 1138 3724 vos
1162 3658 1303 3741 singulos
1326 3658 1493 3746 spalterios
1512 3660 1649 3727 Domino
1673 3660 1820 3729 decanta·
1929 3748 1930 3753 ἵ

646 3782 774 3861 verunt,
805 3782 837 3843 et
865 3774 1044 3841 sacerdotes
1072 3774 1184 3859 quinas
1212 3776 1326 3841 missas
1353 3776 1496 3843 fecerunt
1517 3796 1575 3864 per
1597 3776 1757 3861 singulos:
1787 3782 1821 3843 ut

646 3884 735 3961 vobis
758 3886 1112 3979 Dominus'pristinam
1136 3891 1305 3957 sanitatem
1328 3892 1489 3959 tribueret
1529 3892 1572 3959 Et
1594 3892 1662 3959 dixi
1685 3894 1726 3960 ad
1749 3893 1820 3960 illos

645 4013 753 4077 vestra
774 4008 946 4093 voluntate,
969 4007 1126 4093 quomodo
1149 4006 1239 4073 nobis
1262 4007 1447 4093 mandastis,
1470 4014 1507 4077 ut
1528 4009 1579 4075 hic
1601 4030 1660 4097 pro
1677 4015 1820 4098 tempore

646 4126 794 4193 devenire
821 4125 988 4192 iubebatis.
1025 4123 1088 4191 Sed
1116 4142 1225 4190 omnes
1252 4142 1391 4191 consona
1412 4146 1476 4193 una
1499 4126 1666 4193 concordia
1687 4147 1821 4215 respon-

646 4243 776 4326 derunt,
800 4242 884 4327 quod
905 4247 1017 4307 nostra
1037 4240 1182 4305 voluntas
1206 4240 1238 4305 in
1261 4240 1406 4309 omnibus
1430 4247 1494 4325 ost⁷
1520 4242 1620 4329 ipsius
1642 4240 1821 4311 infirmitati

646 4363 869 4445 compatescere
892 4364 924 4425 et
946 4358 1029 4425 sicut
1050 4354 1216 4443 proprium
1238 4355 1368 4423 fratrem
1390 4358 1436 4425 ita
1458 4358 1542 4425 circa
1558 4358 1648 4425 illum
1665 4360 1752 4428 omni
1768 4379 1820 4425 ca-

646 4476 741 4542 ritate
763 4472 945 4562 inpendere.
982 4472 1044 4539 Sed
1066 4492 1122 4537 vos
1145 4471 1255 4556 modo,
1284 4473 1312 4539 si
1333 4472 1446 4558 vultis,
1476 4475 1521 4541 sic
1543 4475 1651 4542 venire
1673 4476 1818 4563 potestis,

647 4592 803 4680 quomodo
825 4592 860 4657 in
882 4594 989 4656 vestra
1010 4590 1141 4676 propria
1163 4608 1252 4672 casa3
1282 4593 1314 4657 ct
1335 4609 1392 4656 nos
1416 4590 1449 4656 in
1472 4590 1633 4675 omnibus,
1661 4592 1696 4657 in
1720 4612 1820 4677 quan·

647 4714 716 4775 tum
745 4726 928 4796 possumus,
959 4705 1091 4773 caritate
1119 4706 1256 4793 pristina
1284 4704 1429 4791 exigente
1452 4711 1555 4773 vestre
1577 4706 1723 4775 volumus
1743 4726 1820 4773 con·

719 4862 740 4901 a.
760 4866 791 4895 ex
808 4849 832 4898 V
844 4848 902 4896 640.
924 4850 976 4896 sou
991 4850 1102 4896 lemmate.
