4342 6034
619 738 667 790 aa
690 737 845 788 numeru
865 739 946 790 vrrs
969 737 997 785 s.
1013 738 1190 790 manaen
1422 723 1488 796 499

407 876 477 947 Huc
497 898 598 963 aeque
619 898 691 950 eam
714 878 918 965 epistolarum
942 880 1025 947 serie
1039 878 1175 947 sufficiat
1188 880 1362 965 numae,
1386 880 1489 967 qualis

324 994 408 1061 labor
435 999 592 1079 quantave
619 1014 696 1064 eura
717 1001 825 1062 saneto
848 994 1010 1063 Bonitacio
1032 995 1129 1063 tuerit
1151 996 1234 1063 eires
1257 1016 1381 1081 omnes,
1410 1016 1488 1083 quos

323 1110 388 1195 ipss
414 1110 454 1179 ed
476 1110 716 1178 christianitatis
738 1110 857 1179 cultum
880 1112 1044 1177 convertit
1080 1110 1115 1177 Si
1138 1130 1231 1197 quern
1254 1132 1329 1178 vero
1352 1118 1488 1197 moveat,

324 1225 403 1309 qnod
423 1224 579 1312 plurimae
600 1225 763 1312 epistites,
787 1246 920 1311 quarum
943 1228 1062 1293 mentio
1082 1225 1119 1293 fit
1132 1228 1166 1293 in
1182 1228 1406 1314 suprascriptis
1420 1229 1488 1313 epi·

323 1340 424 1424 ants,
451 1340 505 1409 hic
532 1341 653 1427 pariter
679 1341 817 1427 scriptae
843 1360 908 1408 non
935 1342 1105 1426 habentur,
1137 1343 1231 1427 sciat,
1259 1343 1339 1409 illud
1367 1342 1488 1413 hrode

322 1475 414 1523 musa
434 1457 596 1541 accidua,
619 1446 775 1542 quoniam¹
790 1476 947 1541 nusquam
969 1478 1023 1525 eas
1045 1458 1135 1545 potui
1157 1458 1308 1525 invenire.

407 1572 529 1643 Deinde
549 1574 584 1642 in
605 1573 718 1660 primis
742 1574 846 1641 dicere
868 1573 949 1658 volo,
973 1581 1092 1660 quanta
1106 1574 1313 1643 Karlemanni
1332 1574 1487 1663 principis

322 1686 441 1753 devotio
463 1688 560 1755 fuerit
580 1689 666 1759 eirca
679 1688 835 1758 Fuldeuse
850 1690 1087 1757 monasterium.
1157 1689 1354 1759 Rationebile
1369 1690 1487 1759 etenim

321 1802 441 1872 ridetur
463 1803 596 1871 eandem
618 1804 817 1871 devotionern
838 1806 998 1891 infimae,
1020 1825 1086 1876 non
1108 1805 1210 1873 solum
1233 1805 1274 1871 ad
1296 1804 1487 1874 declaranda

321 1918 399 1985 taut
426 1919 488 1985 riri
515 1918 683 2004 beneficia,
719 1922 955 1989 verumetiam
983 1922 1024 1989 ad
1052 1922 1229 2008 profectum
1258 1921 1401 2004 illorum,
1433 1922 1487 2007 qui

321 2034 470 2121 exemplis
497 2034 589 2102 bonis
617 2034 776 2103 aedificari
797 2044 973 2121 merentur,
1003 2038 1184 2123 pariterque
1208 2037 1249 2103 ad
1271 2037 1487 2105 confusionem

321 2170 436 2234 eorum,
459 2151 523 2235 qui,
544 2150 620 2217 licet
641 2152 763 2238 optima
785 2173 926 2237 quamue
948 2154 1051 2221 suant
1071 2148 1202 2219 videant
1220 2152 1359 2237 audiant
1382 2153 1417 2219 in
1431 2172 1487 2219 ne-

321 2266 417 2349 quitia
442 2271 550 2333 tamen
578 2267 671 2365 solita
696 2275 917 2355 perseverant,
946 2290 1000 2337 ore
1022 2269 1241 2335 tautummodo
1264 2268 1370 2335 Deum
1391 2266 1486 2333 eonti-

320 2387 417 2449 tentes
451 2382 507 2449 sed
534 2382 627 2449 laete
655 2389 823 2468 negantes,
858 2386 1001 2454 cordium
1031 2406 1124 2453 aures
1154 2384 1194 2450 ad
1222 2384 1372 2452 secularis
1401 2384 1486 2451 vitae

320 2518 455 2568 amorem
482 2504 658 2566 reserantes
686 2500 743 2567 sed
771 2500 812 2567 acl
837 2507 1007 2589 praecepta
1028 2500 1137 2572 cinna
1158 2500 1360 2567 obdurantes.
1395 2499 1486 2568 Prin·

320 2632 387 2700 cepe
410 2614 508 2697 igitur
529 2614 720 2701 praedictus,
747 2618 891 2700 quamvis
913 2618 1051 2701 undique
1074 2616 1286 2687 adiacentium
1308 2615 1486 2702 provincia

319 2750 385 2795 rum
407 2729 489 2797 bello
512 2731 783 2817 comprimeretur,
804 2752 869 2799 non
891 2738 998 2799 tamen
1020 2732 1092 2798 ideo
1116 2752 1136 2797 a
1157 2732 1379 2819 procuratione
1397 2750 1486 2797 sano

319 2850 418 2911 torum
446 2845 587 2913 locorum
615 2867 839 2932 servorumque
861 2848 923 2915 Dei
948 2848 1183 2929 retrahebatur3
1214 2847 1344 2941 crederes
1367 2848 1487 2931 utque,

320 2981 404 3028 arma
432 2962 626 3049 spiritualia,
659 2963 694 3028 id
722 2968 772 3029 est
799 2964 931 3031 virtum
960 2964 1100 3047 animae,
1129 2961 1228 3029 multo
1256 2962 1389 3029 fortiore
1418 2982 1487 3034 esse

321 3097 410 3161 quam
436 3078 627 3165 corporalis,
657 3078 839 3163 nullamque
860 3100 950 3166 spem
972 3079 1091 3145 habens
1115 3078 1147 3143 in
1170 3078 1373 3144 multitudine
1396 3098 1486 3145 erer-

320 3194 394 3261 citus
418 3193 536 3278 absque
557 3194 717 3280 spirituali
737 3196 865 3279 virtute,
888 3196 979 3261 iuxta
992 3194 1087 3261 illud:
1110 3195 1187 3261 Non
1202 3196 1345 3261 salvener
1358 3216 1414 3259 ree
1425 3216 1486 3279 per

320 3312 445 3377 maltam
466 3314 621 3403 einum,
646 3325 675 3377 et
692 3315 786 3398 piper
808 3336 873 3377 oon
895 3314 1070 3380 natatem
1092 3316 1127 3377 c'n
1147 3312 1347 3379 multitudine
1361 3312 1486 3378 uirtutes

321 3422 415 3492 aad.
449 3425 622 3510 Postquam
651 3447 725 3512 ergo
753 3428 860 3497 omnia
882 3427 1074 3495 christianae
1095 3426 1257 3509 religionis
1279 3426 1367 3509 iura,
1396 3424 1486 3493 utin

321 3542 574 3624 praecedentibus
601 3542 674 3610 libri
703 3544 797 3609 huius
825 3544 952 3629 scriptis
981 3543 1110 3627 agnosci
1138 3546 1259 3631 potest,
1292 3546 1358 3610 tam
1388 3539 1485 3608 falsos

322 3654 501 3728 christirmos
521 3678 615 3743 quarn
630 3659 786 3726 hereticos
801 3659 998 3746 expellendo,
1020 3660 1111 3725 iuxta
1125 3658 1226 3725 sancti
1241 3656 1396 3728 sonnacii
1412 3674 1485 3723 con-

322 3771 420 3840 silinm
443 3775 592 3859 correxit,
614 3775 701 3843 illius
723 3776 821 3842 etism
842 3781 917 3843 vote
938 3776 972 3841 in
989 3774 1181 3841 monasterio
1196 3772 1347 3844 Fuldensi
1361 3771 1486 3839 noviter

322 3894 492 3957 contracto
513 3890 668 3977 implevit
752 3886 854 3957 Nam²
875 3910 948 3957 cum
971 3890 1069 3959 abbas
1093 3889 1214 3959 Sturmi
1237 3936 1356 3955 ......
1381 3886 1484 3971 sigillo

322 4005 443 4091 proprio
464 4004 593 4075 firmare
614 4006 743 4073 emerit

402 4120 481 4189 Cum
508 4122 607 4205 igitur
633 4122 712 4190 haee
738 4126 832 4207 atque
859 4122 908 4191 his
937 4121 1054 4189 similia
1075 4120 1159 4189 idern
1182 4119 1414 4188 Karlomannus
1436 4119 1483 4185 ts-

323 4232 399 4303 ciens
425 4239 460 4303 in
483 4258 591 4304 amore
613 4237 673 4305 Dei
697 4244 729 4305 et
751 4238 889 4325 proximi
911 4238 1014 4321 magis
1036 4256 1074 4306 ac
1094 4236 1196 4319 magis
1218 4234 1399 4321 proliceret,
1428 4234 1485 4303 sed

323 4352 443 4424 aecem
473 4353 674 4421 dileefionem
702 4374 767 4423 non
797 4375 835 4420 ea
862 4374 924 4439 qua
951 4354 1052 4421 voluit
1078 4351 1261 4436 integritate
1288 4350 1323 4419 in
1350 4350 1484 4419 seculari

324 4460 422 4538 latita
447 4470 637 4540 ansanus
659 4470 793 4557 implere
814 4469 1026 4555 praevaleret,
1055 4467 1152 4553 elegit
1173 4468 1327 4555 optimam
1349 4472 1483 4553 partem,

387 4743 410 4802 1.
433 4743 481 4803 Pa
491 4742 594 4812 3216.
686 4743 712 4797 2.
741 4741 833 4811 „liam
854 4754 918 4797 enm
941 4738 1029 4795 abbas
1051 4738 1155 4794 sturmi
1173 4768 1207 4779 -·
1225 4737 1334 4803 firmare
1356 4737 1480 4794 studuit“

326 4820 459 4901 derupta
475 4834 541 4886 aaut
558 4845 594 4885 ex
611 4830 707 4901 lligilis
724 4830 784 4886 vita
801 4828 903 4885 Sturnri
922 4832 992 4901 (cap.
1007 4830 1061 4899 12),
1078 4828 1151 4883 llon
1166 4825 1431 4901 Germ.SS.11370.

1210 4922 1269 4979 32*
