4342 6034
792 775 875 822 vluit
895 774 1090 824 communem
1112 776 1138 824 11

533 912 600 980 Iam
622 915 763 1000 veniunt,
785 917 851 982 iam
873 918 1051 1004 suscipiunt
1071 918 1129 985 hos
1153 918 1355 987 aduenientes

488 1028 713 1115 Frauoigense,
737 1032 831 1099 simul
852 1032 1050 1117 Angligenee
1071 1033 1209 1101 clamore
1232 1039 1424 1122 strepentem

400 1128 467 1209 veoo
489 1144 640 1230 Perisius,
663 1146 751 1214 locus
773 1148 909 1215 eximius
932 1149 1146 1233 conseritur,
1170 1151 1284 1233 initur3

488 1261 540 1329 hic
561 1262 697 1347 requies,
720 1263 772 1330 hio
792 1264 857 1332 leta
879 1265 946 1332 dies
968 1265 1060 1332 fessis
1083 1266 1249 1352 reperitur.

487 1376 548 1444 Hic
569 1378 709 1447 studium
731 1380 793 1446 fuit
813 1380 938 1447 utilium
954 1380 1006 1448 uel
1028 1383 1151 1467 questio
1174 1402 1291 1467 rerum,

488 1493 540 1560 hio
561 1496 667 1581 patuit
688 1494 783 1580 scola,
806 1516 865 1563 nec
886 1498 986 1564 tenuit
1007 1497 1154 1564 dialetico
1175 1518 1294 1565 verum.

739 1700 974 1771 DISTINGTIO
1000 1701 1182 1782 QUARTA.

428 1800 433 1807 ι
487 1841 641 1929 Tempore
664 1862 725 1927 quo
747 1844 881 1928 invenis,
909 1844 1007 1911 radiis
1029 1866 1088 1932 par
1110 1866 1190 1931 pene
1214 1834 1353 1912 serenis¹

410 1974 462 2023 esu
484 1955 583 2025 Phebi
606 1958 780 2042 candentis,
803 1960 889 2027 subit
909 1960 997 2027 urbis
1020 1966 1104 2028 tecta
1125 1962 1275 2047 potentis,

486 2074 571 2161 cepit
592 2074 622 2140 si
644 2075 707 2141 diei
729 2076 830 2142 virtus
853 2081 886 2143 et
906 2077 993 2143 fama
1014 2076 1161 2143 Thedrioi
1170 2073 1187 2144 ¹.

486 2187 546 2267 Qui
567 2190 629 2256 fnit
650 2198 757 2258 orator
779 2197 811 2257 et
832 2192 940 2257 rethor
962 2197 994 2259 et
1016 2193 1094 2259 artis
1117 2198 1240 2260 amator

485 2306 719 2391 grammaticae,
741 2306 870 2392 logicae,
894 2308 994 2375 vitem
1016 2309 1157 2376 ducendo
1180 2308 1309 2396 pudioe;

485 2422 574 2487 cuius
597 2428 666 2488 erat
687 2424 824 2507 genitrix
845 2422 1021 2505 Britannia,
1044 2422 1180 2492 Francia
1201 2424 1319 2491 nutrix.

411 2556 462 2603 ooo
485 2534 587 2604 Huius
609 2544 646 2604 ut
668 2538 789 2605 audivit
809 2539 939 2623 famam,
963 2560 1026 2605 non
1049 2540 1188 2624 segniter
1210 2541 1269 2608 ivit

485 2654 588 2720 uisere
609 2654 779 2739 doctorem,
802 2655 900 2722 veluti
922 2656 1045 2722 iuvenis
1068 2656 1236 2742 seniorem,

484 2768 599 2857 hospes
622 2769 798 2837 munificus.
834 2769 928 2837 Vrdet
950 2772 1153 2857 agnoscitque
1177 2772 1354 2840 Thedrious·

483 2885 606 2952 vultum
627 2886 775 2969 regalem.
812 2884 926 2973 Stupet
947 2893 980 2953 et
1001 2908 1069 2954 rem
1092 2887 1227 2954 Francia
1248 2888 1356 2973 talem,

485 3022 569 3068 nuno
590 3000 713 3068 iuvenis
737 3022 868 3085 morsm,
890 3022 975 3069 nunc
998 3004 1195 3071 ammirando
1219 3004 1364 3071 decorem

410 3136 462 3185 ees
484 3118 636 3205 purpurei
658 3118 773 3185 vultus.
808 3116 915 3185 Movet
936 3118 1018 3185 hunc
1040 3124 1072 3185 et
1094 3118 1194 3203 gloria
1217 3120 1318 3187 cultus

485 3239 517 3301 et
538 3254 639 3301 novus
662 3240 801 3318 ornatus,
824 3234 910 3300 color
932 3234 1026 3301 etde
1049 3236 1169 3302 murice
1191 3242 1295 3321 natus,
1345 3304 1347 3308 ,

484 3355 534 3417 set
555 3351 656 3435 magis
678 3350 757 3418 haec
779 3372 836 3418 ora
857 3357 964 3439 stupet
986 3352 1167 3439 aspiciendo
1191 3353 1313 3419 decora

484 3464 593 3545 Qualis
616 3468 699 3533 enim
722 3466 847 3535 Phebus
871 3468 954 3535 veris
977 3468 1057 3534 solet
1079 3488 1148 3536 esse
1171 3468 1290 3553 diebus,

483 3581 611 3650 cinthia
631 3582 682 3649 rel
705 3583 800 3670 plena
820 3588 972 3669 quantum
994 3584 1076 3651 solet
1098 3605 1167 3652 esse
1190 3604 1310 3668 serena,

413 3717 461 3764 roo
481 3696 609 3767 Lucifer
631 3704 686 3766 eut
707 3699 819 3786 qualis,
842 3700 948 3766 vuitus
971 3706 1021 3767 est
1040 3702 1145 3785 gratia
1166 3700 1256 3783 talis3

482 3814 538 3882 lux
561 3817 657 3884 etiam
680 3815 802 3899 similis,
826 3836 921 3901 quam
943 3816 1047 3883 torma
1066 3817 1165 3883 micat
1186 3816 1343 3901 iuvenilis,

482 3931 597 3999 claruit
617 3932 652 3998 in
673 3932 796 3999 iuvenis
817 3930 968 4000 membris
991 3931 1106 3999 diffusa
1128 3934 1257 4018 serenis,

482 4048 625 4115 constitit
646 4054 679 4115 et
700 4053 773 4115 roto
795 4054 927 4117 naturae
950 4068 1081 4136 corpore
1103 4054 1179 4116 toto.
1220 4094 1229 4115 .

483 4164 539 4232 Set
560 4164 678 4232 dixisse
700 4163 778 4231 satis
801 4166 844 4233 sit
865 4165 905 4232 de
925 4165 1076 4232 membris
1100 4164 1266 4250 decoratis,

412 4299 459 4347 roo
482 4301 562 4367 qnae
584 4286 699 4348 natura
720 4282 803 4350 bona
825 4281 939 4349 ditavit
961 4302 1019 4369 per
1040 4301 1099 4347 sus
1121 4280 1212 4347 dona

481 4396 568 4482 Ergo
588 4398 672 4464 viam
696 4402 848 4485 repetam,
870 4418 911 4464 ne
934 4398 1059 4465 deseret
1080 4396 1185 4465 orbita
1206 4403 1334 4481 metam

442 4612 467 4667 1.
491 4609 534 4665 De
552 4624 586 4665 eo
603 4609 677 4679 opud
687 4608 836 4665 Iohannem
848 4607 1083 4664 Saresberiensem
1095 4610 1284 4680 metalogicus
1297 4610 1327 4664 L.
1341 4608 1355 4663 1
1371 4624 1394 4664 c
1407 4609 1448 4677 14,
1468 4606 1537 4679 Opp.

371 4699 415 4755 em
434 4699 509 4755 Giics
525 4700 551 4755 V
568 4700 620 4765 35)
637 4699 678 4753 sio
700 4704 755 4754 est:
781 4698 940 4769 „Teuredus
962 4702 1056 4755 tamen
1077 4704 1171 4755 noster
1191 4698 1398 4769 grammaticus,
1423 4697 1538 4753 seientia

371 4802 452 4857 quom
468 4788 597 4858 opinione
614 4788 764 4859 potentior,
782 4788 866 4843 etiam
882 4788 911 4843 in
928 4789 1003 4844 sonis
1021 4789 1202 4844 elementariis
1220 4788 1377 4859 ampliorem
1396 4802 1536 4842 numerum

372 4876 581 4934 mnvincebaff.
608 4876 650 4933 cf.
665 4878 768 4933 Buleue
785 4878 856 4933 nist
868 4878 987 4933 univers.
1005 4877 1090 4933 Puris.
1103 4877 1204 4949 11775,
1222 4877 1293 4933 Hist.
1304 4874 1387 4933 ocor.
1396 4875 1463 4933 XIII
1474 4876 1536 4933 304.
