4342 6034
675 792 741 861 326
1004 778 1521 857 ammomumooomumssae
1584 818 1586 821 ·

1929 848 1931 959 l

513 962 656 1019 eat-844
763 948 855 1030 Quod
882 969 941 1017 noe
969 953 1060 1017 tanto
1089 968 1196 1017 amore
1224 968 1262 1017 ae
1290 948 1485 1033 benignitate
1512 946 1661 1033 diligitis,
1691 946 1763 1033 plus
1787 946 1835 1015 loo
1930 972 1931 979 ¹

675 1072 781 1136 reema
808 1066 960 1133 sanctitss
991 1086 1086 1151 quam
1108 1070 1219 1133 noema
1240 1065 1355 1133 merita
1376 1064 1506 1133 iaciunt.
1541 1062 1630 1143 Quod
1653 1069 1760 1131 mmen
1780 1085 1835 1131 ma

673 1184 758 1250 xime
780 1182 965 1251 muneribus
987 1182 1116 1249 directis
1140 1181 1335 1265 agnouimus,
1362 1200 1421 1267 pro
1445 1180 1559 1266 quibus
1581 1180 1738 1247 maximas
1760 1180 1836 1249 vobis

672 1300 793 1385 gratim
821 1299 960 1383 agimue3
990 1299 1066 1383 quia
1092 1302 1196 1365 totum
1224 1317 1300 1381 erga
1327 1296 1411 1365 sedis
1441 1296 1632 1387 apostolicae
1659 1296 1836 1384 praesulem,

673 1422 709 1483 ut
734 1414 901 1499 condecet,
931 1415 1049 1481 curatis
1078 1413 1267 1501 inpendere,
1298 1414 1387 1481 cuiue
1409 1432 1467 1479 nos
1490 1412 1759 1481 vicissitudinem·
1782 1412 1838 1479 Deo

673 1532 797 1601 relenta
820 1531 982 1601 sanctitati
1005 1535 1131 1597 vmtrae
1153 1529 1302 1617 supplere
1319 1528 1491 1597 studemus.
1559 1528 1609 1596 De
1628 1548 1759 1616 corpere
1775 1548 1838 1595 rere

672 1652 799 1733 emoto,
829 1646 913 1733 quod
941 1645 1033 1715 nobis
1061 1644 1224 1713 humiliter
1245 1650 1352 1713 uestra
1375 1644 1532 1730 qnaesivit
1553 1644 1737 1731 prudentia,
1765 1644 1840 1729 quod

671 1764 808 1848 dirigere
841 1782 905 1831 mon
937 1762 1122 1847 habuimus,
1157 1762 1306 1847 quoniam
1340 1766 1453 1829 cuncta
1486 1765 1667 1827 sanctorum
1699 1758 1840 1847 corpora*

672 1880 930 1968 praedecessores
952 1878 1054 1946 nostri
1076 1878 1239 1945 nobiscum
1264 1877 1473 1943 communiter
1496 1875 1677 1943 detulerunt
1699 1882 1732 1942 et
1751 1896 1839 1943 unum

672 1996 819 2082 quodque
849 2014 957 2063 eorum
989 1992 1130 2061 ecclesiis
1161 1994 1284 2061 nouiter
1313 1992 1466 2059 dedicatis
1495 2010 1619 2059 summa
1646 1994 1841 2061 veneratione

671 2110 880 2180 condidimus.
915 2109 1053 2177 Proinde
1073 2110 1317 2177 benivolentiam
1333 2114 1470 2177 vestram
1487 2128 1685 2196 praecamur,
1707 2115 1744 2177 ut
1757 2110 1841 2177 nobis

671 2227 812 2315 epatium
833 2226 1014 2313 inquirendi
1037 2225 1221 2310 diligentius
1244 2225 1434 2312 praebeatis,
1459 2232 1613 2311 quatenus
1628 2244 1743 2313 corpus
1758 2246 1841 2295 saue
1930 2212 1931 2245 l

670 2348 741 2411 tam
765 2343 910 2410 inuenire
931 2342 1092 2411 ualeamus
1117 2342 1157 2409 ad
1180 2348 1316 2409 vestram
1341 2341 1554 2430 complendum
1576 2342 1773 2430 petitionem.
1806 2342 1843 2409 Et
1930 2416 1931 2421 ἵ

672 2459 888 2527 siinrentum
910 2458 1016 2544 inerit,
1039 2464 1146 2526 restra
1167 2458 1259 2527 nobis
1282 2458 1410 2527 credere
1431 2458 1579 2543 dignetur
1593 2458 1762 2544 industria,
1785 2464 1841 2527 sta·

671 2575 748 2660 bm,
772 2574 856 2660 qnod
877 2575 1024 2662 petistis,
1046 2572 1255 2661 perficiemus.
1290 2573 1384 2643 Modo
1407 2594 1482 2641 vero
1505 2573 1583 2641 illud
1605 2595 1670 2643 non
1692 2576 1841 2657 misimus,

672 2691 749 2777 quia
769 2690 965 2775 inquirentes
988 2709 1187 2775 nequaquam
1209 2690 1353 2759 invenire
1376 2690 1542 2757 valuimus.

678 2904 712 2977 9.
741 2907 926 2994 Humorem
948 2906 1203 2995 archiepiscopus
1221 2905 1429 2991 moysacam
1444 2904 1641 2973 Leodooiceon
1655 2905 1700 2973 II
1715 2904 1841 2975 Genu

739 3026 848 3091 uicum
868 3044 972 3110 recem
993 3023 1148 3103 Mamor,
1172 3034 1208 3089 ut
1228 3046 1295 3087 aaa
1317 3044 1388 3089 com
1403 3020 1517 3089 Coo-olo
1534 3022 1577 3089 II
1587 3021 1683 3089 caleo
1700 3046 1773 3111 ναμε
1786 3046 1840 3111 po·

741 3162 806 3205 cem
828 3140 973 3206 eccleciae
993 3132 1181 3205 emtum&

604 3284 658 3339 aet
763 3271 900 3339 Domino
933 3270 1078 3358 piissimo
1111 3276 1144 3337 et
1173 3268 1391 3337 amantissimo
1420 3275 1516 3356 atque
1543 3271 1578 3339 in
1604 3269 1666 3337 fide
1694 3270 1843 3339 catholica

674 3386 898 3455 florentissimo
925 3386 994 3471 regi
1015 3381 1193 3453 Ludooico¹
1215 3384 1399 3473 Liutpertus
1422 3386 1692 3475 archiepiscopus,
1721 3392 1842 3455 sanctae

627 3533 631 3539 ·
676 3502 737 3571 Dei
764 3503 916 3571 ecclesiae
937 3502 1140 3587 vernaculus,
1169 3508 1367 3589 praesentem
1391 3506 1424 3570 et
1445 3509 1632 3590 perpetuam
1653 3504 1689 3569 in
1711 3503 1842 3571 Domino
1929 3506 1930 3567 5

676 3618 819 3689 salntem
1811 3617 1814 3625 ’

765 3733 904 3802 Tacendi
933 3732 984 3800 rel
1011 3730 1207 3800 deliberandi
1232 3734 1375 3801 induciae
1398 3754 1462 3803 non
1484 3734 1593 3803 habeo.
1630 3734 1740 3821 Neque
1761 3735 1842 3801 enim
1929 3748 1930 3759 ¹

676 3850 770 3919 silere
797 3870 849 3917 me
878 3869 974 3915 causa
1001 3848 1167 3936 permittit.
1210 3848 1308 3927 Quam
1339 3848 1367 3917 si
1389 3850 1547 3937 relinquo,
1577 3850 1661 3939 apud
1684 3852 1843 3921 domiuum
1929 3844 1930 3859 ¹

675 3972 819 4034 nostmm
848 3965 951 4031 lesum
981 3964 1157 4048 Christum,
1188 3964 1277 4031 cuiue
1304 3965 1451 4051 interest,
1483 3966 1706 4035 inexcusabilis
1732 3986 1786 4035 ero
1814 3970 1843 4033 et
1929 4038 1930 4049 χ

676 4082 765 4149 uobis
786 4082 975 4171 promissam
998 4080 1181 4149 humanitus
1202 4078 1296 4147 fidem
1311 4086 1482 4149 temerasse
1498 4083 1701 4168 mannent
1725 4084 1788 4169 qni,
1811 4083 1841 4148 in
1929 4056 1930 4107 ³

676 4198 805 4286 specma
827 4218 890 4283 qua
912 4200 1101 4265 constitutus
1124 4217 1193 4263 eum
1217 4197 1327 4265 videns
1350 4199 1525 4286 periculum
1543 4200 1652 4268 nobis·
1666 4200 1841 4283 imminens,

676 4314 835 4383 desidiosa
861 4313 912 4381 vel
939 4312 1059 4381 infideli
1087 4314 1303 4381 taciturnitate
1330 4314 1525 4382 dissimulem
1549 4321 1581 4382 et
1603 4316 1749 4383 eeclesiae
1772 4314 1841 4397 Dei,

676 4432 765 4501 euius
792 4430 941 4515 indignus
964 4449 1072 4496 euram
1095 4428 1287 4516 pastoralem
1310 4450 1347 4497 ac
1369 4428 1600 4497 solicitudinem
1623 4432 1760 4520 suscepi,
1788 4450 1841 4497 ne

748 4650 769 4685 a
789 4634 978 4685 dictaminum
995 4635 1023 4682 V.
1100 4634 1123 4680 b.
1144 4646 1239 4694 corum
1256 4635 1284 4682 V.
1361 4648 1380 4681 a
1401 4636 1483 4683 Edidit
1500 4637 1605 4693 Flectere,
1628 4640 1738 4701 estatem·
1755 4638 1841 4683 mois·

675 4720 785 4773 eadem,
801 4718 910 4781 Lugduni
924 4716 992 4771 lost,
1008 4717 1034 4761 ΙΙ
1043 4714 1096 4761 189.
1173 4714 1197 4760 d.
1217 4714 1339 4761 convineor
1354 4716 1390 4762 ed.
1467 4730 1488 4762 e.
1508 4715 1573 4764 robis
1589 4718 1625 4764 ed.

748 4822 773 4876 1.
798 4820 841 4875 De
864 4818 916 4874 bae
938 4818 1055 4889 epistola
1077 4816 1112 4873 ei.
1131 4818 1273 4877 demler
1297 4818 1396 4877 Gcscb.
1414 4818 1464 4879 des
1488 4818 1735 4877 necromancia
1756 4818 1839 4875 [ιιι

676 4910 759 4972 naa.
849 4908 874 4969 2.
899 4906 925 4965 11
944 4906 1115 4968 Germanico.
