4342 6034
614 784 800 835 namneum
821 784 1049 837 moeuanmnr
1072 788 1110 834 os.
1127 786 1158 833 ss
1401 772 1465 839 aai

324 946 367 991 soe
386 925 495 991 dorbia
512 926 662 1014 pecoroso
685 940 714 995 et
735 928 879 1015 operoso
902 929 1018 1015 absque
1032 929 1100 995 olle
1113 950 1205 995 onore
1218 942 1409 1007 consonam
1432 930 1467 995 in
1494 940 1564 995 1105
1668 985 1672 993 ,

323 1038 503 1107 inionioniioo
532 1046 564 1109 os
585 1040 619 1107 io
640 1041 745 1127 ipnnnn
767 1041 801 1108 in
823 1040 1178 1131 constantinopolitanis
1200 1044 1343 1131 ponoino
1366 1064 1400 1111 no
1419 1013 1578 1112 soi*11

323 1155 389 1221 oiose
408 1160 644 1240 commemorat,
667 1156 790 1223 diceus:
821 1158 1029 1245 Qooooaoqoe
1049 1161 1116 1225 ilisa
1137 1164 1172 1226 in
1193 1162 1468 1247 passionnem

321 1272 445 1337 molesios
466 1275 605 1359 reperire
622 1276 795 1360 potuimus,
820 1276 988 1341 ootboliooa
1011 1298 1063 1341 ooo
1078 1277 1218 1341 Domino
1242 1298 1331 1363 operis
1342 1277 1469 1361 ferente

320 1390 558 1453 omoeorosimoo.
649 1386 855 1475 Omnipotens
877 1388 1048 1474 Dominus,
1078 1411 1172 1477 quom
1193 1410 1303 1478 paoem
1326 1398 1468 1459 nostram

319 1506 344 1567 ot
367 1500 494 1569 salmem
524 1522 592 1570 esse
620 1503 791 1589 eredimus,
819 1525 877 1592 per
903 1506 1093 1573 industriam
1115 1512 1267 1592 sabam,
1297 1528 1407 1595 paoem
1431 1530 1468 1576 ao

318 1615 436 1685 salutm
462 1618 612 1685 eeolesiae
639 1638 730 1705 suae,
756 1620 994 1703 miserationum
1020 1641 1148 1727 suarum
1174 1622 1336 1691 affluentia
1358 1644 1466 1712 opere-

317 1737 367 1799 tur.
398 1732 515 1801 Datum
536 1732 686 1801 Laterani
708 1737 728 1801 3
751 1734 796 1801 Id.
818 1736 1015 1805 Novembris.

318 1942 368 2015 34.
388 1947 569 2015 misaam
591 1950 844 2037 archiepiscopos
861 1950 1068 2037 Mopoots'noo
1087 1949 1305 2019 Geboburdmn
1318 1954 1381 2020 III
1399 1958 1466 2041 spi·
1560 2029 1564 2040 ,

389 2087 517 2151 scopum
528 2064 791 2133 commotionem
805 2066 958 2148 hortator,
975 2080 1011 2133 ot
1021 2068 1221 2153 mopooaono
1236 2071 1287 2134 ds'e
1296 2070 1342 2135 30
1351 2072 1468 2139 moras·

390 2182 432 2245 ad
454 2181 634 2247 Rosiilsordi
661 2185 800 2269 episcopi
822 2181 1095 2249 Hotooroioooooo
1124 2188 1384 2251 concionationem
1413 2210 1464 2252 oe·

388 2300 482 2362 niot'.

388 2428 564 2497 liethardus
587 2429 787 2514 mogontinus
815 2430 1068 2518 arehiepisoopus
1091 2432 1290 2499 sanomamo
1313 2438 1346 2499 et
1368 2434 1465 2502 earis-
1484 2448 1553 2503 noo

313 2542 380 2609 simo
400 2545 492 2612 fratri
514 2545 749 2613 Constantieusi
771 2546 917 2633 episeopo
939 2544 1141 2615 Gebehardo¹
1155 2550 1326 2616 confortari
1347 2550 1382 2616 in
1400 2549 1465 2617 Do-

314 2658 386 2725 mino
408 2665 440 2728 et
461 2660 496 2727 in
517 2662 660 2748 potentia
681 2662 807 2729 virtutis
830 2657 924 2729 eius'.

389 2774 602 2845 misericordie
624 2776 685 2845 Doi
713 2776 859 2844 altissimi
887 2777 1006 2861 gratim
1029 2797 1122 2861 agere
1144 2785 1284 2865 oportet,
1313 2782 1388 2867 quia
1408 2802 1465 2869 po-

314 2889 404 2977 pulus,
427 2892 482 2978 qui
504 2893 560 2959 diu
582 2894 712 2961 sedebat
725 2894 760 2959 in
773 2891 922 2977 tenebris,
945 2892 1047 2959 luoem
1061 2914 1210 2977 maguam
1224 2893 1332 2963 vidit⁸.
1368 2896 1465 2965 Sano-

314 3006 385 3075 titati
406 3014 510 3076 sesae
531 3028 594 3075 non
616 3008 810 3093 insegnitum
833 3012 892 3091 est,
914 3013 1031 3092 quanto
1046 3014 1189 3096 tempore
1203 3015 1289 3077 terra
1304 3010 1464 3079 Saxonum

314 3124 431 3207 mursia
453 3124 676 3191 ootholioorum
692 3126 910 3213 episcoporum
926 3125 1064 3209 graviter
1078 3124 1270 3193 laboraverit
1285 3132 1317 3193 et
1331 3133 1466 3213 quantas

314 3240 531 3321 praecationes
553 3240 736 3337 mogontina
764 3241 896 3309 eoolosia
926 3240 965 3307 ab
991 3240 1189 3309 invasoribus
1211 3262 1306 3329 passa
1327 3244 1379 3310 sit
1413 3244 1466 3311 Ad

313 3348 361 3419 boo
384 3354 502 3422 malum
532 3356 754 3444 extirpandum
776 3356 1050 3424 Halberstadonsis
1079 3357 1212 3424 ecelesia
1232 3377 1387 3426 eonsensu
1409 3360 1464 3427 do-

314 3468 378 3535 nini
398 3472 499 3538 nostri
521 3468 632 3557 rogim,
655 3472 785 3541 oonsilio
808 3474 1115 3561 arehiepisooporam
1137 3480 1170 3540 et
1192 3475 1409 3561 episcoporum
1432 3481 1465 3543 et

313 3582 459 3654 voluntate
487 3586 620 3655 aliorum
648 3589 842 3675 prinoipum,
870 3588 1021 3657 eleotione
1049 3610 1173 3675 quoque
1200 3589 1275 3657 oleri
1302 3596 1335 3657 et
1354 3590 1465 3678 populi

313 3696 427 3769 torono
455 3708 599 3769 nostrum
627 3702 808 3788 Mogontine
837 3704 966 3773 eoeleste
995 3702 1197 3771 eanonioum⁶
1227 3707 1366 3792 suscepit
1396 3708 1464 3793 epi·

313 3832 436 3903 sospem.
471 3817 524 3885 Ad
550 3816 643 3885 buius
672 3819 901 3887 ordinationem
930 3825 962 3887 et
990 3826 1096 3888 ootera
1118 3821 1328 3889 eoolesiastiea
1349 3820 1462 3908 offioia,

313 3937 403 3999 vestm
425 3934 543 4001 auxilio
566 3940 598 4001 et
616 3934 747 4002 oonsilio
761 3935 908 4020 finienda,
931 3936 1062 4003 oasitate
1078 3958 1142 4023 qua
1155 3937 1252 4005 debeo
1268 3940 1289 4004 3
1304 3937 1463 4006 Kalendas

311 4044 418 4132 Aprilis
439 4050 633 4135 Mogontiam
661 4051 891 4119 fraternitatem
919 4056 1057 4118 renuam
1084 4072 1172 4119 roeo.
1207 4052 1324 4121 Omnes
1350 4054 1463 4122 suffra·

311 4180 413 4243 aeneos
434 4164 615 4251 Mogontine
643 4167 774 4235 eoolesie
801 4168 842 4235 ad
870 4168 1012 4235 eamdem
1039 4168 1124 4234 diem
1151 4168 1266 4236 litteris
1289 4176 1322 4237 et
1342 4173 1462 4239 nundm

312 4284 439 4365 orsam
473 4287 506 4349 et
532 4282 687 4367 quomodo
715 4302 786 4349 eum
813 4284 893 4370 ipsis
922 4302 1014 4367 agere
1042 4284 1163 4370 possim
1191 4290 1223 4351 et
1253 4285 1399 4372 debeam,
1427 4288 1462 4355 iu

313 4400 403 4464 teda
423 4397 564 4465 maxima
586 4398 648 4465 erit
669 4398 904 4466 deliberatione.
940 4397 1111 4485 Speremus
1134 4405 1167 4466 et
1180 4420 1306 4467 oramus
1319 4407 1362 4485 et,
1385 4422 1463 4487 quo·

371 4552 390 4585 ι
408 4543 471 4587 Huc
485 4548 508 4586 et
522 4540 582 4586 duaa
598 4556 657 4601 ques
672 4548 793 4602 sequantur
808 4541 917 4600 epistolae
932 4541 1035 4603 agnam
1050 4542 1073 4587 in
1083 4543 1219 4588 Amatam
1228 4544 1329 4589 omnio
1345 4543 1397 4589 cod.
1408 4544 1462 4589 bibl.

312 4614 354 4673 hp·
370 4620 441 4666 Pun's.
456 4620 499 4665 lut.
516 4618 590 4666 11851
608 4616 733 4681 (quondum
748 4621 897 4683 Sengemasr.
914 4619 966 4666 cod.
979 4616 1034 4677 440)
1049 4622 1094 4677 fol.
1105 4622 1158 4667 ma.
1181 4621 1307 4667 Edidemat
1323 4624 1425 4668 Hortense
1440 4631 1462 4667 ca

312 4693 396 4743 oenoe
410 4700 495 4747 eoru
510 4698 650 4757 ooo-6083
670 4716 699 4745 a
719 4699 796 4746 eodm
813 4699 892 4746 codas
906 4702 930 4745 ln
945 4716 1015 4746 reema
1030 4716 1094 4747 mum
1110 4702 1207 4746 conexit
1221 4701 1351 4759 ooopouu
1366 4702 1461 4747 book.

371 4784 394 4838 1.
411 4784 458 4855 m,
472 4784 662 4841 ioan-1110.
727 4786 754 4841 a.
772 4784 872 4855 apio.
885 4786 911 4855 e,
925 4786 967 4840 io.
1033 4787 1060 4841 a.
1078 4784 1174 4841 sieta
1186 4786 1212 4857 4,
1226 4788 1268 4841 se.
1333 4786 1361 4843 a
1378 4786 1461 4843 noin-

313 4864 352 4922 rloi
362 4870 392 4926 V.
461 4874 487 4929 5.
510 4872 703 4929 Reinbardum.
