4342 6034
654 753 701 799 nx
723 751 877 799 ormnem
899 751 977 798 vma
1001 750 1028 797 a.
1044 750 1219 803 aosmsuu
1451 730 1517 799 489

361 915 461 963 sarum
486 892 689 980 exemplaria,
712 892 787 978 quia
807 892 894 959 locus
917 911 1067 979 praesens
1090 891 1189 975 exigit
1207 895 1243 957 ut
1256 891 1444 976 inserantur,
1467 892 1518 959 hio
1559 904 1611 957 722

359 1012 420 1077 iam
433 1011 573 1077 inserere
588 1010 742 1096 cupimus,
764 1009 903 1095 primum
918 1008 1054 1092 quidem,
1078 1027 1158 1092 quae
1174 1007 1214 1073 ed
1228 1006 1378 1075 Karalum
1394 1007 1516 1093 ducem,
1534 976 1592 1023 ΝΜ
1603 976 1633 1023 ³⁰

360 1125 468 1193 deinde
489 1145 574 1209 vero,
598 1146 677 1211 quae
693 1125 734 1191 ad
748 1129 887 1191 caeteros
902 1122 1061 1211 principes
1077 1123 1215 1189 directae
1230 1128 1313 1208 sunt,
1336 1130 1488 1210 ponentes
1495 1134 1516 1191 ⁸.

360 1290 475 1307 ......
513 1240 579 1307 Has
608 1240 734 1326 quidem
762 1240 841 1307 duas
864 1259 961 1325 supra
982 1240 1117 1326 scriptas
1140 1238 1288 1325 epistolas
1311 1241 1518 1309 communitor

359 1356 499 1425 omnibns
519 1356 716 1443 principibus
739 1356 772 1423 iu
788 1354 959 1423 Germania
979 1354 1172 1437 constitutis;
1196 1356 1274 1421 duas
1297 1375 1371 1421 vero
1386 1376 1518 1442 sequen-

358 1478 402 1541 tes
429 1472 608 1559 specialiter
631 1472 778 1556 Turingis
800 1471 996 1557 principibus
1018 1471 1107 1537 misit
1127 1470 1306 1557 praedictus
1328 1471 1440 1558 papal.

443 1588 616 1655 Tantarum
643 1588 751 1673 itaque
777 1587 955 1654 litterarum
983 1587 1169 1653 auctoritate
1197 1585 1358 1669 suffultus,
1392 1594 1519 1655 sauctus

358 1704 482 1791 praesul
505 1703 686 1771 Boniiacius
713 1701 922 1789 proficiscitur
949 1704 984 1769 in
1006 1700 1218 1769 Germaniam.
1253 1702 1451 1789 Venieusque
1479 1704 1519 1771 ad
1538 1711 1590 1766 ⁷23

357 1820 531 1907 praefatum
554 1820 730 1906 principem
751 1818 918 1902 Karolum,
947 1818 1056 1884 literas
1079 1818 1108 1883 ei
1129 1816 1264 1885 Romani
1285 1818 1442 1905 pontilicis
1466 1820 1519 1887 de·

358 1935 524 2003 tulit

442 2100 519 2119 0...
543 2050 630 2117 Tunc
644 2049 740 2116 etiam
755 2054 945 2133 congregata
957 2069 1121 2116 servorum
1136 2049 1197 2117 Dei
1211 2049 1422 2135 multitudine,
1446 2070 1520 2117 con·
1639 2069 1646 2081 ·

359 2173 511 2234 sunctum
534 2172 583 2233 est
603 2166 829 2234 monasterium
851 2165 885 2231 in
906 2163 992 2247 loco,
1015 2165 1069 2251 qui
1094 2166 1207 2233 dieitur
1231 2164 1359 2249 Ordorf,
1384 2166 1441 2233 sub
1464 2166 1519 2233 ho-

358 2304 431 2351 nore
452 2283 556 2349 sancti
570 2280 753 2349 tlichahelis
775 2280 963 2364 archangeli
998 2280 1058 2360 Qui
1071 2280 1192 2349 scilicet
1207 2301 1325 2365 omues,
1349 2282 1519 2368 apostolico

358 2420 442 2467 more
463 2399 621 2482 virentes,
643 2397 751 2464 labore
773 2398 901 2485 proprio
923 2397 1043 2463 victum
1064 2398 1275 2483 vestitumque
1298 2398 1519 2483 acquisierunt

442 2514 509 2581 Gur
536 2518 641 2581 autem
668 2514 702 2580 in
730 2513 848 2579 honore
874 2512 977 2579 sancti
998 2512 1161 2579 Michaelis
1191 2518 1404 2580 constructum
1425 2514 1521 2582 fuerit

357 2630 438 2697 idem
460 2629 698 2712 monesterium,
721 2628 859 2695 breuiter
881 2628 1058 2695 dicendum.
1092 2626 1174 2693 Nam
1197 2648 1269 2695 oum
1283 2634 1410 2695 sauctus
1426 2628 1520 2696 Boni-

357 2747 453 2813 iaeius
474 2745 686 2833 praedicando
709 2749 742 2811 et
762 2744 952 2833 baptizando
975 2744 1008 2809 in
1024 2743 1176 2827 Turiugia
1193 2740 1360 2811 transiret¹
1374 2750 1407 2811 et
1421 2766 1520 2833 prope

358 2860 486 2945 tlumen,
517 2861 568 2927 cui
589 2880 704 2926 nomen
727 2865 776 2927 est
797 2859 917 2943 Oraha,
945 2859 1090 2925 tentoriis
1112 2858 1185 2927 fixis
1208 2840 1522 2946 pernoctantium

358 2998 413 3065 per
438 2984 540 3045 totam
561 2982 685 3043 noctem
707 2975 763 3041 lux
785 2994 910 3059 magna,
933 2975 972 3041 de
994 2974 1080 3041 caelo
1104 2995 1172 3041 sese
1194 2976 1395 3061 protendens,
1418 2976 1521 3045 locum

358 3094 409 3161 ubi
430 3093 581 3161 manebat
602 3091 768 3179 episcopus
791 3090 1005 3159 circumdedit
1043 3089 1080 3157 In
1102 3110 1165 3175 qua
1187 3090 1283 3157 etiam
1303 3090 1372 3159 luce
1395 3098 1522 3161 sanctus

359 3208 490 3277 llichael
512 3207 717 3291 archangelus
740 3207 909 3274 adveniens
932 3208 1078 3294 episcopo
1103 3207 1265 3294 apparuit,
1289 3228 1422 3293 eumque
1445 3208 1522 3275 allo-

361 3344 454 3409 quens
475 3326 511 3392 in
532 3324 669 3391 Domino
692 3322 890 3389 confortavit
924 3321 1018 3389 Mane
1033 3324 1142 3409 itaque
1155 3324 1249 3407 facto,
1272 3323 1405 3391 laudans
1421 3331 1453 3391 et
1467 3324 1522 3415 loe·

360 3442 504 3509 nediceus
518 3440 633 3524 Deum,
655 3439 773 3506 ibidem
794 3439 964 3505 missarum
984 3438 1172 3526 sollempnia
1187 3438 1366 3521 celebravit
1400 3440 1523 3511 Deinde

361 3554 392 3622 in
413 3557 523 3624 eodem
544 3555 613 3623 loco
636 3554 806 3644 prandium
827 3556 889 3622 sibi
910 3555 1018 3642 parari
1040 3555 1247 3642 praecipiens,
1272 3556 1327 3623 sod
1343 3576 1362 3623 a
1376 3558 1521 3624 ministro

362 3692 414 3738 suo
436 3673 578 3756 audiens,
607 3671 712 3739 cibum
735 3672 904 3756 querceti
925 3676 1033 3758 posset
1054 3692 1089 3738 se
1111 3691 1175 3737 non
1196 3671 1321 3755 habere,
1344 3673 1521 3759 respondit:

363 3790 488 3872 Nonae,
519 3792 577 3876 qai
601 3790 832 3855 multitudinem
855 3788 974 3875 populi
993 3792 1028 3854 ia
1051 3792 1170 3855 deemto
1194 3790 1408 3875 quodrapiata
1430 3793 1523 3855 canae

362 3926 474 3971 mcum
498 3908 536 3971 de
558 3906 643 3971 coelo
664 3908 760 3970 maeno
777 3908 885 3991 potuit
900 3928 1043 3993 peecare,
1065 3906 1146 3970 meti
1166 3907 1298 3992 mdipmo
1321 3906 1442 3971 amalo
1465 3928 1521 3972 ecc

363 4044 422 4086 nom
441 4022 603 4109 proevalet
623 4023 668 4087 od
688 4024 782 4085 enias
800 4023 866 4087 de'ei
877 4021 1076 4106 affectiorem
1090 4044 1191 4087 cacam
1205 4022 1404 4109 impendere?
1437 4020 1523 4089 Haec

364 4154 430 4202 cum
461 4137 610 4220 dixisset,
637 4156 781 4203 mensam
811 4136 872 4203 sibi
900 4156 1058 4222 apponere
1085 4137 1254 4223 praecepit.
1297 4136 1522 4203 intereavero

365 4253 512 4334 quaedam
535 4252 603 4319 aris
626 4251 787 4335 advolans,
809 4252 928 4338 piscem
947 4252 1054 4336 talem,
1078 4252 1132 4338 qui
1148 4252 1187 4318 ad
1203 4252 1287 4319 illius
1303 4252 1366 4319 diei
1380 4253 1523 4322 refectio-

365 4385 431 4433 nem
453 4366 620 4452 sufficeret,
643 4368 750 4434 attulit
771 4373 804 4433 et
825 4372 899 4433 ante
915 4388 1056 4435 mensam
1071 4368 1214 4454 proiecit
1250 4367 1317 4446 Quo
1331 4368 1409 4452 viso,
1433 4388 1523 4434 sanc·

366 4484 412 4548 tus
432 4484 558 4571 praesul
577 4458 646 4551 Deo
667 4484 785 4569 gratim
807 4483 926 4566 retulit,
948 4484 1130 4570 piscemque
1152 4482 1283 4551 allatum
1305 4484 1367 4549 cito
1389 4503 1523 4570 praepa-

431 4674 452 4709 ι.
471 4671 591 4724 aequat&
605 4664 631 4711 S.
641 4664 755 4718 Bonifatii
768 4678 818 4721 epp.
828 4662 857 4708 21
869 4671 891 4706 et
905 4662 943 4719 18,
958 4678 1028 4721 cupra
1041 4678 1067 4722 p.
1078 4662 1107 4708 s1
1119 4660 1188 4708 cett.
1265 4658 1287 4707 b.
1307 4670 1429 4722 sequemur
1444 4662 1468 4709 S·
1478 4662 1523 4709 Bo·

368 4742 439 4795 maa
451 4759 500 4801 φρ.
511 4743 549 4799 m,
560 4744 598 4800 aa,
609 4744 639 4789 m
654 4759 724 4801 supra
737 4759 762 4801 p.
773 4742 811 4798 so,
822 4742 860 4799 er,
870 4742 909 4789 er.

433 4846 457 4901 1.
479 4846 515 4904 V.
532 4846 689 4902 Passionem
708 4844 736 4901 S.
749 4844 879 4903 Bonifatii
895 4860 980 4916 supra
995 4862 1023 4915 p.
1034 4844 1088 4901 475
1106 4847 1135 4901 et
1151 4844 1213 4899 476.
