4342 6034
599 766 820 814 asomum
840 769 885 814 nn
906 769 1009 816 nunu
1030 768 1219 816 amasonia
1246 770 1276 816 aa
1458 752 1521 820 155

358 925 436 974 nunc
467 907 602 974 diroetas
635 907 758 974 litteras
788 909 1010 997 praecepistis,
1044 915 1082 976 nt
1108 910 1264 978 Dominus
1291 911 1376 978 vires
1404 913 1522 980 donare
1540 919 1593 976 '145

357 1024 498 1107 dignatus
521 1029 580 1108 est,
604 1025 874 1110 adimplevimus·,
897 1025 953 1092 sed
976 1031 1008 1092 et
1031 1047 1079 1109 ea,
1104 1046 1184 1110 quae
1201 1026 1315 1094 domno
1332 1024 1522 1114 apostolico¹
1542 991 1592 1040 θοι

356 1140 562 1224 suggessistis,
585 1161 643 1228 per
665 1161 723 1206 nos
746 1146 821 1206 sunt
842 1147 989 1227 suscepta
1011 1149 1043 1208 ct
1065 1142 1252 1209 adnuntiata
1268 1143 1380 1228 atqueb
1395 1143 1520 1212 relecta

356 1254 395 1320 Et
415 1275 472 1322 nos
496 1275 535 1322 ea
548 1261 790 1342 pertractantes,
812 1256 920 1322 omnia
937 1259 1065 1344 scripta,
1091 1278 1171 1358 quae
1189 1258 1278 1326 vobis
1294 1259 1334 1326 ab
1351 1280 1387 1326 eo
1403 1260 1524 1326 directa

356 1377 433 1454 sunt,
456 1393 477 1438 a
499 1371 591 1440 nobis
614 1393 684 1440 esse
706 1373 825 1439 dictata
841 1372 936 1456 juxta
950 1377 1089 1440 vanam
1105 1374 1310 1458 voluntatem,
1334 1375 1521 1458 cognoscite.

438 1487 561 1572 Sedet,
585 1488 668 1572 quod
683 1508 739 1555 uos
754 1508 818 1555 non
834 1489 1021 1575 sperabatis,
1039 1489 1108 1556 fieri
1124 1491 1346 1574 suggessimus.
1381 1489 1424 1558 Et
1438 1491 1524 1558 iacto

357 1607 400 1668 est
420 1603 561 1688 synodus
584 1604 793 1688 sacerdotum,
816 1604 1022 1691 praesedente
1045 1605 1160 1672 domno
1184 1605 1366 1692 apostolico.
1407 1605 1451 1673 Et
1472 1626 1523 1672 re-

355 1717 431 1784 lecta
458 1724 508 1785 est
536 1718 690 1803 sacrilega
715 1720 802 1786 illius
824 1720 1006 1787 Aldebercti
1031 1721 1252 1788 nefandissimi
1274 1723 1341 1788 vita
1363 1727 1395 1788 et
1417 1722 1524 1788 omnia

356 1834 503 1920 opuscula
531 1835 636 1902 illius⁶
659 1855 765 1902 coram
788 1837 925 1922 synodo,
953 1837 1072 1922 pariter
1096 1842 1129 1914 et
1150 1837 1284 1923 epistola
1306 1837 1524 1904 sanctissimae

355 1951 553 2036 paternitatis
576 1956 714 2035 vestrae,
741 1951 798 2017 ubi
820 1951 858 2018 de
879 1951 935 2017 illo
959 1957 991 2018 et
1013 1951 1052 2038 de
1074 1951 1246 2020 Clementis
1270 1953 1429 2020 dementia
1450 1975 1523 2038 sug·

353 2067 504 2150 gessistis.
538 2063 582 2134 Et
602 2067 650 2134 sic
671 2073 761 2150 gesta
780 2074 920 2155 peracta,
943 2069 1101 2134 sententia
1115 2069 1324 2135 anathematis
1339 2070 1373 2136 in
1389 2071 1434 2136 eis
1450 2091 1524 2156 pro·

354 2183 492 2267 nulgata
516 2189 565 2250 est
586 2183 637 2249 vel
658 2183 692 2249 in
714 2184 870 2268 omnibus,
894 2185 948 2270 qni
971 2205 1080 2250 eorum
1102 2185 1272 2252 nefandam
1294 2187 1393 2252 secuti
1406 2185 1525 2254 fuerint

354 2305 484 2381 sectam3
511 2299 599 2365 cuius
622 2296 740 2365 instar'
760 2300 850 2367 vobis
873 2321 893 2368 a
914 2301 1030 2366 domno
1053 2301 1224 2387 apostolico
1248 2301 1369 2368 directa
1390 2307 1447 2368 est.
1482 2301 1526 2369 Et

353 2415 426 2482 laec
446 2435 559 2482 coram
580 2417 743 2501 presentia
763 2419 940 2502 praesentis
962 2417 1071 2483 fratris
1086 2417 1188 2484 nostri
1203 2417 1371 2502 Denesrdi,
1395 2437 1525 2485 venera·

355 2531 420 2598 bilis
442 2531 626 2620 presbiteri,
650 2539 722 2599 acta
738 2537 828 2615 sunt3
852 2539 884 2600 et
898 2535 967 2619 ipse
981 2533 1072 2600 vobis
1087 2553 1142 2599 ore
1157 2535 1287 2620 proprio
1303 2534 1420 2621 poterit
1435 2555 1526 2602 enar·

354 2667 429 2732 rare
453 2648 544 2734 qnod
563 2647 672 2714 omnia
693 2649 757 2714 ista
778 2668 837 2735 per
859 2669 917 2716 nos
941 2653 1013 2715 acta
1034 2653 1118 2715 sunt

436 2763 524 2830 Nam
547 2783 606 2850 pro
629 2769 715 2832 certo
735 2765 923 2849 cognoscite,
947 2765 1147 2847 sanctissime
1162 2769 1263 2851 pater,
1288 2766 1362 2849 quia
1376 2767 1410 2832 in
1425 2767 1526 2834 omni·

355 2879 407 2946 bus
428 2899 482 2946 me
508 2885 656 2966 paratum
679 2879 776 2947 offero
792 2880 907 2948 restris
922 2880 1204 2966 obtemperandum
1219 2883 1406 2968 praeceptis.
1443 2883 1526 2950 Tan·

354 2996 516 3063 tummodo
538 3001 629 3082 peto,
656 3001 693 3062 ut
714 3017 773 3084 pro
796 2997 887 3064 nobis
910 3017 1002 3062 orare
1023 2996 1168 3064 iubeatis.
1216 2995 1288 3064 Scio
1311 2999 1412 3083 enim,
1441 2999 1525 3084 quis,
1609 3029 1614 3040 ·

351 3112 464 3178 restris
489 3111 685 3178 orationibus
708 3112 890 3196 adiuvans,
917 3117 1025 3180 erutus
1047 3133 1119 3178 sum
1143 3133 1162 3178 a
1183 3113 1444 3200 temptationibus
1466 3114 1526 3181 iui-

355 3228 425 3294 mici
447 3234 482 3296 et
505 3229 654 3294 misertus
677 3229 832 3296 Dominus
856 3249 912 3296 suo
934 3229 1053 3294 famulo
1075 3229 1249 3296 medelam*¹
1266 3229 1387 3297 tribuit.
1421 3230 1465 3298 Et
1479 3231 1526 3298 di·

356 3346 452 3411 versis
488 3343 726 3412 infirmitatibus
759 3345 989 3428 circumdatus,
1023 3365 1215 3430 quamquam
1248 3345 1414 3430 indignus,
1448 3347 1527 3413 illud

356 3460 491 3545 apostoli
521 3479 635 3546 sequor
662 3459 886 3528 consolationis
916 3461 1051 3545 dictum,
1082 3482 1144 3546 qno
1172 3462 1232 3528 ait:
1261 3463 1351 3528 Dum
1372 3465 1525 3547 infirmor,
1563 3505 1588 3552 0

356 3589 424 3642 tuuc
441 3589 559 3665 potens
580 3571 685 3654 sorn⁸3
707 3581 754 3644 et:
779 3578 926 3643 Libenter
945 3579 1111 3664 gloriabor
1132 3582 1167 3644 in
1189 3580 1423 3662 infirmitatibus
1438 3583 1525 3661 meis,

356 3707 387 3758 ut
407 3695 562 3760 &habitet
583 3697 619 3758 io
640 3716 690 3758 ore
712 3713 770 3779 per
792 3699 915 3759 vestras
937 3699 1063 3760 sanctas
1085 3699 1337 3780 praecessimus
1361 3693 1503 3761 Charisii‘.

440 3807 648 3877 venerandas
676 3828 813 3892 namque
841 3829 964 3878 sorores
985 3815 1111 3877 nostras
1135 3815 1167 3877 et
1188 3810 1249 3877 Dei
1272 3809 1418 3894 ansillae,
1448 3830 1528 3895 quae

357 3925 438 4010 apud
464 3925 580 3990 limina
606 3929 787 3990 sanctornm
815 3925 994 4012 principum
1024 3925 1238 4012 apostolorum
1266 3932 1527 4012 properaverunt,

357 4060 432 4124 quas
461 4041 559 4107 etiam
588 4040 680 4106 nobis
702 4045 809 4106 vestra
835 4047 946 4108 saneta
972 4043 1148 4128 paternitas
1177 4043 1397 4109 commendare
1424 4043 1526 4128 iussit,

356 4155 388 4220 in
402 4161 558 4241 quantum
573 4156 729 4222 Dominus
743 4157 828 4222 vires
850 4155 967 4224 donare
989 4157 1137 4242 dignatus
1159 4157 1265 4242 fuerit,
1288 4177 1397 4226 curam
1420 4179 1528 4225 earum

358 4271 507 4338 habemus
529 4276 660 4358 propter
681 4278 822 4339 vestram
843 4277 985 4340 sanctam
1008 4275 1272 4360 praeceptionem.

442 4387 702 4455 Benedictionem
724 4390 858 4472 etenim,
888 4410 983 4474 quam
1006 4389 1097 4457 nobis
1120 4389 1298 4474 direxistis,
1322 4390 1527 4477 suscepimus,

359 4503 389 4568 id
410 4510 461 4570 est
482 4503 628 4590 poculum
651 4511 836 4589 argenteum
859 4510 891 4571 et
910 4507 1083 4591 syndonem
1103 4527 1209 4572 unam.
1245 4505 1346 4584 Quam
1361 4507 1395 4572 in
1410 4506 1528 4592 duplici

360 4620 552 4706 suscepimus
574 4619 801 4704 benedictione,
825 4640 862 4687 eo
885 4622 969 4707 quod
992 4642 1011 4688 a
1033 4627 1122 4688 tanto
1145 4627 1236 4708 patre
1257 4623 1430 4688 meruimus
1452 4623 1528 4688 risi-

428 4775 449 4807 a.
471 4761 619 4821 adimplemus
637 4765 671 4808 M.
748 4761 771 4808 h.
791 4762 865 4822 adque
881 4767 916 4810 M.
993 4777 1014 4809 n
1034 4763 1083 4810 sins
1101 4766 1127 4812 C.
1204 4763 1227 4810 d.
1249 4763 1367 4810 medellam
1384 4767 1419 4810 Μ.

429 4867 455 4920 1.
473 4865 628 4921 Zachadae
700 4867 725 4920 2.
744 4867 908 4937 exemplum.
979 4869 1006 4924 3.
1023 4867 1116 4924 icor.
1130 4869 1173 4938 12,
1187 4869 1229 4924 10.
1301 4867 1327 4924 4.
1346 4867 1437 4924 icor.
1448 4869 1491 4938 12,
1501 4869 1527 4924 9.
