4342 6034
551 839 750 887 eumeniam
771 841 973 889 onnouroou
995 842 1232 890 moouurnruu
1409 826 1475 893 693

309 979 481 1065 imperium.
516 980 553 1046 ln
581 981 630 1047 bis
660 982 805 1048 omnibus
833 982 980 1048 dominus
1009 982 1173 1051 Conradus
1200 984 1262 1050 fuit
1289 984 1475 1069 imperatori
1493 996 1563 1051 1165

309 1096 502 1161 adversarius
524 1096 679 1183 capitalis.
764 1096 817 1163 Sic
839 1118 915 1182 ergo
936 1100 1052 1164 iterum
1076 1099 1209 1165 ecclesia
1224 1099 1474 1184 Magnntinensis

309 1211 404 1297 patris
428 1212 602 1298 spiritualis
626 1218 675 1279 est
696 1212 809 1280 solatio
832 1214 992 1280 destituta
1027 1214 1099 1280 Non
1123 1220 1200 1299 erat,
1226 1216 1279 1301 qui
1297 1214 1426 1281 clericos
1441 1215 1475 1280 in

306 1327 374 1412 ipsa
395 1326 531 1394 dioecesi
553 1328 729 1412 ordinaret,
753 1329 891 1395 chrisma
912 1336 1120 1415 consecraret,
1142 1331 1339 1417 poenitentes
1362 1331 1476 1399 admit-

307 1445 400 1526 teret,
429 1443 582 1509 moniales
604 1444 738 1528 velaret,
762 1444 900 1530 capellas
922 1452 955 1511 ct
978 1446 1125 1513 ecclesias
1149 1452 1355 1513 consecraret
1390 1446 1477 1513 liaeo

306 1558 410 1623 omnia
435 1559 522 1625 mala
549 1560 589 1626 ob
620 1559 809 1626 venerabilis
833 1560 963 1627 Henrici
992 1562 1031 1628 ab
1062 1562 1246 1649 episcopatu
1273 1562 1475 1645 amotionem,

305 1672 390 1738 ouius
418 1693 516 1761 supra
543 1675 729 1741 memoriam
756 1675 904 1761 fecimus,
932 1676 1137 1763 pullularunt
1230 1677 1256 1743 Ο
1279 1679 1396 1744 misera
1425 1698 1475 1745 ec·

304 1788 397 1855 olesia
418 1789 685 1875 Magantinensis,
715 1792 790 1877 quid
813 1792 952 1877 pateris?
981 1792 1008 1859 0
1034 1792 1168 1876 lugubre
1198 1802 1231 1861 et
1253 1813 1396 1859 amarum
1418 1814 1475 1880 po-

304 1905 417 1997 culum,
442 1906 524 1990 quod
546 1907 607 1973 tibi
628 1908 678 1973 ira
700 1906 761 1973 Dei
783 1908 912 1973 miscuit
933 1908 974 1973 ad
996 1908 1181 1994 potandum.

389 2021 508 2088 Videns
536 2022 682 2089 dominus
704 2022 885 2089 Fridem’cns
912 2024 1101 2109 imperator,
1132 2024 1246 2091 durum
1269 2024 1330 2091 sibi
1353 2024 1421 2091 fore
1443 2032 1475 2092 et

302 2142 409 2203 contra
430 2158 547 2225 papam
572 2143 604 2205 et
626 2138 896 2225 arehiepiscopum
918 2144 1077 2205 certamen
1100 2160 1219 2223 gerere,
1243 2140 1368 2207 dominc
1393 2142 1473 2209 Con-

302 2252 375 2317 rado
405 2253 622 2319 adversarium
649 2254 821 2320 suscitavit.
856 2253 997 2321 Instituit
1026 2274 1099 2339 ergo
1131 2256 1292 2322 dominum
1321 2257 1472 2324 Christia-
1491 2266 1554 2325 sept

302 2389 374 2434 nnm
385 2365 402 2452 ¹,
431 2390 507 2435 snae
537 2370 664 2453 quidem
693 2370 799 2436 curiae
821 2367 1071 2455 cancellarium',
1101 2370 1169 2438 loco
1193 2371 1313 2438 domini
1337 2372 1472 2439 Conradi

300 2481 427 2567 Bavari3
457 2486 562 2551 virum
589 2486 699 2569 utique
726 2486 826 2552 mirae
854 2486 1056 2572 prudentiae,
1084 2488 1119 2552 in
1147 2474 1241 2553 rebus
1265 2488 1420 2572 ambiguis
1444 2496 1476 2555 et

301 2600 405 2666 arduis
429 2600 628 2667 subtilissimi
650 2600 774 2667 consilii
790 2607 822 2667 et
836 2602 1026 2668 velocissimi
1041 2603 1249 2669 inventorem.
1284 2602 1364 2671 Erat
1379 2605 1474 2671 etiam
1590 2669 1592 2673 .

299 2716 346 2781 vir
375 2718 478 2783 mirae
506 2717 679 2803 patientiae
708 2717 742 2781 in
771 2717 921 2783 adversis.
957 2717 1052 2783 Nulla
1079 2718 1114 2783 in
1143 2720 1304 2805 prosperis
1327 2719 1476 2805 superbia

301 2832 521 2900 extollebatur.
556 2832 670 2898 Vultus
694 2831 888 2916 benignitate
911 2833 1056 2899 omnibus
1079 2834 1247 2918 gratiosus,
1272 2840 1304 2900 et
1324 2834 1402 2901 alias
1418 2834 1474 2929 ho·

298 2950 395 3015 noetis
418 2948 560 3015 moribus
583 2948 764 3014 adornatus.
800 2948 892 3014 Hunc
907 2969 993 3032 ergo,
1017 2950 1093 3034 quia
1107 2956 1171 3016 tam
1190 2949 1472 3017 ecclesiasticarum

299 3086 392 3149 quam
420 3064 610 3131 secularium
633 3085 840 3151 personarum
863 3065 1003 3131 favorem
1028 3066 1175 3148 cognovit
1197 3066 1328 3149 habere,
1358 3067 1473 3133 consti·

298 3182 358 3246 tuit
387 3182 572 3267 episcopum
595 3179 877 3264 Magantinensem.
969 3180 1106 3246 Duravit
1133 3182 1192 3247 hoc
1221 3181 1359 3247 schisma
1381 3182 1473 3249 annis

297 3298 482 3364 octodecim.

385 3412 528 3479 Tandem
552 3412 697 3477 dominns
720 3411 934 3496 Christianus,
963 3432 998 3478 se
1019 3414 1223 3497 interponens
1245 3413 1329 3478 inter
1355 3433 1472 3499 papam
1492 3420 1561 3473 1171

297 3535 327 3594 et
349 3530 588 3615 imperatorem,
613 3528 722 3594 ambos
746 3528 786 3594 ad
808 3529 1008 3594 concordiam
1024 3528 1193 3593 revocavit.
1229 3528 1407 3612 Artumque
1425 3536 1474 3595 est

296 3644 335 3710 de
363 3645 553 3731 episcopatu
579 3644 830 3728 Magantinensi,
859 3649 896 3709 ut
924 3644 1069 3709 dominus
1093 3642 1289 3711 Christianus
1318 3644 1473 3731 archiepi-

296 3766 463 3846 scopatum
486 3758 759 3844 Magantinensem
783 3760 939 3826 obtineret
960 3760 1090 3846 pacifice
1113 3766 1145 3825 et
1167 3760 1288 3846 quiete,
1318 3764 1349 3825 et
1372 3760 1473 3827 domi·
1489 3773 1570 3821 lutat

296 3898 355 3942 nns
370 3876 537 3943 Conramm
554 3874 827 3961 Saltzbnrgensem
852 3875 1156 3962 archiepiscopatum
1181 3876 1337 3963 accipiens
1359 3877 1472 3960 guber·

296 4000 397 4060 naret
438 3992 519 4058 Erat
540 3993 624 4058 enim
646 3992 681 4057 in
703 3993 775 4078 ipsa
788 3991 930 4057 ecclesia
953 4012 973 4056 a
994 4011 1092 4078 puero
1117 3993 1282 4058 enutritus.

385 4109 582 4187 Quieverunt
608 4108 694 4174 mala
720 4128 778 4194 per
800 4113 925 4193 tempus
954 4107 1128 4190 modicum,
1159 4111 1191 4173 et
1213 4108 1358 4174 dominus
1382 4106 1472 4173 Chri-

296 4227 421 4291 stianus
450 4224 537 4290 obiit
573 4222 661 4291 Obiit
687 4229 792 4289 autem
820 4222 910 4288 iuxta
931 4221 1073 4287 Romam.
1110 4221 1257 4288 Graviter
1280 4224 1470 4306 aegrotavit;
1504 4230 1574 4285 1183

296 4343 420 4407 vicinus
444 4346 513 4407 erat
535 4360 677 4406 summus
699 4333 870 4425 pontifex³,
900 4340 955 4424 qui
978 4340 1178 4426 episcopum,
1207 4343 1243 4404 ut
1264 4339 1471 4425 proximaret
1489 4304 1584 4361 ΑΜ

296 4458 458 4543 paternis·
479 4457 580 4523 literis
609 4455 802 4521 hortabatur.
849 4454 991 4540 Cumque
1017 4475 1103 4541 papa
1131 4454 1171 4521 ad
1200 4454 1470 4540 archiepiscopum

295 4575 506 4660 pervenisset,
529 4572 603 4639 sedb
619 4572 754 4655 languor
769 4571 803 4636 in
819 4575 943 4636 tantum
959 4570 1189 4656 praevaluerat,
1213 4576 1249 4635 ut
1263 4570 1347 4657 patri
1363 4575 1471 4635 sancto

369 4757 391 4789 a.
413 4760 446 4789 aa
461 4756 528 4802 quom
544 4742 674 4801 episcopus,
689 4742 715 4786 nt
730 4740 868 4800 proximaret
882 4740 992 4799 paterne!
1068 4738 1092 4785 b.
1113 4742 1153 4785 sic.
1179 4740 1307 4785 Aneonis?

368 4850 394 4903 1.
419 4846 442 4901 l.
532 4848 558 4901 2.
582 4845 618 4901 ab
639 4859 711 4899 anno
731 4844 800 4899 1163
817 4843 853 4897 ad
872 4844 942 4897 1165
961 4841 1036 4913 Sept.
1127 4843 1152 4897 3.
1177 4843 1254 4899 Lucii
1272 4842 1313 4899 Ill
1329 4856 1418 4913 papae
1437 4840 1471 4897 do

296 4934 471 4991 thmstianil
489 4934 566 4990 obitu
584 4934 703 5005 epistola
719 4933 819 5003 legitur
836 4948 921 5002 supra
937 4947 965 5001 p.
977 4933 1040 4987 411.
1101 4958 1107 4971 ·
