4342 6034
595 776 622 824 s.
637 774 814 824 normann
834 777 879 824 nr
901 777 1003 824 nuum
1024 777 1212 826 nersronnn
1231 779 1262 826 ee
1449 761 1509 826 131

333 914 400 984 48.
424 917 609 984 Zachariae
625 941 718 1007 papa
739 920 907 1004 Bonifatio
935 921 1135 1006 prolectatae,
1167 921 1253 1006 qaod
1275 944 1296 984 a
1317 921 1462 1008 Pippino
1485 934 1514 987 et

426 1031 639 1101 Carlomanno
662 1037 839 1102 adinoetar.
880 1033 1064 1103 (immonem
1089 1037 1359 1122 Rotomapeneeen,
1383 1037 1514 1103 Abelem

426 1149 623 1232 Reeneereem
647 1151 854 1218 Hartlermm
877 1151 1090 1219 senonensem
1112 1156 1273 1240 episcopos
1295 1153 1464 1240 metropol·

425 1288 486 1330 noe
509 1267 549 1332 ab
573 1289 608 1333 eo
620 1267 732 1352 fartae
756 1269 935 1351 eonfinnat3
963 1269 1077 1354 quibas
1095 1269 1202 1356 pallia
1224 1272 1322 1334 mima
1345 1291 1408 1334 eree
1429 1291 1512 1335 nnn·

425 1385 495 1448 tiat-
530 1383 661 1450 Laudat
682 1406 762 1465 eam,
787 1387 874 1470 qaod
895 1383 1100 1450 Atrebatem
1123 1397 1152 1450 et
1171 1382 1356 1450 Clementem
1378 1386 1512 1450 damna-

425 1501 508 1564 verit
528 1501 564 1562 in
587 1521 803 1586 rancoremque
825 1503 1019 1566 coenoman
1126 1498 1161 1580 (S
1181 1501 1254 1584 144,
1278 1497 1317 1566 W
1333 1500 1387 1584 59,
1412 1498 1512 1582 Gal}

426 1629 696 1698 Reverentissimo
718 1638 751 1698 et
773 1633 973 1699 sanctissimo
996 1633 1089 1700 fratri
1111 1631 1271 1699 Bonifatio
1293 1631 1472 1699 Zaeharias.
1549 1638 1602 1695 744

425 1744 577 1830 Legimus
603 1748 639 1814 in
664 1747 746 1814 libro
775 1753 903 1815 aotnum
926 1747 1157 1836 apostolorum,
1188 1753 1332 1816 sanetum
1357 1747 1512 1836 Spiritum
1529 1713 1577 1760 Μ’
1594 1715 1625 1760 ⁹²

334 1861 490 1948 apostolis
521 1865 715 1950 precepisse:
752 1864 907 1952 Separate
934 1867 1015 1932 miti
1040 1865 1219 1931 Barnaban
1250 1877 1279 1932 et
1306 1866 1447 1932 Paulam
1477 1869 1512 1932 e'n

334 2001 433 2066 opem
470 1983 557 2066 qnod
584 1983 813 2068 admoneres-im
841 2003 892 2048 eoa
901 1977 920 2063 ¹,
954 1979 1082 2065 idest,
1113 1985 1149 2046 ut
1177 2000 1234 2067 per
1263 1980 1512 2067 predicationem

332 2095 529 2161 christianae
556 2095 718 2180 religionis
747 2101 779 2162 et
806 2097 946 2163 eiusdem
970 2095 1108 2183 Spiritus
1138 2097 1239 2164 saneti
1262 2096 1397 2180 gratiam
1418 2117 1511 2164 mun·

333 2210 430 2276 dum*
459 2211 687 2278 inluminareut
719 2213 910 2278 universum.
957 2213 1098 2292 Quorum
1123 2212 1341 2280 inluminatio⁸
1368 2213 1513 2300 predita-

334 2327 431 2394 tionis
455 2333 551 2412 atque
573 2328 715 2394 dmtriue
729 2327 849 2394 Christi
871 2329 1009 2416 presidio
1031 2329 1160 2414 mansit,
1185 2333 1217 2396 et
1233 2333 1341 2396 manet
1358 2327 1512 2396 eatholioa

333 2443 394 2510 Dei
425 2443 580 2511 aeoalesia
606 2445 824 2530 praefulgens,
852 2445 965 2511 horum
993 2451 1026 2512 et
1047 2445 1133 2512 beati
1156 2445 1372 2532 apostolorum
1393 2445 1511 2532 prinoi-

333 2560 383 2645 pis
404 2558 497 2626 Petri
517 2559 707 2628 inluminata
727 2561 888 2628 doctrinis.
923 2560 968 2627 Et
989 2581 1099 2628 eorum
1121 2563 1211 2646 sequi
1232 2561 1356 2649 pedem,
1381 2561 1439 2629 eu‘¹
1461 2563 1511 2628 in-

334 2676 512 2762 spiratione
533 2677 642 2743 divina
667 2681 757 2743 tuam
779 2677 1011 2744 sanctissimam
1039 2678 1273 2745 fraternitatem
1302 2679 1337 2744 in
1366 2677 1511 2765 partibus

334 2791 396 2858 illis
418 2812 492 2859 esse
514 2793 671 2859 eredimus
693 2793 899 2875 destinatam3
923 2799 960 2860 ut
982 2794 1080 2860 etiam
1096 2793 1198 2860 instar
1213 2813 1322 2860 eorum
1338 2793 1422 2860 idem
1439 2793 1511 2880 Spi-

334 2909 413 2975 ritus
441 2915 573 2975 sanetus
594 2909 629 2974 in
651 2910 762 2976 eodem
783 2915 816 2976 te
838 2909 1031 2996 adsumpsit·
1054 2929 1149 2996 opere
1173 2910 1213 2976 ad
1235 2908 1509 2976 inluminationem

336 3026 478 3109 gentium
506 3024 642 3091 illarum.
677 3024 769 3093 Unde
796 3026 892 3092 nimis
915 3025 1093 3093 exultamus
1115 3025 1240 3092 inDeo
1264 3027 1385 3093 eteius
1409 3026 1510 3092 omni-

336 3143 499 3228 potentiae
520 3143 680 3210 inmensae
703 3142 868 3209 referimus
890 3141 1010 3209 laudes.
1078 3141 1164 3209 Dum
1187 3161 1261 3208 vero
1285 3147 1317 3208 et
1339 3141 1436 3209 series
1456 3141 1510 3208 sil-

336 3257 482 3325 labarum
509 3263 637 3324 tuarum
663 3259 754 3326 nobis
782 3257 974 3344 panderetur
1000 3279 1058 3345 per
1079 3257 1219 3343 singula,
1249 3257 1349 3325 multo
1372 3257 1509 3345 amplius

337 3373 445 3441 laetati
469 3393 580 3440 sumus
601 3374 635 3440 in
657 3373 804 3459 Domino,
828 3375 883 3459 qui
904 3375 964 3441 tibi
986 3395 1077 3441 suam
1100 3375 1236 3459 gratiam
1260 3375 1307 3443 ita
1328 3373 1439 3460 largiri
1461 3375 1510 3442 ui-

338 3494 451 3574 gnatus
474 3495 538 3556 est:
565 3495 603 3557 ut
624 3491 671 3557 sio
692 3491 790 3558 durae
811 3491 915 3575 gentis
937 3491 1033 3558 eorda
1053 3490 1196 3576 lenis-esf,
1223 3497 1376 3577 quatenus
1398 3491 1511 3559 libenti

339 3608 443 3673 auimo
464 3605 693 3673 inclinarentur
716 3607 755 3674 ad
778 3607 1007 3674 oboediendum
1028 3605 1104 3690 fidei
1128 3611 1159 3674 et
1181 3607 1297 3674 divinis
1313 3606 1511 3694 obtempera·

338 3727 407 3790 rent
428 3722 621 3809 praeseptis.

424 3838 579 3905 Indicaeti
599 3839 716 3905 etenim
736 3839 837 3924 nobie,
861 3839 1016 3924 quomodo
1038 3845 1070 3906 et
1091 3838 1227 3924 qualiter
1247 3837 1404 3922 tetigisset
1423 3837 1510 3906 Deus

408 4013 430 4046 a.
451 4016 481 4045 ex
498 4002 527 4045 M
541 3997 653 4054 59-61,
675 3999 835 4048 cll-lto.
861 4001 913 4046 Sine
929 4001 1031 4045 mnu
1049 4002 1090 4055 M,-
1111 3997 1215 4061 Epistola
1230 3997 1352 4046 Zachariae
1373 3999 1403 4046 ad
1418 3999 1510 4046 Bonita·

338 4079 392 4126 tim
407 4079 439 4126 ‹le
455 4079 564 4126 Gnnoue
578 4077 637 4125 Abel
654 4081 679 4124 et
693 4077 814 4125 liutberto
830 4078 1011 4138 metropolitanis
1027 4077 1167 4125 confirmatis
1185 4081 1211 4127 C.
1288 4079 1311 4124 b.
1331 4079 1396 4126 illum
1411 4081 1511 4142 sequte-r

338 4161 664 4215 &machamatic-
741 4171 761 4206 a
781 4158 1108 4208 mantulunimnumc.
1187 4157 1209 4205 i.
1230 4161 1305 4206 etit.
1377 4173 1441 4208 aee
1465 4161 1510 4206 ,εἰ

339 4239 489 4300 &asumpserit
505 4241 532 4286 C.
609 4237 626 4284 1.
646 4238 726 4284 bniree
742 4242 778 4293 M,
794 4256 852 4284 corr.
867 4241 891 4284 in
905 4237 990 4284 leniret
1007 4241 1034 4287 C.

337 4341 405 4398 luno
423 4343 537 4397 demum
554 4341 646 4411 posita
663 4345 706 4396 est
723 4357 770 4412 ea,
788 4357 860 4411 qnae
877 4341 906 4396 in
922 4341 996 4396 nullo
1014 4340 1190 4411 epistolarum
1209 4341 1444 4398 Bonifatianarum
1462 4355 1506 4397 oo·

338 4431 396 4486 (liae
413 4431 558 4500 reperitur,
579 4430 728 4501 „Famula
745 4429 989 4487 abrenuntiationis
1012 4428 1134 4485 diaboli“
1154 4433 1183 4484 at
1202 4429 1361 4500 „Indieulua
1380 4430 1509 4499 supersti-

339 4521 443 4576 tionum
462 4525 492 4575 et
509 4519 711 4590 paganarum
731 4519 808 4586 (ssrid.
826 4535 853 4588 p.
868 4520 922 4587 19).
954 4519 998 4574 Ex
1015 4534 1071 4589 qno
1089 4523 1211 4589 apparet,
1229 4518 1429 4574 abrenuntiatio
1448 4534 1510 4573 oum

337 4609 455 4665 mbioulo
472 4624 557 4680 quarn
573 4608 774 4664 inoonsiderate
791 4624 854 4663 oum
871 4607 980 4680 synodo
991 4606 1136 4663 Liltinensi
1154 4608 1264 4662 contexi
1281 4607 1363 4663 solita
1374 4607 1418 4662 sit.
1445 4607 1510 4663 For-

339 4699 438 4753 nmlam
453 4699 530 4753 illam
548 4701 598 4752 aut
614 4711 686 4752 anno
701 4698 754 4752 712
772 4702 821 4752 aut
837 4699 902 4767 post
917 4697 1001 4768 paulo
1016 4695 1120 4752 laetam
1138 4711 1213 4766 esse,
1236 4699 1381 4750 senserunt
1397 4695 1510 4750 bibllen·

339 4783 397 4841 boll
410 4791 439 4842 et
455 4786 573 4843 Sobersr
590 4785 757 4842 Deukmiler
774 4785 921 4842 dentsobsr
937 4785 1035 4841 Poesie
1051 4785 1111 4842 und
1127 4785 1214 4842 Prusa
1230 4799 1258 4854 p.
1270 4785 1332 4840 436.
1503 4769 1525 4798 '

409 4879 434 4932 1.
457 4875 522 4932 Aet.
541 4889 587 4946 ap.
600 4875 644 4945 13,
656 4875 682 4930 2.

1256 4970 1297 5026 ps
