4342 6034
661 751 726 817 348
998 769 1184 817 urmuonsn
1208 768 1434 817 uoourrman
1459 770 1489 816 re

590 918 644 975 9⁶5
661 914 814 996 quantum
836 911 989 997 temperis
1010 910 1082 996 quis
1103 916 1247 979 nost-um
1268 915 1447 998 presentem
1462 911 1561 979 vitam
1582 911 1717 996 degeret,
1737 912 1808 979 nur

660 1047 791 1114 presens
813 1031 938 1114 tempus
960 1048 1086 1115 semper
1107 1027 1361 1112 oougemisoeret
1673 1080 1676 1087 .

750 1142 898 1209 Fratrum
920 1163 1004 1226 vero,
1028 1143 1267 1211 christianitatis
1288 1144 1416 1211 nomine
1431 1144 1599 1229 utentium,
1621 1144 1812 1231 dispartitus

662 1258 860 1343 degentium·
882 1258 1034 1326 ineffabili
1062 1264 1096 1326 et
1123 1279 1296 1345 numquam
1323 1260 1392 1327 sine
1418 1259 1558 1327 lacrimis
1585 1260 1719 1328 dieenda
1740 1280 1813 1327 oras·

661 1379 753 1441 santa
767 1375 924 1443 diseordia
945 1374 1011 1460 ille,
1031 1376 1067 1441 in
1082 1396 1146 1461 qna
1159 1380 1251 1462 pater
1265 1373 1341 1460 filie,
1358 1376 1443 1462 patri
1457 1374 1551 1459 filius,
1566 1376 1666 1443 irater
1679 1376 1766 1443 fratri
1778 1412 1813 1423 -

661 1511 726 1557 non
753 1491 825 1578 plus
848 1490 927 1558 (lain
948 1492 1030 1559 Abel
1057 1492 1225 1558 insidiatus
1253 1497 1301 1559 est
1323 1528 1365 1539 -
1390 1510 1427 1559 ao
1454 1492 1588 1578 quisque
1616 1491 1720 1559 affinis
1741 1490 1816 1559 affini

662 1606 844 1688 insidiatur3
869 1608 971 1674 omnis
994 1606 1071 1674 ordo
1095 1608 1259 1692 omnisque
1281 1608 1425 1691 ooguatio
1448 1607 1632 1675 detestatur.

751 1722 823 1789 Non
852 1729 901 1789 eat
921 1719 1007 1807 regi¹
1027 1722 1116 1789 loono
1138 1723 1277 1807 regendi.
1368 1722 1535 1810 Episoopis
1558 1744 1652 1790 suum
1674 1720 1817 1791 subtrahi-

661 1846 716 1906 tur
736 1840 953 1927 privilegium,
980 1839 1034 1924 qui
1057 1874 1100 1885 -—
1125 1840 1215 1924 quasi
1235 1838 1376 1925 pupillae
1398 1839 1527 1906 Domini
1549 1874 1592 1887 -
1616 1840 1817 1924 angariantur,

663 1957 923 2039 exterminantur,
947 1959 1164 2039 exeaeeantur,
1188 1954 1271 2021 siout
1291 1954 1345 2022 ille
1367 1960 1494 2023 sanotae
1515 1954 1717 2023 luvavensisl
1732 1954 1818 2022 aeole-

663 2074 730 2139 siae
752 2071 1005 2157 arehiepiseepns
1020 2070 1191 2137 Heroldus,
1219 2070 1280 2149 Qui
1294 2070 1445 2139 Kalendis
1459 2071 1534 2140 lde,⁰
1549 2078 1661 2159 eaptus
1686 2074 1818 2158 apatruo

662 2192 771 2255 nosne
786 2187 945 2270 Heinrioe,
968 2186 1047 2253 duee
1066 2183 1294 2270 Baioriorum²,
1317 2188 1385 2255 sine
1408 2188 1513 2275 aliquo
1535 2192 1719 2256 aauusatore
1739 2204 1819 2253 orno

660 2305 734 2371 nioo
761 2302 944 2370 exoculatus
972 2307 1005 2368 et
1030 2303 1065 2368 in
1087 2302 1237 2369 emtum*
1260 2306 1346 2391 apud
1369 2303 1526 2391 Seponam
1548 2304 1658 2371 urbem
1681 2303 1819 2387 religatus

662 2425 721 2487 est
755 2418 834 2485 Eius
858 2438 930 2484 vero
952 2418 1139 2504 parroeehia
1154 2454 1195 2467 —
1217 2440 1269 2487 res
1291 2421 1362 2488 dioo
1385 2420 1625 2503 aeclesiasticos,
1647 2421 1777 2507 iusuper
1795 2422 1821 2485 et
1909 2435 1910 2497 j

663 2536 770 2602 sedem
793 2554 884 2600 suam
900 2533 1099 2601 -vassallis
1123 2536 1238 2622 prelati
1260 2536 1348 2603 dueis
1371 2536 1540 2604 distributa
1562 2555 1630 2604 esse
1647 2536 1821 2617 diuosoitur,
1909 2574 1910 2613 3

663 2656 696 2718 et
723 2672 744 2717 a
768 2650 898 2737 proprio
927 2656 1031 2717 tutore
1057 2650 1119 2716 huo
1146 2671 1245 2736 usque
1267 2653 1422 2739 privatur.
1456 2652 1528 2719 Non
1550 2646 1748 2740 personam⁸,
1775 2648 1822 2717 sed
1909 2692 1910 2697 κ

661 2768 781 2834 laetum
803 2786 925 2834 aoeuso.
1014 2766 1089 2833 Dux
1112 2786 1277 2854 eomosque
1300 2770 1457 2856 episcopi,
1481 2770 1647 2856 episeopus
1669 2768 1759 2835 duds
1779 2786 1823 2832 oo·
1909 2808 1910 2813 κ

662 2884 813 2969 mitisque
834 2883 896 2950 sibi
917 2903 1047 2971 operam
1069 2884 1218 2951 vindicat

752 3000 823 3067 Non
846 3005 895 3067 est
916 2999 1060 3084 aeclesia,
1084 3000 1160 3086 quin
1184 3000 1290 3085 aliquo
1312 3000 1400 3069 laesa
1421 3001 1472 3068 sit
1507 3000 1600 3069 Modo
1622 3007 1765 3068 nostram
1787 3031 1821 3045 -
1909 3076 1910 3081 ,

664 3136 744 3202 quae
765 3118 813 3183 ita
834 3136 855 3181 a
877 3117 989 3183 vestris
1011 3117 1191 3203 nostrisque
1213 3114 1480 3185 antecessoribus⁴
1495 3124 1528 3185 et
1548 3118 1613 3184 iam
1630 3118 1822 3204 predeeoaso·
1909 3156 1910 3165 1

662 3233 751 3300 ribus
774 3238 807 3299 et
827 3252 959 3299 numero
981 3237 1015 3299 et
1035 3232 1137 3299 limite
1160 3238 1209 3299 est
1231 3233 1448 3319 determinata,
1474 3239 1520 3319 ut,
1544 3235 1588 3301 si·
1611 3234 1683 3319 quis
1702 3228 1822 3318 augero'

663 3348 756 3432 velit,
778 3368 843 3414 non
866 3352 972 3432 egeat,
996 3348 1024 3413 si
1046 3349 1204 3433 minuere,
1227 3349 1332 3415 minus
1355 3350 1438 3415 iusto
1462 3369 1531 3417 esse
1553 3348 1698 3417 rideatur
1722 3384 1763 3397 -
1784 3348 1822 3413 lo

663 3464 737 3531 dere
764 3463 946 3529 moliuntur.
985 3462 1121 3549 Culpam
1147 3464 1270 3531 iustitia
1296 3465 1533 3551 pretendentes,
1568 3466 1672 3549 aiunt,
1701 3466 1736 3532 id
1762 3462 1823 3531 ieri

663 3599 760 3648 eausa
785 3579 1008 3667 propagandae
1035 3579 1284 3647 christianitatis.
1324 3579 1387 3647 Sed
1415 3582 1529 3666 miror,
1559 3602 1639 3667 quae
1666 3580 1822 3649 eonvonlio

664 3696 782 3765 Christi
802 3696 847 3762 sit
868 3694 910 3761 ad
930 3691 1057 3778 Belial‘,
1089 3695 1164 3781 quid
1186 3696 1303 3783 predae
1326 3696 1366 3763 ad
1389 3696 1609 3781 elemosinam,
1636 3696 1713 3783 quid
1733 3694 1823 3763 mule
1909 3714 1910 3773 r

664 3813 811 3879 diationis
833 3811 875 3877 ad
896 3810 1155 3878 benedictionem.
1190 3810 1260 3878 Huo
1274 3812 1395 3879 aeoedit
1409 3818 1533 3879 rsonae
1547 3814 1743 3881 austeritatis
1758 3811 1823 3879 sun

664 3924 824 4014 seriptio⁸,
854 3946 935 4012 quae
956 3930 1085 3992 sanetae
1106 3926 1307 4011 Mogontinas
1329 3928 1479 3995 aeoolasie
1501 3928 1660 4013 miniique
1680 3928 1744 3995 tale
1764 3927 1824 4015 pri·

664 4044 813 4129 vilegium
836 4042 988 4109 instituit:
1010 4056 1056 4124 ut,
1079 4047 1111 4109 ei
1131 4049 1202 4131 par'e
1225 4068 1294 4113 eom
1308 4046 1416 4132 alioue
1431 4046 1548 4111 donoro
1564 4047 1624 4111 dae
1638 4048 1743 4113 duddo
1757 4045 1825 4111 uelit

666 4163 850 4249 depredari,
879 4164 949 4247 ipre
974 4162 1160 4247 depromar
1183 4175 1226 4242 et,
1254 4165 1321 4227 nasi
1347 4164 1527 4248 respirent,
1556 4175 1682 4229 aomo
1707 4161 1823 4229 υὺιοιιὶο

665 4278 890 4344 arndeonem
900 4278 1075 4364 apostoliea
1090 4290 1258 4364 paupertate
1272 4278 1531 4365 oirmnmlla'yato,
1544 4282 1597 4344 eoi
1605 4292 1744 4367 potestas
1755 4280 1825 4343 dara

735 4432 756 4464 a
775 4422 810 4466 εἰσ
829 4430 863 4466 m
882 4424 909 4477 inn
925 4422 977 4467 cod
994 4428 1113 4466 correctum
1130 4418 1252 4477 degantilu.
1336 4418 1359 4465 lo.
1379 4418 1510 4465 luvavousls
1527 4422 1553 4467 ι’.
1635 4434 1656 4467 e.
1677 4418 1716 4468 lli
1729 4424 1755 4469 c.
1777 4420 1822 4467 ro·

660 4508 739 4559 perer,
759 4510 831 4546 utrum
845 4500 922 4548 uerti
942 4518 974 4547 nn
989 4500 1044 4547 nteit
1064 4500 1182 4563 legendum
1202 4502 1240 4546 rit.
1318 4498 1341 4545 d.
1364 4502 1399 4547 εἰσ
1419 4508 1452 4545 ert
1472 4502 1495 4546 r'n
1514 4500 1566 4547 aad.
1582 4512 1701 4550 mortu
1716 4500 1822 4549 tullium.

665 4594 685 4625 a.
706 4579 727 4627 si
743 4580 836 4627 addidi.
913 4580 929 4627 l.
949 4582 1042 4638 angeret
1058 4584 1084 4629 c.
1162 4593 1183 4638 g.
1203 4582 1295 4627 aeterno
1315 4602 1339 4609 -
1357 4577 1507 4625 mathematis
1522 4596 1565 4626 om.
1578 4583 1604 4628 c.

736 4686 761 4738 1.
785 4683 916 4740 OttoniL
1005 4682 1663 4755 2.Heinrieel,ffliofleinriei1regis,fratro
1681 4680 1821 4751 Ottonis13

665 4772 713 4842 qui
731 4773 789 4828 dux
806 4772 875 4829 obiit
891 4772 936 4827 die
954 4774 970 4827 1
988 4772 1057 4829 Nor.
1077 4774 1138 4829 955.
1211 4770 1542 4829 numerusnumerous.
1624 4774 1652 4830 4.
1675 4776 1821 4845 praecepto

664 4860 749 4917 ribus.
839 4863 864 4916 5.
887 4860 1133 4931 tcorinth.6,15.
1223 4864 1248 4917 6.
1268 4862 1302 4919 V.
1321 4862 1512 4933 sapuerat?
1530 4862 1632 4931 post.
