4342 6034
587 783 615 832 s.
631 783 809 832 normann
829 785 874 832 sn
896 784 1000 834 uuum
1020 785 1209 835 nemaeum
1240 787 1270 835 aa
1451 769 1515 836 159

352 922 433 990 bores
455 927 488 991 et
507 943 636 1011 pugnae
656 922 843 994 forasticae¹
863 925 1012 993 videntur
1033 947 1112 994 esse.
1148 926 1265 994 Immo·
1280 947 1366 1010 vero,
1389 927 1548 1011 quandoe.
1560 935 1684 994 rea-746

351 1038 472 1122 quiade
495 1041 616 1123 gremio
638 1041 750 1108 matris
774 1040 924 1109 ecclesiae
947 1043 1103 1128 presbiter
1124 1041 1175 1110 vel
1197 1041 1358 1126 diaconus,
1382 1041 1514 1110 clericus

349 1154 394 1220 vel
413 1155 584 1222 monacbus
606 1155 758 1223 disceditb
782 1176 802 1222 a
823 1155 886 1223 fide
908 1162 941 1224 et
962 1158 1113 1242 scutato,
1142 1163 1209 1224 turn
1234 1158 1346 1224 deinde
1369 1178 1514 1244 prorum-

349 1275 436 1356 punt·
456 1290 531 1337 cnm
558 1273 692 1358 paganis
718 1272 753 1338 in
780 1273 987 1340 contumelias
1015 1273 1154 1340 filiorum
1183 1273 1341 1340 ecclesiae.
1388 1273 1432 1340 Et
1454 1275 1516 1340 erit

348 1386 535 1454 obstaculum
556 1387 748 1456 horrendum
770 1388 933 1472 euangelio
956 1389 1076 1473 gloriae
1100 1389 1228 1456 Christi.

426 1501 475 1570 De
502 1502 554 1568 bis
581 1523 719 1589 namquo
740 1503 901 1589 omnibus,
931 1510 968 1571 ut
989 1506 1058 1572 sinc
1081 1505 1271 1572 detrimento
1295 1505 1419 1572 animae
1443 1525 1514 1572 our·

349 1637 410 1682 snm
429 1619 618 1686 ministeriid
640 1620 743 1686 nostri
764 1619 899 1707 implere
920 1622 1096 1707 possimus,
1119 1613 1288 1708 inprimis
1311 1621 1513 1708 paternitatis
1580 1701 1591 1718 Α

348 1738 460 1801 rabac
487 1735 575 1821 apud
597 1733 700 1802 Deum
726 1735 986 1802 intercessionem
1009 1737 1200 1822 quaerimus.
1246 1735 1290 1802 Et
1312 1737 1433 1802 intimis
1456 1757 1514 1822 per

348 1846 441 1916 Deum
461 1849 665 1918 obsecramus
687 1849 844 1936 precibus,
866 1853 915 1918 nti
933 1873 992 1939 pro
1008 1851 1098 1918 nobis
1113 1851 1307 1920 intercedere
1322 1851 1512 1935 dignemini:

346 1970 378 2030 ut
395 1966 465 2052 pius
486 1965 704 2034 laborantium
725 1967 905 2034 consolator
926 1967 1013 2035 Deus
1035 1967 1119 2034 inter
1141 1966 1222 2034 tales
1243 1967 1386 2034 turbines
1410 1967 1513 2034 diver·

346 2099 444 2148 sunm
465 2101 636 2150 causarum
657 2083 780 2150 animas
801 2087 928 2150 nostras
948 2083 1067 2150 inlesus
1090 2089 1122 2150 et
1144 2104 1238 2151 sanas
1262 2103 1282 2150 a
1304 2081 1442 2169 peccatis
1460 2101 1514 2148 cu-

346 2196 455 2266 stodire
476 2198 636 2282 dignetur.

423 2313 474 2380 De
508 2314 694 2401 supradicta
728 2320 835 2383 autem
870 2315 1029 2382 dictorum
1063 2313 1262 2382 sacerdotnm
1294 2313 1514 2381 communione

345 2427 477 2497 salubre·
500 2430 670 2498 comilium
694 2436 837 2498 veebum
866 2431 975 2498 audire
1002 2435 1036 2498 et
1062 2429 1214 2498 exaudire
1242 2429 1402 2496 inhianter
1430 2429 1514 2496 deei-

346 2544 421 2611 dero.
456 2545 551 2612 Sine‘
569 2547 746 2633 patrocinio
769 2547 924 2634 principis
938 2546 1135 2614 Francorum
1157 2565 1217 2614 noc
1239 2545 1393 2634 populum
1416 2546 1514 2614 eccle-

346 2661 403 2728 siac
427 2682 542 2746 regere
567 2682 627 2730 noc
651 2663 844 2750 presbiteros
866 2663 917 2730 vel
940 2663 1085 2748 clericos,
1116 2661 1286 2729 monachos
1309 2662 1360 2729 vel
1383 2662 1514 2730 ancillae

345 2774 399 2842 boi
418 2777 608 2846 defendere⁸
629 2799 777 2866 possum3
799 2799 859 2846 nec
879 2779 968 2866 ipsos
986 2797 1185 2866 paganorum
1204 2777 1285 2844 ritus
1301 2783 1334 2846 et
1348 2778 1515 2863 sacrilegia

344 2891 492 2962 idolorum
521 2895 556 2960 in
579 2892 751 2962 Germania
777 2895 847 2962 sine
874 2895 960 2962 illius
983 2894 1132 2961 mandato
1156 2899 1188 2960 ot
1209 2893 1324 2960 timore
1346 2893 1514 2980 prohibere

345 3008 434 3076 valeo.
469 3009 553 3077 Cum
575 3017 683 3078 autem
705 3011 747 3077 ad
767 3011 869 3096 illum,
891 3011 932 3078 de
953 3010 1042 3077 istis¹²
1058 3010 1162 3100 causis
1178 3009 1332 3076 auxilium
1348 3029 1513 3094 quaerens,

345 3144 529 3212 pauonem,
557 3147 577 3194 a
604 3126 717 3194 talium
739 3127 959 3194 commuuione
982 3125 1140 3194 abstinero
1162 3126 1312 3193 canonice
1334 3123 1513 3193 nullatenus

346 3243 547 3330 corporaliter
574 3263 722 3330 possum,
750 3242 815 3310 nisi
838 3247 963 3310 uncum
986 3263 1006 3309 a
1027 3261 1183 3309 consensu
1204 3225 1341 3308 illorum‘.
1431 3239 1513 3307 Nam

347 3375 397 3440 ego
418 3357 458 3426 de
480 3358 540 3426 illa
560 3359 781 3426 communione
803 3359 930 3446 culpam
951 3360 1058 3426 timeo.
1106 3355 1187 3436 Quia
1209 3357 1328 3442 recolo,
1354 3377 1406 3424 mo
1429 3356 1513 3423 ordi·

346 3474 476 3542 nationis
497 3495 590 3542 meae
608 3480 752 3561 tempore
771 3475 863 3542 iuxta
876 3479 1081 3562 praeceptum
1096 3470 1258 3558 Gregorii'
1273 3491 1376 3560 papae
1390 3473 1513 3540 iurasse

346 3587 528 3679 incorpore
549 3591 651 3658 sancti
666 3590 769 3658 Petri:
792 3591 905 3658 talium
928 3590 1180 3658 communionem
1203 3609 1255 3655 me
1272 3587 1512 3674 declinaturum,

347 3705 444 3774 sieos
467 3707 509 3774 ad
532 3707 619 3774 viam
640 3707 825 3774 canonicam
847 3711 1029 3774 convertere
1051 3701 1276 3792 nequiverim.
1351 3702 1408 3771 Set
1423 3705 1512 3770 itemi

346 3821 435 3890 timeo
457 3821 582 3907 rnragisk
601 3823 754 3890 damnum
767 3823 807 3890 de
822 3823 1066 3910 praedicatione,
1090 3843 1185 3908 quam
1202 3820 1326 3908 populis
1341 3819 1513 3908 inpendere

347 3936 448 4024 debeo,
471 3941 501 4006 si
523 3938 564 4006 ad
584 3938 763 4026 principem
778 3938 973 4006 Francorum
993 3958 1059 4006 non
1079 3957 1205 4006 venero.
1273 3937 1323 4004 De
1344 3936 1414 4002 ietis
1437 3935 1514 4022 quid

346 4057 516 4138 paternitas
537 4060 645 4123 restra
670 4055 756 4122 tristi
784 4060 817 4123 et
844 4054 1004 4122 dubitanti
1030 4053 1096 4120 filio
1125 4053 1293 4120 decernere
1320 4057 1352 4119 et
1373 4052 1513 4119 iudicare

348 4174 377 4234 et
387 4171 541 4239 mandare
556 4171 597 4237 ad
612 4170 779 4238 consilium
793 4170 938 4255 voluerit,
961 4169 1103 4236 iudicare
1117 4169 1299 4252 dignemini.
1334 4167 1413 4236 Mihi
1428 4168 1511 4234 enim

346 4287 481 4354 maxima
502 4308 543 4355 ex
564 4293 657 4374 parto
680 4286 720 4353 ab
742 4285 808 4354 illis
831 4289 1013 4372 segregatus
1036 4305 1106 4354 csso
1122 4283 1242 4369 videor,
1265 4285 1293 4350 si
1316 4284 1356 4351 ab
1379 4283 1442 4350 illie
1457 4305 1512 4350 vo-

412 4469 434 4502 ι
454 4455 524 4502 lmmo
543 4456 628 4516 ισῷιί
643 4471 686 4515 pro
701 4454 778 4502 latim
797 4455 867 4502 codd.
879 4457 938 4510 HC,
959 4471 1019 4516 quoe
1032 4471 1080 4500 uox
1096 4450 1200 4511 (Intimi)
1215 4468 1284 4498 manu
1297 4455 1421 4511 portmbre
1437 4455 1460 4498 r'n
1475 4449 1512 4498 ln·

347 4531 398 4580 on·
415 4545 536 4582 mun
555 4545 590 4582 m
609 4537 633 4581 ta
650 4535 678 4582 7.
755 4533 779 4580 b.
799 4535 824 4580 et
839 4533 897 4580 add.
913 4533 941 4580 V.
1018 4545 1039 4579 c.
1059 4535 1211 4593 prorumpunt
1229 4533 1313 4590 scripu·
1325 4547 1368 4590 pro
1384 4529 1512 4590 prorumpit

348 4614 413 4660 cdd.
428 4617 506 4664 HCV.
581 4613 606 4662 d
629 4613 756 4673 ninyatcrii
771 4616 807 4660 11.
884 4627 905 4658 e.
927 4611 1032 4660 tdubm
1050 4613 1077 4660 V.
1155 4611 1171 4658 f.
1195 4610 1253 4658 Nm
1273 4609 1367 4658 addidit
1387 4618 1440 4656 aare
1462 4609 1512 4656 sine

350 4693 577 4743 ⁸1⁸¹·bi-
659 4695 798 4752 gom!-
882 4691 1037 4751 dipsium
1122 4689 1511 4738 lscditemnddalr'nawr

349 4772 688 4830 ‘thurstinum-C.
765 4771 1047 4820 beon-bullul-

415 4877 440 4932 1.
463 4877 576 4934 menae.
664 4875 749 4932 211.
837 4875 866 4932 8.
882 4875 918 4934 V.
936 4889 1021 4946 supra
1037 4871 1169 4931 Bonifatii
1185 4873 1368 4930 iuramentum
1385 4887 1413 4942 p.
1427 4871 1470 4926 77.
