4342 6034
646 772 709 840 148
871 789 898 837 s.
915 791 1092 839 nosrssrrr
1113 793 1157 839 nr
1179 793 1281 839 nunu
1303 791 1490 840 nrrsronan
1514 791 1590 838 saer

557 937 611 993 745
688 931 721 998 ÷
735 929 938 1016 Eustathius,
969 932 1097 999 humilis
1127 933 1283 1020 presbiter
1307 939 1434 1000 sanctae
1456 932 1616 1000 Romanae
1639 929 1819 1015 aecclesiae,

536 1009 627 1059 Μ
644 1047 693 1114 his
717 1048 814 1130 gestis
837 1052 932 1132 atque
955 1050 1130 1115 sententiae
1154 1069 1173 1114 a
1195 1049 1285 1115 nobis
1308 1047 1516 1136 promulgatis
1540 1047 1737 1136 subscripsit

685 1163 718 1229 ÷
731 1162 920 1250 Procopius,
949 1164 1098 1248 indignus
1128 1164 1285 1250 presbiter
1313 1171 1441 1232 sanctae
1463 1165 1623 1232 Romanae
1647 1163 1819 1231 aecclesiae

644 1278 729 1344 tituli
753 1279 854 1345 sancti
876 1279 1013 1366 Gyriaoi,
1036 1279 1085 1346 his
1110 1281 1207 1364 gestis
1232 1287 1325 1366 atque
1348 1281 1522 1348 sententiae
1538 1279 1662 1346 anobis
1681 1278 1821 1366 promul·

644 1395 726 1478 gatis
750 1395 948 1482 subscripsit.

647 1580 708 1649 51.
731 1583 910 1648 Zachariae
932 1607 1026 1670 papa
1049 1583 1251 1668 nonnarum
1275 1586 1440 1667 confirmat
1462 1584 1701 1651 stomachatur.
1737 1583 1822 1650 Acta

732 1701 849 1784 synodi
879 1703 914 1764 in
942 1699 1143 1764 Francorum
1174 1703 1341 1785 provincia
1375 1701 1500 1765 buddae
1532 1699 1657 1786 probat.
1706 1697 1822 1764 Sedem

731 1815 1008 1901 metropolitanam
1031 1819 1061 1880 ei
1082 1814 1231 1880 Coloniae
1253 1819 1451 1882 constitutam
1470 1816 1641 1898 construunt.
1677 1813 1731 1878 De
1746 1835 1821 1878 can·

732 1934 904 1994 aemauone
927 1944 955 1995 et
977 1931 1163 2016 baptismate
1184 1953 1243 2018 per
1255 1931 1364 2016 falam
1387 1933 1561 1996 sacerdotes
1567 1931 1671 2015 factis
1678 1952 1689 2006 ‚·
1712 1930 1752 1994 de
1768 1951 1821 1994 aa·

732 2047 907 2110 carnotibus
930 2047 1073 2122 deiectam
1097 2049 1134 2111 de
1156 2050 1222 2111 auia
1240 2049 1284 2112 ud
1298 2047 1498 2112 Francorum
1512 2048 1676 2132 principes
1692 2045 1805 2110 litteris
1810 2069 1821 2122 ;

734 2163 772 2225 de
801 2161 1002 2226 Francorum
1035 2184 1145 2238 cenau3
1180 2165 1218 2226 de
1246 2165 1366 2250 synodo
1397 2163 1562 2238 Romana·
1597 2163 1635 2226 de
1665 2157 1820 2228 Geoleobo

735 2280 898 2362 epucop03
927 2279 966 2342 dc
994 2279 1126 2342 concilia
1155 2281 1190 2342 in
1212 2279 1412 2346 Francorum
1437 2281 1605 2365 provincia
1628 2289 1705 2364 quot
1726 2280 1821 2342 annae

735 2395 884 2477 apendo'.
1436 2391 1471 2472 (S
1490 2395 1563 2476 138,
1587 2391 1626 2458 W
1644 2393 1697 2475 70,
1720 2389 1750 2458 G
1766 2393 1821 2474 60)

561 2541 613 2594 745
734 2523 1000 2592 Reverentissimo
1033 2531 1065 2592 et
1098 2526 1296 2594 sanctissimo
1326 2527 1418 2594 fratri
1446 2525 1604 2594 Bonifatio
1633 2525 1821 2612 coepiscopo

539 2613 628 2659 (Μ
645 2639 814 2706 Zacharias
838 2661 947 2708 servus
970 2661 1133 2708 servorum
1156 2641 1225 2710 Dei.

735 2755 813 2822 Cum
847 2757 938 2824 nobis
972 2758 1170 2824 sanctissime
1203 2759 1413 2824 fraternitatis
1446 2762 1519 2824 tuae
1548 2756 1688 2844 syllabae
1716 2755 1821 2824 delate

645 2872 780 2940 fuissent
802 2878 897 2959 atque
919 2893 977 2960 per
999 2873 1125 2958 singula
1146 2874 1244 2958 relegi
1265 2874 1448 2958 fecissemus
1472 2879 1504 2940 et
1521 2873 1773 2960 repperissemus
1789 2873 1822 2940 in

645 2989 817 3056 earundem
838 2989 1017 3056 litterarum
1040 2995 1165 3058 tuarum
1186 2991 1277 3074 cerie,
1301 2990 1394 3074 quod,
1417 2990 1554 3077 peccatis
1570 2989 1687 3056 nostris
1702 2989 1822 3056 facien·

644 3105 739 3188 tibus,
764 3105 840 3170 dum
862 3105 1011 3170 dominici
1033 3107 1132 3172 tritici
1150 3107 1272 3172 semina
1288 3125 1453 3190 quaereres
1470 3105 1631 3172 elaborare
1647 3105 1688 3172 ad
1703 3125 1822 3190 angen·

645 3220 720 3285 dam
743 3226 882 3304 segetem
905 3221 1092 3306 spiritalem,
1120 3221 1224 3288 subito
1247 3221 1367 3288 inimici
1390 3222 1646 3308 superseminant
1669 3221 1795 3288 zizania
1804 3217 1820 3304 ¹,

645 3341 681 3400 nt
709 3337 910 3402 sanctitatem
938 3341 1027 3403 tuam
1054 3337 1193 3404 inbono
1216 3357 1311 3424 opere
1333 3337 1525 3424 impediant3
1555 3337 1611 3404 sed
1633 3341 1689 3404 tua
1711 3342 1823 3404 sancta

645 3451 827 3518 fraternitas
849 3453 1045 3518 incessanter
1068 3453 1204 3518 orationi
1226 3454 1324 3520 instet
1345 3455 1465 3540 pariter
1487 3473 1558 3520 cum
1580 3452 1743 3538 fratribus,
1767 3453 1822 3538 qni

646 3586 752 3634 secum
774 3567 930 3652 laborant,
953 3573 986 3634 et
1007 3569 1166 3654 spiritales
1190 3569 1328 3636 sarculos
1352 3575 1536 3636 construens
1560 3575 1591 3635 et
1608 3569 1733 3636 zizania
1749 3589 1820 3636 era·

647 3683 772 3751 dicensb
795 3685 941 3770 deportet
968 3684 1009 3750 ad
1036 3684 1287 3769 conburendum,
1315 3691 1352 3752 ut
1380 3685 1491 3752 beatus
1521 3683 1691 3770 Gregorius
1719 3705 1820 3772 papa:

646 3802 774 3866 Bonum
802 3800 906 3885 inquit
933 3823 1012 3888 opus
1040 3802 1128 3867 cobis
1151 3805 1192 3868 eit
1214 3806 1248 3867 iu
1270 3803 1444 3880 octontuta
1471 3825 1548 3867 nam
1571 3825 1608 3868 eu
1630 3804 1739 3868 diuino
1763 3806 1823 3868 erit

647 3919 806 3982 adiutorio
829 3919 864 3981 in
884 3918 1084 4004 perfectione.
1121 3917 1180 3982 His
1199 3918 1246 3982 ita
1263 3937 1296 3983 se
1311 3917 1510 4002 habentibus,
1534 3917 1697 3984 carissime
1710 3917 1820 4002 frater,

646 4032 824 4098 confortare
846 4033 880 4098 in
902 4031 1050 4117 Domino,
1074 4038 1107 4099 et
1128 4033 1197 4120 ipse
1221 4033 1282 4098 erit
1304 4033 1429 4099 adiutor
1451 4037 1534 4099 tuns.

734 4147 784 4214 De
805 4148 985 4215 incursione
1009 4154 1116 4215 autem
1138 4149 1295 4232 gentium,
1325 4169 1405 4234 quae
1427 4149 1460 4215 in
1483 4149 1547 4214 tuis
1569 4147 1714 4236 plebibus
1737 4147 1822 4216 facta

647 4269 705 4347 est,
728 4263 912 4330 merendum
934 4265 1026 4332 nobis
1050 4271 1107 4332 est.
1149 4264 1211 4332 Sed
1234 4265 1311 4331 haec
1334 4265 1508 4332 adversitas
1530 4265 1710 4332 nullatenus
1733 4269 1821 4330 tuam

646 4380 876 4446 fraternitatem
899 4381 1074 4448 conturbet.
1110 4381 1191 4460 Quia
1213 4387 1245 4448 et
1259 4380 1401 4448 Romana
1423 4381 1535 4448 civitas
1552 4401 1592 4448 ex
1607 4380 1821 4448 accidentibus

646 4495 839 4563 facinoribus
869 4496 975 4582 sepius
1003 4502 1052 4564 est
1074 4495 1280 4584 depopulata,
1312 4501 1470 4564 ettamen
1494 4497 1740 4584 omnipotentia·
1763 4517 1822 4564 sua

720 4643 741 4675 ι.
761 4647 790 4674 ex
807 4632 834 4676 Μ
850 4630 999 4684 tta-390,
1021 4631 1166 4678 025-28·
1194 4632 1247 4680 Sine
1263 4631 1364 4676 lemmate
1382 4633 1421 4687 M5
1442 4629 1494 4678 Alit
1509 4631 1538 4678 dc
1555 4629 1684 4678 Gaviltobo
1701 4631 1724 4678 ei
1740 4631 1821 4678 estem

648 4709 773 4755 abiciendis
798 4711 821 4755 et
844 4709 971 4769 Agrippina
992 4710 1126 4770 metropoli,
1149 4709 1174 4757 id
1198 4713 1234 4757 eat
1255 4709 1348 4758 Colonia
1370 4713 1396 4758 C.
1490 4709 1513 4757 b.
1537 4728 1594 4758 cerr.
1609 4713 1633 4758 iu
1654 4709 1773 4758 eradicans
1795 4711 1820 4757 C.

635 4802 668 4835 -ο,
687 4789 790 4850 potentia
806 4791 833 4837 C.

720 4887 744 4938 1.
770 4881 812 4939 or.
830 4883 927 4940 naeth.
941 4885 983 4954 13,
996 4886 1038 4939 aa.
