4342 6034
651 758 714 825 192
899 774 926 822 s.
942 774 1120 823 normann
1142 774 1186 821 nr
1208 774 1311 821 nunu
1333 772 1521 821 maronae
1542 772 1573 820 ae

565 924 617 1009 748
738 915 813 982 Alia
827 916 962 1002 denique
977 916 1097 1002 scripta
1111 921 1185 981 tuae
1198 915 1407 981 fraternitatis
1422 914 1641 981 continebant:
1659 912 1820 997 quodiam

555 996 630 1043 ΗΜ
650 1033 726 1098 olim
749 1033 788 1099 de
810 1031 991 1118 Agrippina
1012 1032 1140 1098 civitate
1163 1031 1330 1116 scripsisti,
1353 1031 1438 1115 quod
1459 1029 1573 1096 Franci
1596 1048 1660 1095 uon
1675 1048 1820 1115 perseve-

648 1154 800 1214 ravemnt
820 1148 854 1213 in
877 1148 983 1231 verbo,
1007 1146 1091 1231 quod
1112 1147 1341 1233 promiserunt3
1365 1152 1398 1212 et
1418 1164 1503 1212 nunc
1524 1150 1667 1211 moratur
1687 1149 1747 1210 tua
1760 1144 1822 1209 fra·

650 1264 783 1331 ternitas
810 1264 843 1329 in
866 1263 993 1329 civitate
1015 1261 1204 1345 Magantia·.
1250 1257 1381 1328 Petisti¹
1404 1266 1525 1327 comm:
1555 1266 1592 1326 nt
1619 1280 1692 1326 cum
1715 1266 1821 1326 noeto

650 1378 795 1445 consultu
817 1400 874 1465 pro
890 1378 1139 1469 ,superveniente
1161 1378 1221 1443 tibi
1243 1382 1405 1444 senectute
1427 1380 1460 1442 et
1481 1376 1577 1463 plena
1598 1376 1725 1443 dierum
1740 1382 1822 1442 etate

651 1502 745 1579 atque
771 1494 976 1561 inbecillitate
1003 1493 1162 1580 corporis,
1191 1498 1227 1559 ιιι
1253 1493 1282 1558 si
1303 1492 1446 1559 invenire
1474 1492 1616 1578 potueris
1647 1492 1762 1575 alium,
1790 1492 1822 1557 iu

651 1610 759 1678 eadem
783 1610 886 1693 seder,
909 1610 943 1676 in
966 1630 1028 1694 qua
1049 1628 1177 1695 praees,
1200 1628 1259 1695 pro
1280 1608 1329 1674 tui
1351 1627 1487 1694 persona
1509 1606 1624 1673 debeas
1652 1607 1822 1688 collocare3

650 1732 685 1792 tu
708 1746 792 1809 vero,
816 1726 991 1809 carissime,
1014 1724 1137 1808 legatus
1160 1730 1193 1791 et
1215 1724 1330 1791 missus
1345 1734 1443 1807 esse⁶‚
1467 1728 1503 1789 ut
1522 1722 1622 1806 fuisti,
1645 1722 1732 1790 sedis
1747 1743 1822 1809 ape·
1929 1805 1930 1810 ἵ

649 1841 789 1909 stolicae.
823 1840 888 1908 Nos
911 1860 986 1907 vero
1015 1841 1159 1907 adiutore
1181 1840 1249 1907 Deo
1272 1838 1439 1905 consilium
1460 1838 1650 1925 praebemus
1672 1844 1749 1929 tuae
1771 1859 1821 1905 re-
1929 1829 1930 1834 ’

650 1958 786 2025 verende
809 1957 986 2023 sanctitati:
1017 1961 1054 2022 ut
1080 1976 1140 2043 pro
1163 1955 1265 2023 salute
1288 1956 1465 2023 animarum
1494 1954 1734 2021 rationabilium
1753 1955 1824 2021 fan-
1929 1991 1930 1994 =

649 2080 718 2141 tore
740 2074 866 2140 Christo
890 2072 1007 2156 sedem,
1032 2092 1128 2157 quam
1150 2072 1290 2157 obtines,
1312 2077 1441 2139 sanctae
1462 2068 1682 2154 ldragoutinaed
1704 2070 1824 2137 aeecle-

650 2192 716 2257 siae
737 2208 938 2274 nequaquam
959 2187 1134 2273 relinquam
1157 2193 1194 2254 ut
1214 2188 1384 2274 impleatur
1404 2187 1440 2253 iu
1462 2191 1494 2253 te
1517 2186 1710 2253 dominicum
1731 2207 1825 2274 prae·

650 2311 793 2392 ceptum:
831 2305 897 2387 Qui
919 2308 1167 2391 perseveraverit
1192 2328 1291 2391 usqae
1318 2309 1355 2371 in
1375 2305 1491 2389 fircera,
1520 2304 1571 2369 bie
1599 2304 1706 2368 soleae
1736 2300 1823 2369 erit'.
1929 2277 1930 2326 ἶ

652 2420 708 2488 Sin
732 2440 821 2504 vero,
851 2420 879 2485 si
902 2419 1057 2486 Dominus
1085 2419 1209 2486 dederit
1230 2420 1321 2487 iuxta
1342 2425 1431 2486 tuam
1454 2418 1640 2506 petitionem
1662 2418 1826 2487 homiuem

650 2537 834 2624 perfectum,
858 2536 912 2620 qui
934 2536 1037 2621 possit
1059 2534 1302 2603 sollicitudiuem
1324 2536 1439 2603 babere
1462 2540 1494 2601 et
1516 2554 1625 2600 curam
1647 2554 1707 2621 pro
1722 2534 1828 2601 salute
1929 2625 1930 2628 Ἴ

651 2654 845 2736 animarum,
874 2672 932 2737 pro
955 2652 1003 2717 tui
1024 2671 1162 2739 persona
1182 2651 1273 2717 illum
1295 2651 1456 2718 ordinabis
1477 2650 1677 2737 episcopum3
1701 2651 1828 2736 eritque
1929 2693 1930 2712 2

650 2770 683 2835 in
707 2768 871 2851 euangelio
894 2767 954 2835 tibi
976 2768 1097 2835 credito
1120 2772 1153 2834 et
1173 2768 1349 2835 ministerio
1365 2767 1485 2834 Christi
1498 2766 1671 2853 portando·
1686 2767 1723 2832 in
1739 2768 1828 2833 omui

650 2884 719 2951 loco
742 2884 905 2970 requirens
930 2888 962 2950 et
984 2884 1165 2950 confortans
1188 2884 1373 2951 aecclesiam
1396 2882 1467 2949 Dei.
1557 2882 1693 2949 Oramus
1717 2883 1828 2968 itaque

651 3000 812 3067 dominum
836 3006 868 3067 et
896 3000 1131 3086 redemptorem
1158 3004 1318 3083 nostrum,
1346 3005 1384 3065 ut
1411 2999 1510 3065 sacris
1538 2999 1828 3066 interventionibus

650 3122 778 3183 sanctae
800 3136 875 3182 suae
898 3115 1065 3199 genetricis
1089 3134 1214 3202 semper
1236 3114 1368 3197 virginis
1385 3114 1505 3181 Mariae
1528 3113 1674 3180 dominae
1695 3120 1829 3182 norbae

651 3238 683 3299 et
705 3232 867 3299 beatorum
891 3231 1070 3317 principum
1094 3230 1309 3317 apostolorum
1323 3228 1412 3296 Petri
1433 3250 1471 3296 ao
1484 3229 1577 3296 Pauli
1599 3235 1746 3297 orantem
1769 3250 1829 3318 pro

650 3347 741 3413 nobie
764 3348 939 3413 fraternam
962 3348 1162 3413 sanctitatem
1188 3352 1276 3412 tuam
1306 3346 1447 3433 sospem‘
1474 3352 1508 3413 et
1533 3345 1723 3413 incolomem
1752 3366 1830 3413 eon·

651 3483 777 3530 eervare
800 3463 956 3547 dignetur.
996 3462 1083 3529 Deus
1107 3467 1139 3529 te
1160 3462 1349 3529 incolomem
1373 3462 1546 3546 custodiat,
1568 3462 1831 3531 reverentissime

652 3583 684 3645 et
712 3579 911 3646 sanctissime
939 3580 1045 3646 irater.
1093 3578 1180 3644 Data
1206 3578 1357 3646 Kalendis
1380 3578 1474 3663 Maii,
1502 3580 1679 3665 imperante
1709 3578 1830 3647 domno

651 3695 794 3781 piissimo
823 3700 955 3780 augusto
984 3694 1192 3761 Constantino
1216 3716 1236 3761 a
1257 3695 1325 3762 Deo
1355 3700 1503 3761 coronato
1531 3704 1664 3779 magno*
1692 3695 1830 3779 pacifico

650 3812 842 3898 imperatore
870 3832 953 3877 anuo
982 3812 1132 3879 vicesimo
1161 3830 1260 3896 nouo,
1294 3818 1368 3898 post
1394 3811 1611 3879 consulatum¹¹
1640 3811 1710 3878 eius
1741 3832 1830 3879 anuo

652 3929 797 4015 septimo,
820 3928 992 3995 indictione
1015 3928 1129 4015 prima

724 4147 745 4179 ι.
764 4132 879 4191 Mogontia
895 4136 921 4181 C.
1000 4134 1022 4179 b.
1044 4134 1067 4179 iu
1084 4132 1164 4179 eadem
1180 4131 1258 4178 sedam
1276 4135 1310 4178 M.
1385 4146 1405 4177 c.
1426 4133 1452 4178 ῑο
1469 4136 1503 4187 Μ,
1521 4132 1566 4178 eris
1584 4136 1609 4179 C.
1685 4131 1709 4177 d
1732 4132 1832 4192 llcgon·

651 4212 712 4258 tinae
731 4216 756 4260 C·
819 4227 838 4259 o.
858 4214 995 4272 portandum
1013 4216 1046 4266 M,
1064 4231 1120 4259 corr.
1137 4215 1160 4257 b·
1175 4211 1288 4271 portando
1306 4214 1331 4258 C.
1394 4211 1410 4256 l.
1433 4230 1489 4257 corr.
1506 4214 1528 4257 r'n
1545 4212 1654 4270 sospitem
1672 4214 1699 4258 C.
1768 4227 1791 4271 g.
1809 4216 1833 4259 et

651 4292 708 4339 odd.
727 4296 752 4339 ι’.
830 4291 853 4337 h.
872 4296 938 4353 puter
956 4298 989 4349 M,
1005 4292 1135 4352 imperilia
1150 4293 1220 4338 liram
1237 4295 1264 4339 c.
1287 4293 1442 4351 consipere
1457 4291 1612 4348 consulatum
1626 4307 1649 4338 o.
1663 4306 1739 4350 supro
1753 4310 1782 4351 ρ.
1794 4294 1832 4339 l‘l.

724 4397 748 4451 1.
774 4396 914 4467 „Petiisti‚
937 4402 969 4452 nt
993 4413 1055 4452 eum
1075 4426 1109 4436 -
1128 4394 1286 4451 confortans
1310 4395 1455 4451 ecelesiam
1472 4393 1546 4451 Dei“
1571 4398 1636 4451 suut
1652 4394 1682 4450 in
1699 4394 1833 4451 Gratiani

651 4484 752 4540 decret.
771 4485 802 4540 P.
814 4486 841 4539 11
859 4484 890 4541 O.
903 4486 955 4542 Vll
974 4501 1000 4556 q.
1015 4488 1029 4541 1
1050 4501 1073 4541 e.
1089 4487 1131 4540 17.
1222 4486 1248 4539 2.
1271 4483 1367 4538 Matth.
1381 4485 1424 4555 24,
1438 4485 1480 4538 13.

1130 4698 1344 4711 ——-
