4342 6034
669 746 735 813 464
895 764 1102 811 wmumnunr
1121 764 1202 811 vrrs
1224 763 1251 811 s.
1268 763 1445 812 nonnam
1466 763 1616 813 osuvm

598 914 650 970 755
668 914 701 973 et
722 906 932 987 Aethelheri·,
962 905 1150 971 sacerdotali
1177 904 1407 991 presbiteratus
1434 904 1538 971 officio
1560 904 1750 991 praeditis⁸3
1774 903 1827 971 lla

667 1022 775 1105 mund,
793 1021 953 1088 Seirbald⁸
970 1027 1002 1087 et
1016 1020 1110 1105 Bosa,
1127 1019 1294 1087 levitarum
1310 1020 1460 1105 obsequio
1475 1020 1651 1107 deputatis3
1669 1018 1826 1087 Waoohar‘

667 1143 699 1205 et
721 1135 931 1221 Gundaerer·,
961 1137 1093 1204 lllehere
1114 1144 1148 1203 ot
1169 1136 1347 1219 Hathowli‚
1375 1136 1592 1203 monasteriali
1614 1136 1827 1203 monaehorun

667 1252 777 1319 ordine
805 1252 985 1319 sublevatis.
1031 1252 1092 1330 Qui
1121 1254 1216 1319 etiam
1246 1252 1281 1317 iu
1307 1257 1434 1323 tautum
1456 1252 1540 1319 vitae
1562 1258 1712 1319 aetemae
1734 1272 1828 1319 semen

666 1388 738 1435 oum
766 1374 874 1435 saneto
901 1367 1060 1437 Bonifatio
1088 1367 1153 1435 lato
1185 1388 1243 1454 por
1271 1367 1424 1455 populum
1452 1366 1682 1452 devulgantes¹‚
1714 1368 1829 1435 domino

665 1484 733 1551 Deo
757 1485 985 1571 patrocinante,
1009 1482 1262 1567 diffamaverunt
1284 1490 1321 1549 ut
1343 1484 1456 1569 quibus
1478 1484 1568 1551 iuxta
1584 1484 1829 1571 apostolieaoiu·

666 1601 839 1667 stitutionis
865 1620 1011 1667 normam
1033 1619 1089 1665 eor
1115 1606 1183 1665 erat
1205 1618 1304 1665 unum
1326 1604 1359 1665 et
1381 1600 1488 1666 anima
1508 1620 1573 1665 una
1582 1596 1600 1683 ¹,
1627 1620 1695 1667 uua
1715 1600 1829 1667 eaden·

666 1726 745 1801 quet
767 1716 874 1803 palma
896 1720 979 1783 esset
1001 1714 1166 1801 martyrii¹¹
1189 1720 1221 1782 et
1242 1716 1454 1781 remuneratio
1476 1714 1639 1801 triumphi.
1901 1791 1902 1810 ἢ

753 1830 925 1918 Postquam
947 1833 1045 1917 igitur
1067 1830 1153 1918 fidei,
1175 1838 1214 1897 ut
1233 1830 1461 1917 praediximus,
1483 1852 1541 1917 per
1556 1830 1701 1898 Fresiam
1715 1806 1828 1897 irlluxe
1901 1813 1902 1880 ἶ

665 1949 727 2015 rat*
750 1948 898 2035 splendor
928 1954 960 2015 ot
986 1948 1064 2014 felix
1092 1946 1213 2013 sanetik
1234 1946 1329 2013 huiua
1356 1947 1441 2013 vitae
1463 1946 1736 2034 adpropinquaret
1756 1946 1829 2028 linis

664 2065 729 2131 iam
751 2064 878 2150 quidem
901 2084 991 2131 soene
1013 2062 1118 2149 ripam
1139 2062 1278 2129 {luminis
1301 2062 1385 2148 quod
1400 2062 1516 2129 dieitur
1531 2062 1668 2146 Bordna
1692 2064 1775 2148 quod
1788 2068 1830 2127 est

664 2180 698 2245 in
720 2179 895 2247 eontinibus
918 2200 1042 2263 sorum,
1067 2180 1122 2263 qui
1142 2180 1262 2245 rustioa
1284 2179 1432 2246 diruutrrr
1453 2178 1564 2263 lingua
1584 2178 1692 2245 Ostar'
1715 2186 1747 2245 et
1766 2177 1829 2245 We
1901 2205 1902 2210 ¹

665 2296 836 2379 steraeolre,
859 2316 988 2361 suorum
1010 2300 1134 2361 tantum
1156 2296 1295 2381 stipatus
1316 2294 1467 2361 clientum
1489 2314 1631 2377 numero,
1654 2294 1757 2361 erexit
1769 2301 1829 2361 ten·

664 2412 756 2479 toria.
796 2410 858 2477 Sed
892 2412 966 2496 quia
998 2412 1115 2478 festum
1145 2409 1392 2477 confirmationis
1420 2410 1667 2496 neophitorum·
1696 2411 1778 2477 diem
1803 2416 1830 2476 et
1901 2445 1902 2484 ι

665 2546 767 2613 nuper
795 2528 1028 2614 baptizatorum
1056 2526 1097 2593 ab
1125 2527 1273 2613 episeopo
1300 2546 1415 2593 manus
1442 2526 1643 2612 inpositiouis
1673 2532 1707 2594 et
1727 2524 1829 2594 eonio
1901 2565 1902 2622 3

666 2643 815 2709 motionis
837 2642 955 2729 populo
978 2642 1182 2729 praedixerat
1201 2643 1267 2709 iam
1286 2642 1379 2726 longe
1393 2642 1519 2727 lateque
1533 2642 1688 2729 disperso,
1710 2642 1828 2729 adpro
1901 2687 1902 2742 p

665 2760 768 2845 priam
791 2760 1006 2845 uuusquisque
1028 2778 1174 2825 reversus
1189 2764 1239 2823 est
1252 2758 1391 2841 domum,
1414 2758 1637 2823 utsosnndum
1652 2758 1827 2825 ditliuitam·
1901 2747 1902 2786 ³

607 2946 619 2976 ο
665 2875 767 2941 saneti
797 2876 937 2961 episeopi
966 2876 1155 2943 sententiam
1178 2874 1318 2941 universi
1341 2872 1569 2960 praedistinato
1590 2872 1826 2940 eonlirmatiouio
1901 2863 1902 2948 l

666 3008 774 3057 eorum
797 2990 849 3057 die
870 2997 1158 3077 praesentarentur.

577 3120 648 3167 nno
754 3106 832 3173 Cum
858 3113 962 3174 autem
985 3108 1165 3193 praedictus
1188 3106 1255 3172 dies
1277 3105 1446 3173 inluxisset
1467 3110 1500 3173 et
1522 3126 1636 3171 aurora
1655 3105 1744 3188 lueis,
1766 3109 1822 3171 orto

666 3222 730 3289 iam
754 3222 830 3307 sole,
854 3230 1084 3309 prorumperet,
1108 3230 1184 3288 tune
1206 3222 1301 3288 etiam
1317 3242 1409 3287 versa
1423 3222 1493 3288 viee
1507 3242 1565 3307 pro
1581 3222 1693 3288 amieis
1706 3220 1820 3301 inimici,

665 3344 697 3405 ot
725 3340 799 3405 novi
826 3338 960 3424 denique
988 3339 1134 3405 liotores⁰
1156 3358 1214 3425 pro
1242 3338 1373 3405 novioiis
1399 3336 1476 3425 fidei
1503 3338 1676 3405 cultoribus
1703 3338 1820 3403 advene

664 3462 748 3537 rant,
772 3454 971 3540 hostiumque
994 3455 1106 3538 ingens
1128 3454 1161 3519 in
1184 3460 1298 3537 eastra,
1321 3454 1519 3521 vibrantibus
1542 3454 1651 3537 armis,
1675 3460 1775 3521 astate
1790 3469 1819 3516 ac

665 3576 789 3637 soutata
813 3572 971 3637 inrueret⁹
994 3569 1173 3636 multitudo.
1220 3570 1308 3636 Tune
1334 3576 1465 3656 repente
1486 3590 1527 3637 ex
1550 3571 1683 3637 adverso
1706 3569 1820 3657 pueris

665 3688 778 3753 eastris
799 3686 1010 3773 prosilientes,
1032 3686 1201 3770 utrubique
1222 3706 1257 3751 se
1272 3686 1369 3752 armis
1382 3687 1540 3773 inpetunt,
1563 3692 1596 3753 et
1609 3694 1734 3754 sanatos
1748 3690 1820 3773 post

665 3802 794 3869 modum
817 3808 972 3889 martyres
995 3808 1106 3868 eontra
1126 3804 1339 3869 insensatrm'*
1359 3802 1509 3870 furentis‘
1529 3803 1640 3890 populi
1663 3804 1820 3871 exereitum

666 3918 833 3985 defendero
863 3919 1011 4002 gestiunt
1059 3918 1122 3985 Sed
1150 3919 1200 3984 vir
1227 3918 1287 3985 Dei
1315 3920 1443 4003 statim,
1479 3920 1586 3987 audito
1614 3917 1820 3987 tumultuantis

664 4034 756 4101 turbe
778 4035 899 4121 inpetu,
922 4036 1021 4103 aoeito
1045 4035 1085 4101 ad
1108 4054 1143 4101 se
1163 4036 1349 4101 olerioorum
1369 4032 1480 4118 olero⁸‚
1504 4037 1640 4123 sumptis
1655 4043 1818 4102 sanderum

665 4150 806 4235 reliquiis
830 4171 908 4236 quas
931 4170 1037 4217 seeum
1060 4151 1274 4218 indesinenter
1293 4151 1410 4219 habere
1429 4158 1645 4235 consuerent
1668 4149 1819 4219 stentorio

665 4266 816 4353 procedit.
858 4266 902 4334 Et
923 4267 1086 4335 oonieetim
1110 4267 1304 4354 increpando
1324 4267 1433 4354 pueris
1454 4288 1560 4353 pugne
1581 4268 1744 4336 interdixit
1762 4286 1819 4333 oer-

738 4448 757 4482 ι
778 4434 914 4483 Asthelhere
930 4441 959 4484 A.
1042 4436 1064 4483 b.
1085 4436 1204 4496 praeditur
1219 4438 1245 4483 F.
1328 4448 1348 4483 a
1369 4434 1474 4483 Seirbsld
1489 4454 1532 4483 on.
1549 4440 1574 4485 F.
1652 4438 1675 4484 d
1696 4436 1817 4483 Waewd·
1899 4433 1900 4436 ’

666 4529 686 4561 e.
708 4518 732 4561 st
748 4514 881 4563 Guudaeeer
902 4532 945 4561 om.
961 4518 986 4562 F.
1077 4516 1094 4563 i.
1116 4515 1260 4574 divulgantes
1275 4520 1304 4563 A.
1389 4530 1412 4576 g.
1431 4519 1455 4563 et
1470 4516 1528 4563 edd.
1544 4521 1572 4564 A.
1656 4516 1680 4564 Ιι.
1699 4514 1816 4563 adsid-
1899 4541 1900 4570 3

665 4594 680 4642 i.
702 4594 812 4641 inlunmst
827 4598 853 4643 F.
930 4594 953 4643 k.
974 4596 1059 4642 amede
1075 4598 1104 4651 F,
1120 4600 1148 4643 A.
1226 4597 1370 4645 testord.
1443 4610 1474 4643 m
1494 4597 1638 4645 nsobitoruur
1653 4602 1678 4645 F.
1745 4610 1765 4642 ι
1782 4593 1815 4638 de
1899 4611 1900 4626 ι

665 4674 752 4721 linitam
769 4680 796 4722 A.
867 4688 888 4723 o.
908 4675 987 4722 litores
1004 4678 1029 4723 F.
1098 4690 1121 4736 p.
1141 4677 1243 4723 inmersi
1257 4682 1285 4724 A.
1353 4690 1375 4737 q.
1396 4680 1432 4724 sr'e
1444 4678 1529 4737 scripsi
1538 4694 1582 4739 pro
1599 4680 1689 4725 ametor
1703 4678 1774 4724 muts·
1786 4673 1814 4717 ὶΙ·
1899 4703 1900 4750 p

665 4756 780 4801 renam
795 4754 942 4815 postmodum
957 4756 1067 4814 martyres
1082 4758 1111 4813 F,
1127 4758 1154 4803 A.
1229 4772 1247 4803 r.
1266 4756 1369 4805 annes
1383 4760 1410 4806 F.
1899 4767 1900 4776 ¹

738 4858 761 4913 1.
787 4856 850 4915 Aot.
869 4862 957 4929 apost
977 4860 1003 4929 4,
1016 4860 1059 4915 32.
1150 4862 1176 4916 2.
1200 4858 1295 4936 κλήρῳ,
1312 4866 1395 4932 sorte,
1412 4862 1516 4919 ordine.
