4342 6034
628 783 677 831 nx
697 782 852 831 ormonr
872 783 952 830 vrrs
975 782 1002 829 s.
1017 782 1195 830 nourraru
1426 764 1493 831 485

346 920 483 993 11111111εὲ
516 924 561 992 Ε1
580 924 712 991 iterum:
737 925 801 991 Vae
822 925 920 1005 eota,
941 925 1136 1011 ypooboitoa
1161 927 1218 1011 qai
1231 925 1390 991 damnantis
1406 946 1492 989 maa·

345 1057 400 1109 tam
419 1054 446 1108 at
465 1054 590 1109 ooetm
611 1054 640 1107 et
661 1044 825 1121 ciminum,
848 1053 878 1105 et
896 1044 1048 1126 graviora
1072 1041 1148 1126 legia
1167 1054 1341 1127 praecepta
1360 1040 1492 1127 reliqui-

343 1162 406 1237 etr'e,
432 1158 489 1223 boe
516 1170 561 1223 eet
588 1160 742 1223 indiciam
770 1158 1020 1221 mebeteorde'um
1049 1170 1078 1221 et
1095 1156 1203 1239 fidem.
1239 1154 1326 1221 Haeo
1356 1159 1494 1243 oportent

336 1274 451 1359 faeere,
486 1286 515 1339 et
546 1274 605 1338 oza
630 1295 695 1337 oon
724 1266 888 1339 omittere'.
927 1268 1030 1337 Multa
1058 1289 1182 1355 quoque
1208 1270 1243 1335 in
1274 1268 1494 1338 Hiezeehibele

341 1388 484 1475 propheta
508 1388 546 1454 do
567 1386 747 1453 huiusmodi
768 1385 949 1473 pastoribus
973 1385 1130 1453 dieantur.
1222 1383 1301 1469 Sed,
1330 1384 1359 1450 si
1380 1384 1494 1471 planet,

340 1504 556 1589 interrogemus
578 1504 703 1571 eosdem
725 1506 885 1589 pastores:
908 1500 1064 1587 quomodo
1086 1500 1186 1567 velint
1209 1520 1267 1569 sua
1285 1500 1445 1585 roborare,
1468 1502 1495 1567 si

339 1620 582 1705 pmoaadsntium
603 1624 731 1705 patrum
753 1622 873 1683 statuta
893 1617 1104 1684 iudicaverint
1125 1636 1194 1683 esse
1217 1614 1421 1699 destruenda3
1445 1616 1494 1683 vel

338 1736 483 1819 quomodo
509 1733 686 1803 aedifioium
715 1734 947 1821 superpositum
977 1737 1062 1799 stare
1089 1732 1206 1818 possit,
1236 1732 1264 1799 si
1291 1730 1496 1799 fundamenta

338 1851 398 1917 eius
419 1856 494 1919 sunt
507 1850 667 1917 eieienda?
689 1848 907 1916 Fundamenta
921 1868 1057 1933 namque
1072 1853 1200 1915 sanotae
1216 1847 1383 1915 aecclesiae
1398 1848 1494 1933 primi

336 1971 435 2052 patres
455 1967 561 2052 fuere,
583 1968 666 2033 siem
687 1966 841 2052 seriptum
863 1969 927 2031 est:
949 1965 1172 2031 Fundamenta
1194 1967 1259 2029 eius
1281 1967 1317 2029 io
1338 1965 1495 2031 monebas

336 2078 469 2149 11111ὼῆ
505 2082 687 2168 Quicunque
714 2080 811 2165 igitur
832 2079 975 2166 lapidum
997 2079 1267 2165 superpositorum
1290 2078 1497 2146 fundamenta

335 2196 405 2263 tdia
418 2199 508 2285 sequi
522 2198 720 2282 dedignatur,
740 2196 779 2263 de
794 2194 935 2261 aedilitio
950 2195 1077 2263 oaelesti
1093 2195 1282 2261 eliminatur.
1351 2194 1404 2261 Ad
1418 2194 1496 2261 haee

334 2313 424 2379 etiam
445 2314 588 2381 dieamus
610 2313 768 2400 quoddam
784 2316 1015 2395 argumentum,
1038 2310 1122 2397 quod
1140 2310 1286 2377 omnibus
1301 2314 1425 2377 oonstat
1439 2330 1495 2377 uo-

333 2432 404 2493 tum.
440 2428 476 2495 Si
498 2430 569 2515 quis
590 2430 698 2515 itaque
719 2428 848 2495 ditionis
871 2448 947 2495 suae
969 2426 1082 2493 siluam
1100 2426 1337 2513 exstirpandam
1352 2446 1410 2513 pro
1427 2426 1496 2510 agri

332 2542 449 2611 uultura
470 2546 669 2629 aggreditur,
697 2549 936 2629 quantocunque
957 2540 1164 2625 longitudinis
1188 2547 1220 2609 et
1241 2541 1419 2609 latitudinis
1441 2562 1497 2609 uo·

331 2657 420 2725 luerit
440 2680 545 2745 agros,
568 2660 682 2729 exinde
704 2660 832 2726 sibimet
853 2659 997 2739 metitur3
1022 2658 1093 2724 aliis
1115 2678 1190 2723 vero
1213 2677 1277 2723 non
1292 2678 1339 2742 ea,
1363 2657 1420 2724 ssd
1435 2677 1497 2742 qua

331 2774 402 2860 vult,
424 2796 577 2845 mensura
597 2776 744 2864 partitur,
767 2775 886 2841 babens
907 2778 1099 2861 potestatem
1120 2756 1290 2859 unicuique
1312 2777 1407 2859 prout
1428 2772 1498 2841 vult

330 2888 475 2959 dividere.
512 2891 590 2959 Cum
614 2910 689 2975 ergo
711 2889 770 2956 hoo
791 2891 839 2957 ita
861 2909 929 2955 esse
952 2889 991 2956 ab
1015 2888 1159 2955 omuibus
1182 2890 1317 2971 soiatur,
1340 2906 1397 2954 eur
1418 2908 1495 2971 rogo

329 3005 505 3089 ignoratur:
534 3007 619 3092 quod
640 3006 737 3093 primi
758 3005 918 3092 principes
941 3002 1178 3087 aeoolesiarum,
1209 3001 1343 3089 apostoli
1366 3002 1495 3088 soilioat,

329 3140 506 3209 omnesque,
529 3123 583 3209 qui
605 3142 714 3189 eorum
737 3121 871 3205 uestigia
892 3124 1057 3204 sequentes
1079 3119 1249 3205 uniruique
1271 3118 1358 3202 genti
1373 3138 1496 3185 suoram

328 3233 417 3304 fidem
439 3240 590 3326 primitus
611 3237 820 3322 tradiderunt,
843 3236 1026 3323 exstirpatis
1049 3254 1191 3302 errorum
1213 3235 1373 3301 rariorum
1395 3235 1494 3321 siluis,

328 3352 569 3439 inquibusdam
592 3353 718 3441 populis
740 3373 777 3421 ao
798 3353 969 3441 provinciis
989 3355 1179 3438 potestatem
1201 3350 1394 3437 babuerunt,
1420 3372 1495 3439 pos-

329 3470 481 3538 sessiones
504 3470 556 3536 vel
583 3470 737 3553 decimas,
766 3489 847 3555 quae
873 3466 935 3535 sibi
960 3466 1199 3552 munngebant,
1227 3466 1274 3533 illi
1303 3472 1335 3533 et
1356 3466 1404 3533 illi
1426 3464 1495 3535 aso-

328 3583 438 3653 elesiae
460 3587 594 3667 donare;
618 3585 871 3671 quandoquidem
892 3584 984 3649 iuxta
1003 3588 1185 3649 sanatorum
1200 3602 1355 3649 sanonum
1371 3583 1497 3650 deoreta

327 3700 462 3769 desimus
485 3704 521 3769 in
543 3706 677 3787 quatuor
694 3702 854 3787 portiones
869 3699 1056 3783 dividentes,
1078 3720 1176 3765 unam
1191 3699 1262 3783 sibi,
1286 3698 1418 3765 alteram
1433 3698 1496 3767 ole-

327 3816 406 3902 riois,
430 3818 560 3885 tertiam
582 3816 785 3903 pauperibus,
809 3821 953 3902 quartam
975 3814 1191 3881 restaurandis
1215 3814 1374 3881 aesolesiis
1397 3814 1495 3881 tradi-

327 3930 466 4001 derunt⁴.
502 3933 679 4019 Numquid,
707 3932 861 3999 avariciae
884 3950 959 3997 suae
982 3930 1200 3999 tantummodo
1225 3929 1438 4015 oonsulsntes,
1460 3930 1495 3997 in

326 4048 546 4116 distributione
574 4049 767 4116 deeimarum
789 4047 879 4114 obliti
901 4052 976 4113 suut
997 4066 1172 4133 pauperum
1195 4046 1496 4131 restaurationisque

326 4166 568 4233 aeeclesiarum?
596 4164 797 4231 sicutmodo
827 4162 1018 4250 prohdolor
1046 4162 1204 4229 cernimus
1233 4157 1310 4246 agi⁶.
1353 4160 1495 4229 (lenones

326 4282 406 4347 euim
441 4282 563 4365 munti,
596 4302 637 4348 ex
672 4300 805 4367 qnomm
835 4279 1020 4346 auctoritate
1048 4279 1218 4363 exigumtur
1245 4278 1402 4362 decimae,
1430 4298 1494 4344 non

325 4396 424 4463 solum
451 4398 592 4464 decimas
614 4397 685 4463 dari
706 4396 763 4463 sed
785 4396 883 4463 etiam
903 4395 988 4461 inter
1009 4395 1115 4460 varios
1137 4394 1247 4461 iubent
1269 4392 1430 4477 distribui,
1458 4398 1495 4460 ut

325 4510 357 4577 in
377 4512 512 4581 urbibus
535 4512 727 4599 quibuslibet
747 4517 781 4578 et
801 4511 880 4577 viois
901 4510 1098 4577 xenodochia
1118 4510 1309 4593 habeantur,
1339 4508 1394 4575 ubi
1415 4528 1493 4597 pau·

393 4700 418 4753 1.
442 4698 481 4753 V.
499 4697 679 4766 1111152.
754 4696 780 4751 2.
804 4695 839 4751 V.
857 4694 1066 4763 1111112123.
1138 4692 1164 4748 3.
1187 4693 1288 4761 Paeo,
1302 4694 1327 4747 1.
1398 4692 1425 4747 4.
1450 4690 1492 4748 (ll.

326 4782 352 4839 S.
363 4784 497 4842 Bonifatii
513 4800 557 4855 ep.
572 4786 606 4841 19
623 4800 707 4856 supra
724 4800 752 4854 p.
766 4786 815 4856 '193
833 4782 998 4839 atGratiaui
1015 4782 1088 4837 deor.
1101 4783 1131 4837 P.
1144 4782 1171 4837 11
1189 4781 1220 4837 G.
1233 4780 1288 4836 ΧΠ
1303 4796 1330 4851 q.
1343 4782 1361 4836 2
1376 4796 1436 4837 oau.
1448 4782 1492 4837 30.

326 4874 350 4927 1.
372 4873 414 4931 cf.
432 4874 575 4930 Lamberti
592 4875 705 4929 annales
722 4872 760 4929 ad
778 4873 856 4942 1073,
874 4872 946 4929 lion.
959 4870 1051 4927 Germ.
1064 4868 1152 4927 SS.V
1168 4870 1218 4925 192
1230 4884 1270 4941 sq.
