4342 6034
644 768 711 836 332
958 784 1145 834 memmi
1167 782 1395 833 aeconomia
1419 780 1502 830 rori

537 938 627 995 eam
644 929 736 996 titete
757 926 949 1016 praeclaros,
972 932 1086 995 cuncta
1107 926 1186 994 haec
1205 926 1241 993 in
1265 924 1386 993 Qeae
1407 924 1536 1010 linguae
1556 922 1690 1009 gloriam
1712 928 1808 990 nans·

643 1044 728 1111 ferre
750 1050 783 1111 et
804 1063 897 1110 usum
919 1044 1097 1130 scripturae
1119 1044 1153 1109 in
1175 1044 1307 1130 propria
1328 1041 1438 1126 lingua
1459 1061 1523 1107 non
1546 1041 1671 1109 habere.

733 1158 794 1226 Est
814 1164 922 1226 amen
944 1160 1143 1243 conveniens,
1166 1164 1203 1225 ut
1224 1156 1432 1244 qualicunque
1452 1156 1556 1242 modo,
1580 1158 1647 1225 eive
1668 1160 1811 1243 corrupte

645 1296 702 1344 seu
727 1276 837 1360 lingua
865 1276 1008 1359 integrae
1036 1276 1130 1359 artis,
1158 1275 1329 1341 humanum
1358 1294 1457 1358 genus
1487 1278 1646 1340 auctorem
1676 1273 1811 1339 omniun

645 1392 791 1476 laudent,
821 1392 876 1477 qul
897 1392 1052 1479 plectrum
1076 1392 1123 1457 eis
1146 1390 1277 1457 dederat
1298 1390 1441 1474 linguae,
1464 1388 1594 1456 verbum
1616 1388 1650 1455 in
1673 1388 1720 1455 eis
1743 1406 1812 1455 suae

629 1508 748 1574 laudis
782 1526 911 1590 sonare3
946 1508 1001 1594 qui
1033 1526 1098 1573 non
1127 1506 1293 1573 verborum
1322 1504 1534 1572 adulationem
1563 1504 1734 1592 politorum
1762 1503 1813 1570 sed

645 1624 771 1709 quaerit
791 1624 825 1689 in
848 1624 939 1690 nobis
961 1622 1049 1711 pium
1072 1623 1272 1707 cogitationis
1296 1620 1452 1705 affectum,
1480 1640 1672 1707 operumque
1693 1620 1750 1707 pio
1771 1618 1812 1685 la·

645 1740 721 1805 bore
743 1740 919 1823 congeriem
943 1759 1006 1806 non
1029 1739 1189 1805 labrorum
1212 1739 1339 1805 inanem
1362 1737 1532 1804 sevitiam.

734 1854 827 1921 Hunc
853 1855 952 1939 igitur
977 1854 1094 1921 librum
1123 1860 1247 1922 vennae
1274 1854 1381 1937 sagaci
1408 1852 1595 1940 prudentiae
1619 1852 1813 1940 probandum

645 1970 753 2037 curari
775 1972 991 2070 transmittere
1013 1976 1046 2036 et
1060 2006 1102 2018 -
1120 1970 1194 2055 quia
1217 1990 1236 2036 a
1257 1968 1407 2037 Rhabano
1423 1968 1620 2035 venerandae
1632 1968 1812 2051 memoriae,

646 2087 741 2172 digno
764 2092 888 2153 sabae
910 2086 994 2152 sedis
1016 2086 1175 2171 quondam
1197 2084 1352 2173 praesule,
1376 2085 1509 2152 &neate
1528 2104 1641 2172 perum
1657 2104 1729 2150 mea
1743 2104 1812 2171 par·

646 2204 728 2270 sitas
750 2208 801 2294 est
815 2238 855 2249 —
877 2201 1075 2289 praesulatus
1098 2206 1222 2270 vestm
1245 2202 1391 2285 dignitati
1413 2201 1648 2287 sapientiaeque
1670 2200 1704 2265 in
1726 2200 1812 2266 vobis

646 2320 717 2407 pari
740 2317 960 2385 commendare
981 2318 1100 2384 curavi.
1135 2317 1195 2397 Qui
1218 2318 1246 2385 si
1269 2318 1445 2384 sanctitatis
1468 2323 1592 2385 vestrae
1606 2316 1711 2403 placet
1725 2320 1813 2403 optu-

646 2435 742 2518 tibus,
765 2440 799 2499 et
813 2452 877 2500 non
894 2432 1091 2499 deiciendum
1111 2433 1308 2516 iudicaverit,
1332 2432 1380 2499 uti
1400 2432 1530 2500 licenter
1550 2430 1695 2499 fidelibus
1710 2437 1813 2499 sesua

648 2550 817 2617 auctoritas
846 2548 1011 2630 concedat3
1042 2550 1090 2615 sin
1114 2568 1188 2616 vero
1215 2550 1319 2615 minus
1342 2553 1434 2636 aptus
1457 2568 1577 2635 parque
1599 2568 1689 2615 meaa
1710 2548 1812 2632 negle-

647 2667 771 2751 gentiae
795 2670 902 2752 paret,
930 2665 1041 2732 eadem
1063 2666 1243 2733 venerenda
1265 2670 1435 2750 sanctaque
1458 2668 1660 2751 contempnet
1682 2664 1812 2731 auctori-

646 2786 706 2849 tas.
741 2780 913 2867 Utriusque
939 2781 1024 2848 enim
1051 2782 1128 2849 faeti
1155 2802 1281 2848 causam
1306 2781 1435 2847 arbitrio
1458 2784 1563 2847 vestro
1587 2779 1811 2846 decernendum

647 2918 720 2965 mea
740 2917 841 2986 parva
863 2897 1064 2965 commendet
1084 2898 1255 2965 humilitas.
1343 2898 1482 2963 Trinitas
1505 2916 1629 2962 summa
1650 2896 1811 2982 unitasque

649 3014 788 3101 perlecta
809 3018 992 3081 cunctorum
1013 3034 1071 3079 uos
1093 3014 1224 3081 utilitati
1239 3012 1340 3080 multa
1354 3020 1497 3099 tempora
1511 3010 1699 3079 incolomem
1715 3017 1810 3079 recta·

648 3149 710 3215 que
731 3130 798 3195 sita
819 3135 999 3196 manentem
1021 3148 1209 3197 conservare
1231 3130 1386 3214 dignetur.
1421 3130 1534 3196 Amen.

652 3316 712 3386 11.
736 3317 918 3383 motem
940 3318 1194 3405 archiepiscopus
1209 3318 1416 3405 Mogentiana
1431 3318 1579 3383 Adriano
1595 3316 1638 3383 ΙΙ
1648 3339 1756 3405 popae
1774 3317 1810 3381 de

736 3436 802 3499 aeis
825 3435 1017 3499 moesone
1038 3435 1205 3519 &spicat
1240 3435 1359 3515 Monet,
1385 3446 1421 3501 aa
1441 3436 1526 3499 odros
1549 3434 1639 3515 duos,
1664 3436 1721 3522 qua'
1741 3454 1808 3499 coo·

739 3550 862 3615 cedente
884 3571 918 3615 co
940 3549 1110 3614 mmsocbos
1133 3552 1169 3615 io
1190 3552 1426 3617 moenium
1447 3554 1610 3630 decertat,
1640 3550 1684 3615 ed
1706 3551 1807 3637 eopio-

739 3668 854 3732 ta'oncm
882 3677 980 3751 cogat
1027 3664 1131 3729 Addet
1157 3666 1196 3729 de
1227 3664 1372 3733 We'ebcrta'
1394 3666 1534 3755 Superbi
1555 3679 1583 3733 et
1602 3666 1672 3749 filie·
1693 3664 1807 3731 Cissa

737 3783 813 3847 radi
833 3782 968 3845 ianime
981 3780 1208 3865 santonibus&

561 3932 613 3986 871
738 3912 875 3980 Domino
897 3912 1040 3979 Adriano
1068 3912 1153 3982 sedis
1183 3913 1373 4000 apostolicae
1401 3914 1540 4001 praesuli
1562 3912 1689 3981 iniimus
1711 3930 1806 3981 servo

535 4006 591 4065 ⁸¹³¹·
602 4006 633 4052 ³⁰
649 4049 721 4095 rum
736 4028 798 4112 Dei
821 4047 930 4095 sersus
944 4026 1153 4110 Lliutbertus)
1177 4028 1327 4097 ecelesiae
1342 4030 1606 4114 Mogontiaesnsis
1621 4026 1805 4117 episeopus*¹

737 4142 989 4227 Religiosissima
1015 4143 1188 4211 dominatio
1217 4150 1323 4213 vestm
1350 4147 1430 4213 scire
1458 4146 1620 4230 dignetur:
1656 4145 1752 4230 quod,
1782 4142 1805 4209 si

649 4259 773 4344 quando
806 4259 928 4325 iustitia
953 4258 1094 4327 dictante
1127 4260 1310 4329 criminibus
1343 4260 1478 4348 publicis
1508 4267 1648 4346 atquae
1675 4260 1805 4344 neglecta

648 4394 796 4460 magnam
818 4375 905 4441 vitiis
927 4380 1061 4461 possunt
1082 4374 1328 4443 aedificationem
1352 4378 1494 4445 anferre
1516 4376 1743 4462 aliquantulum
1760 4394 1804 4441 re

649 4492 762 4560 sistere
783 4496 816 4557 et
837 4492 883 4559 eis
905 4510 978 4557 cum
1002 4492 1158 4557 adiutorio
1181 4492 1438 4579 coepiscoporum
1460 4498 1640 4563 nostrorum
1657 4492 1749 4561 finam
1761 4488 1804 4556 rel

648 4608 777 4675 modum
799 4607 963 4693 inponere
982 4626 1144 4690 conamur,
1167 4606 1360 4694 potentiores
1384 4608 1524 4694 quilibet,
1548 4610 1736 4695 parvitatem
1754 4624 1803 4673 uo

721 4788 742 4821 ι
762 4792 791 4820 eae
810 4774 880 4821 codd.
896 4777 990 4820 Monac.
1005 4784 1027 4820 et
1044 4775 1141 4822 Vincet.
1157 4776 1274 4823 ediderunt
1290 4778 1405 4823 asamar
1426 4780 1475 4825 Dos
1490 4778 1635 4825 demetens
1656 4780 1695 4825 des
1714 4775 1802 4830 disciola

648 4856 743 4903 salom
756 4870 781 4913 p.
791 4854 830 4908 bd,
846 4855 973 4916 Rockisgn
987 4856 1081 4913 Oualla
1096 4872 1118 4901 u.
1129 4858 1292 4918 &daungers
1308 4858 1353 4903 711
1364 4858 1417 4913 ut,
1434 4858 1530 4905 nocem
1546 4859 1638 4905 &aad
1653 4858 1693 4905 du
1706 4855 1802 4917 (mlta

649 4936 675 4984 11
686 4934 740 4982 663.
816 4932 839 4980 b.
860 4932 897 4980 vol
911 4932 1054 4993 meatim
1070 4936 1161 4981 addant
1176 4936 1244 4983 codd.
