4342 6034
654 785 717 852 198
878 801 906 849 s.
924 800 1101 849 sormam
1121 800 1166 847 au
1187 800 1291 848 uuum
1312 800 1500 848 nrmrocra
1521 798 1561 846 oa
1575 799 1607 847 ss

548 953 623 1039 (με)
652 950 715 1013 est:
739 948 776 1010 ut
797 943 832 1009 iu
855 941 996 1030 episcopi
1024 941 1067 1008 sit
1092 946 1252 1028 potestate
1279 940 1576 1029 disponendarum
1604 940 1744 1026 clericis,
1773 944 1825 1027 qui

537 1024 634 1085 (Μ
650 1062 686 1128 in
709 1060 776 1127 eius
799 1056 1015 1126 obsecundant
1038 1057 1161 1125 eclesia
1209 1055 1371 1144 Scriptum
1393 1062 1443 1124 est
1464 1056 1566 1123 enim:
1591 1060 1629 1123 dc
1651 1059 1754 1125 almra'
1773 1062 1824 1125 de

652 1179 702 1244 bet
722 1180 836 1257 uiuere,
861 1178 1022 1262 quisquis·
1045 1176 1145 1240 altari
1164 1178 1378 1261 mancipatur.
1449 1172 1526 1239 Inde
1546 1173 1630 1240 enim
1652 1173 1827 1259 elymosina

651 1291 844 1381 pauperibus
868 1289 1103 1357 subministrari
1125 1288 1234 1372 debet,
1263 1289 1339 1357 inde
1366 1288 1509 1356 aedilicia
1538 1308 1608 1356 ease
1629 1288 1826 1372 eclesiarum,

651 1408 725 1475 inde
748 1407 946 1494 coopertoria
973 1405 1138 1488 altarium,
1167 1404 1242 1471 inde
1269 1406 1457 1471 ornamenta
1485 1424 1545 1491 per
1571 1423 1827 1491 unamquamque

653 1523 817 1606 eclesiam,
840 1527 877 1590 ut
898 1522 1044 1589 habuerit
1068 1540 1238 1588 accomum.

740 1638 901 1705 Presbiter
924 1643 1029 1705 autem
1054 1642 1110 1703 aut
1124 1637 1275 1703 diaconus
1290 1634 1382 1701 nuda·
1392 1636 1571 1702 consecrari
1586 1634 1680 1703 debet
1693 1636 1827 1721 ratione,

651 1756 714 1823 nisi
738 1760 811 1821 aute
834 1755 901 1822 eius
924 1754 1106 1839 requiratur
1129 1753 1234 1837 origo,
1263 1758 1296 1819 et
1324 1752 1521 1818 conuersatio
1545 1751 1776 1839 conprobatum
1799 1759 1829 1819 et

652 1872 680 1937 si
703 1872 816 1955 dignus
838 1870 935 1937 fuerit
957 1872 1120 1952 inventus,
1150 1876 1186 1935 ut
1213 1888 1312 1955 supra
1340 1868 1493 1954 scriptum
1516 1871 1580 1952 est,
1610 1867 1651 1935 ab
1679 1870 1829 1955 episcopo

651 1992 861 2055 consecretur.

741 2101 872 2185 Ingenui
903 2106 1008 2168 autem
1039 2106 1095 2167 aut
1122 2120 1162 2168 ex
1190 2100 1298 2167 servili
1321 2119 1437 2184 genere
1459 2118 1660 2186 nequaqnam
1682 2101 1830 2168 sacerdo·

651 2218 732 2285 tium
755 2218 914 2303 accipiant
936 2216 987 2285 uel
1010 2216 1127 2285 eclesia
1147 2216 1212 2283 illis
1235 2216 1276 2283 od
1298 2216 1473 2300 regendum
1495 2216 1651 2283 credatur.

656 2490 717 2561 69.
747 2490 988 2579 Theophilamae
1012 2490 1254 2557 archidiaconus
1278 2492 1442 2557 Romanum
1458 2492 1626 2579 Bonifatio
1649 2494 1773 2576 scribit,
1801 2518 1831 2559 se

743 2610 781 2672 de
810 2610 875 2673 eius
907 2606 1039 2694 mustela
1062 2610 1106 2671 ad
1123 2631 1248 2694 papam
1270 2608 1421 2673 reculcare.
1468 2610 1626 2675 Memorat
1650 2634 1764 2697 papae
1790 2612 1832 2675 ad

745 2746 814 2788 cum
837 2724 957 2789 litteras
981 2725 1019 2788 de
1041 2724 1246 2788 conmucationis
1271 2738 1299 2790 ct
1321 2726 1360 2791 de
1379 2724 1580 2791 Francorum
1602 2738 1631 2791 ct
1648 2722 1832 2793 Galliarum

624 2921 628 2930 ι
740 2840 893 2926 pentibus.
925 2840 1028 2906 Addit
1043 2842 1081 2905 dc
1097 2862 1156 2905 cua
1172 2842 1332 2925 quondam
1347 2842 1522 2907 sodalitate.
1553 2842 1690 2906 Munera
1704 2840 1830 2908 mittitl.

1442 2954 1830 3041 (fflmwmum

573 3095 626 3181 nae
741 3088 898 3173 Aegregio
922 3089 1006 3177 patri
1029 3093 1061 3155 et
1084 3087 1212 3153 domino
1235 3088 1380 3177 superuis
1403 3090 1539 3157 fascibus
1563 3090 1710 3157 decorato
1733 3088 1831 3158 Boui-

460 3284 465 3293 ,
564 3166 635 3227 (Μ’)
651 3206 729 3273 tatio
753 3206 988 3293 archiepiscopo
1004 3203 1262 3289 Theophilacias⁰
1277 3204 1425 3289 indignus
1447 3205 1684 3273 archidiaconus
1700 3214 1831 3275 sauctae

653 3322 737 3388 sedis
760 3320 959 3407 apostolicae.

743 3436 829 3503 Inter
858 3456 916 3502 sua
944 3434 1074 3520 quidam
1103 3435 1314 3523 peritissimus
1345 3436 1463 3503 dudum
1493 3438 1654 3521 enigmata
1680 3440 1729 3505 sio
1758 3460 1831 3527 pro-

654 3552 791 3637 mulgat:
821 3552 922 3619 Verba
945 3555 1136 3639 sapientium
1160 3555 1254 3639 quasi
1274 3554 1396 3619 stimuli
1417 3568 1445 3620 ct
1467 3559 1562 3641 quasi
1582 3556 1665 3621 educi
1677 3558 1714 3620 in
1731 3559 1831 3623 ultum

655 3671 751 3754 desani
758 3664 776 3751 ¹,
803 3666 878 3753 quia
900 3666 1009 3755 culpas
1033 3666 1282 3753 delinquentium
1298 3668 1444 3736 nesciunt
1458 3669 1590 3757 palpare
1605 3671 1660 3736 sed
1675 3692 1829 3757 pungere.

654 3784 745 3852 Unde
774 3780 921 3852 actenus·¹
950 3803 1013 3849 non
1042 3782 1111 3849 sine
1139 3785 1231 3868 graui
1257 3784 1405 3852 Davitica
1432 3786 1488 3852 illa
1517 3807 1556 3853 ex
1584 3787 1696 3853 intimo
1725 3788 1832 3855 cordis

654 3921 778 3968 merore
801 3899 971 3987 conpulsus
994 3920 1064 3967 sum
1087 3902 1212 3967 cantica
1233 3901 1416 3969 decantare:
1440 3902 1643 3968 Adnuntiam'
1664 3918 1693 3970 er
1708 3905 1831 3971 locutus

654 4041 739 4095 ouum
762 4016 967 4104 multiplicati
987 4031 1061 4083 eunt
1081 4041 1177 4105 super
1198 4014 1396 4095 numerum'3
1419 4023 1451 4085 et
1471 4016 1554 4103 quod
1569 4018 1662 4085 multi
1677 4020 1719 4085 ad
1733 4020 1831 4088 fidem

654 4132 786 4201 ueniunt
806 4138 838 4199 et
857 4132 950 4219 pauci
970 4132 1009 4199 ad
1026 4132 1196 4199 electorum
1212 4154 1380 4200 numerum
1393 4133 1620 4221 perducuntur,
1643 4134 1703 4201 hoc
1717 4137 1831 4223 ipsud·

655 4248 792 4315 Domino
816 4246 1050 4334 promulgante:
1075 4251 1173 4315 Multi
1194 4265 1268 4317 cunt
1288 4253 1405 4331 vocati,
1426 4255 1529 4338 pauci
1549 4274 1622 4318 vcro
1646 4248 1761 4319 euocet

746 4364 811 4431 Nos
835 4364 978 4450 quidem,
1008 4364 1133 4448 egregie
1161 4371 1194 4431 et
1220 4364 1414 4432 sacerdotale
1435 4366 1648 4453 prefulgidum
1671 4388 1772 4456 apex,
1796 4378 1833 4438 ut

654 4480 788 4547 inlustre
816 4500 874 4567 per
901 4481 1019 4567 pagina
1047 4478 1222 4547 exaranda¹
1250 4482 1439 4548 notescendo
1467 4482 1647 4570 notescitis,
1680 4484 1831 4554 distincte

727 4652 748 4685 a.
768 4642 868 4700 sequitur
884 4652 908 4695 ορ
924 4642 947 4685 ia
965 4642 991 4685 C.
1054 4638 1076 4685 b.
1092 4658 1121 4685 ex
1137 4643 1166 4687 M
1180 4640 1326 4697 ele—620,
1344 4642 1506 4689 Mdv-47.
1529 4645 1583 4692 Sine
1598 4646 1700 4692 lanan
1717 4650 1760 4703 M,-
1775 4646 1831 4708 Epi·

655 4718 715 4765 stola
730 4718 888 4778 Theophilacti
910 4718 999 4764 diaconi
1020 4716 1050 4763 ad
1070 4718 1209 4767 Bouifmum
1231 4722 1257 4768 c.
1335 4734 1354 4767 a
1376 4720 1560 4781 'theophylactus
1581 4726 1608 4771 C.
1685 4724 1709 4772 rl.
1729 4742 1791 4772 eurr.
1808 4730 1830 4773 ι’·

654 4796 764 4845 hmtcuus
781 4800 807 4847 ι’.
874 4811 894 4843 s.
915 4814 972 4843 corr.
987 4800 1009 4845 iu
1025 4798 1101 4859 ipsum
1117 4802 1144 4848 ι’.
1210 4800 1227 4847 l.
1247 4800 1360 4849 amando
1376 4804 1404 4851 ι’.

727 4902 752 4958 ι.
776 4901 980 4971 socierum.
1070 4904 1097 4958 a.
1120 4903 1260 4975 nacae.
1350 4906 1376 4961 s.
1400 4904 1553 4977 nauum,
1567 4908 1610 4963 lc.
