4342 6034
612 840 661 889 nx
683 841 839 889 ornnem
860 843 940 889 vrrs
962 842 989 891 s.
1006 842 1183 891 soursnrn
1416 827 1479 895 501

321 980 377 1048 sabi
397 980 541 1049 vendicet
560 986 687 1068 praeter
709 982 815 1049 sedem
839 982 1061 1069 apostolicam,
1084 984 1132 1051 ito
1152 989 1198 1069 ut,
1221 984 1283 1051 nisi
1306 984 1346 1051 ab
1369 985 1482 1055 abbate
1525 970 1529 979 ’

320 1096 496 1165 monasterii
516 1098 613 1165 inerit
633 1099 795 1183 invitatus,
818 1118 878 1165 nec
898 1100 1068 1166 missarum
1083 1100 1250 1167 sollemnia
1262 1100 1380 1169 ibidem
1396 1103 1482 1189 quis·

320 1232 406 1297 quarn
428 1219 611 1299 praesumat
633 1214 807 1298 celebrare,
836 1215 892 1283 sed
913 1216 1004 1282 iuxta
1025 1215 1075 1300 id,
1103 1216 1187 1301 quod
1210 1216 1385 1285 subiectum
1407 1237 1481 1285 con·

318 1332 378 1395 stet
404 1329 595 1415 apostolicae
622 1329 704 1413 sedi,
732 1328 883 1397 firmitate
909 1331 1069 1418 privilegii
1092 1332 1276 1399 inconcusse
1297 1332 1481 1401 roboratum

316 1449 504 1530 permaneat
537 1444 631 1513 Locis
658 1447 754 1515 etiam
781 1453 815 1515 et
835 1446 946 1531 rebus,
974 1467 1053 1532 quas
1075 1452 1143 1513 tam
1165 1448 1315 1515 moderno
1338 1452 1481 1537 tempore

316 1565 397 1626 tenet
423 1560 475 1627 vel
502 1562 660 1647 possidet,
693 1584 787 1648 qnam
816 1582 894 1648 quas
921 1564 1038 1630 futuris
1064 1562 1259 1651 temporibus
1289 1564 1352 1631 iuri
1379 1565 1480 1653 ipsius

315 1676 493 1743 monasterii
521 1677 630 1744 divina
655 1679 758 1765 pietas
787 1698 902 1763 engere
923 1678 1060 1745 voluerit
1081 1700 1121 1745 ex
1145 1678 1235 1747 donis
1259 1684 1291 1747 et
1314 1678 1480 1749 oblationi-

316 1790 367 1857 bus
390 1790 582 1879 decimisque
604 1792 760 1879 fidelium,
788 1793 906 1890 absque
927 1794 1023 1861 ullius
1046 1815 1200 1881 personae
1223 1794 1479 1883 contradictione,

314 1904 458 1973 firmitate
480 1914 635 1996 perpetua
655 1910 845 1996 perfruatur.
881 1909 917 1977 Si
936 1915 1042 1977 antem
1058 1910 1216 1997 quispiam
1230 1916 1358 1979 nostrae
1373 1917 1479 1979 aucto·

314 2023 411 2089 ritatis
433 2030 603 2111 praecepto
625 2046 803 2112 repugnare
825 2026 975 2111 voluerit,
1005 2027 1194 2093 sententiam
1218 2025 1408 2113 apostolicas
1431 2029 1479 2095 di·

313 2139 490 2223 strictionis,
514 2160 594 2226 quae
614 2142 648 2207 in
669 2141 834 2228 privilegio
856 2162 1007 2227 expressa
1021 2146 1078 2226 est,
1103 2142 1300 2228 experiatur3
1325 2148 1478 2211 ettamen

313 2254 380 2338 boc,
409 2256 494 2341 qnod
517 2256 557 2324 cb
580 2276 721 2323 amorem
743 2256 804 2323 Dei
827 2262 859 2323 et
880 2258 1113 2325 venerationem
1137 2258 1238 2325 sancti
1261 2256 1348 2324 Petri
1371 2264 1478 2327 aucto-
1599 2330 1602 2340 ,

313 2370 400 2438 ritate
422 2377 533 2438 nostra
553 2370 759 2456 firmavimus,
782 2373 896 2440 stabile
917 2379 1113 2459 permaneat,
1136 2393 1233 2439 manu
1255 2378 1365 2441 nostra
1386 2375 1478 2442 robo-

312 2492 408 2552 ratum
433 2492 466 2553 et
487 2493 554 2554 tam
576 2488 663 2554 annli
682 2490 783 2555 nostri
803 2489 1012 2575 impressione
1031 2509 1127 2574 quam
1142 2487 1283 2557 fidelium
1297 2495 1478 2557 nostrornm

313 2602 529 2688 astipulatione
551 2604 721 2671 subnixum
729 2601 758 2670 “.

392 2716 534 2787 Eodem¹
548 2724 690 2807 tempore
711 2720 853 2804 contigit,
877 2725 914 2785 ut
936 2720 1064 2804 quidam
1086 2718 1219 2789 clericus
1237 2720 1365 2789 nemine
1379 2722 1478 2791 Adol-

311 2853 370 2918 ger,
393 2834 495 2901 bonae
517 2836 764 2906 conversationis
787 2836 852 2920 vir,
881 2841 990 2903 sancto
1013 2834 1175 2902 Bonifacio
1199 2835 1365 2905 adhereret
1387 2839 1478 2925 eique

311 2948 439 3017 fideliter
472 2951 677 3018 ministraret
716 2949 794 3016 Post
821 2950 979 3017 modicum
1008 2972 1082 3017 vero
1112 2951 1264 3038 temporis
1293 2952 1478 3021 infirmitate

310 3066 392 3149 graui
415 3072 545 3152 captus,
567 3086 640 3133 cnm
662 3086 697 3133 se
718 3066 753 3133 in
776 3066 925 3131 extremis
948 3066 1042 3133 buius
1063 3066 1149 3133 vitae
1171 3068 1312 3153 positum
1334 3070 1475 3157 sentiret,

311 3199 374 3247 cum
397 3182 529 3276 oonsilio
553 3182 614 3249 viri
628 3180 699 3265 Dei,
722 3201 925 3267 quaecunque
947 3182 1078 3268 praedia
1097 3204 1137 3249 ex
1152 3182 1327 3250 hereditate
1341 3186 1477 3271 patemo

310 3294 424 3381 babuit,
446 3298 487 3363 ad
510 3296 662 3365 Sanctum
675 3296 846 3363 Martinam
868 3298 1009 3365 tradidit
1046 3296 1109 3365 Sed
1127 3318 1164 3365 eo
1181 3298 1337 3384 defuncto,
1360 3300 1475 3369 bobes

311 3413 370 3479 dus
391 3414 550 3500 Aspertne
573 3418 606 3481 et
620 3412 791 3479 Trutmnnt
812 3415 929 3498 omnia,
953 3435 1033 3499 quae
1055 3414 1188 3481 tradidit
1209 3415 1243 3481 in
1266 3414 1343 3482 loeis
1367 3416 1476 3485 subter

309 3530 482 3614 nominatis,
496 3529 530 3595 id
545 3534 595 3595 est
608 3528 649 3594 ad
659 3529 865 3614 Amanaburg
876 3530 917 3596 ad
927 3528 1203 3599 Breitenbrunnon
1215 3536 1246 3597 et
1258 3530 1425 3619 Selebeim,
1441 3533 1474 3599 in

309 3663 392 3711 snam
413 3650 604 3732 potestatem
625 3644 818 3729 redigebant.
853 3644 996 3731 Cumque
1018 3666 1076 3733 pro
1099 3646 1159 3711 hac
1181 3666 1276 3713 cansa
1296 3648 1473 3715 adefonso-

309 3759 388 3826 ribus
411 3760 553 3848 episcopi
575 3760 833 3845 admonerentur,
860 3762 1106 3848 responderunt,
1135 3762 1271 3831 seualle
1294 3783 1365 3830 cnm
1387 3764 1473 3831 iura·

308 3882 409 3943 mento
437 3875 611 3960 affirmare,
642 3877 726 3962 qnod
753 3877 861 3943 fratris
885 3876 1017 3964 praedia
1039 3878 1152 3943 merito
1175 3878 1236 3945 sibi
1258 3879 1471 3947 vendicarent.

309 3989 361 4057 Gai
382 3993 559 4060 iuramento
583 3992 748 4080 episcopus
772 4013 807 4059 se
823 3991 994 4059 affuturum
1008 3994 1165 4079 promisit.
1200 3994 1398 4063 Adveniento
1412 3996 1472 4081 igi·

308 4112 356 4172 tur
376 4108 428 4175 die
449 4114 569 4175 statuta
590 4116 622 4176 et
644 4113 834 4193 congregata
855 4107 1056 4175 multitudine
1079 4110 1208 4196 copioso
1221 4111 1472 4198 propinquorum

308 4240 446 4310 suornm,
473 4230 510 4291 ut
537 4225 729 4312 promissum
751 4226 963 4291 iuramentum
986 4224 1195 4311 complerent,
1225 4226 1353 4295 advenit
1375 4228 1470 4295 etiam

309 4338 352 4403 vir
366 4339 425 4406 Dei
446 4340 577 4428 pariter.
612 4340 691 4407 Cum
715 4346 818 4407 autem
842 4341 998 4428 praedicti
1019 4340 1135 4408 fratrm
1149 4342 1320 4411 iuramenti
1334 4344 1470 4411 faciendi

309 4453 459 4523 adiutores
487 4476 594 4523 secum
622 4457 663 4523 ad
691 4456 791 4523 altare
817 4441 1004 4541 traxissent,
1033 4457 1116 4524 dixit
1144 4458 1184 4525 ad
1211 4478 1264 4525 eos
1287 4460 1468 4547 episcopus:

315 4568 370 4635 Vos
392 4574 454 4638 soli
473 4577 586 4654 iurata,
609 4577 640 4638 oi
660 4574 771 4651 eadm
799 4574 884 4654 nolo,
908 4586 944 4642 ot
965 4596 1069 4639 moneo
1091 4574 1148 4640 bos
1171 4588 1374 4663 oonprepatoa
1390 4598 1468 4662 pcr-

309 4686 396 4752 docio.
428 4687 475 4755 At
495 4688 553 4772 iili,
576 4687 656 4755 nibil
677 4694 847 4773 morantes,
869 4688 1083 4756 iuramentum
1104 4689 1256 4757 fecerunt.
1291 4688 1359 4770 Quo
1373 4690 1467 4777 iacto,

310 4800 465 4890 episcopus
487 4803 570 4871 dixit
592 4804 633 4870 ad
647 4802 734 4870 illos:
757 4784 914 4872 Ioruotioi
946 4804 1007 4883 Qui
1020 4805 1262 4893 respondentes:
1286 4807 1467 4875 [mammae

374 4932 398 4988 1.
420 4932 461 4989 Of.
479 4934 638 4991 Passionem
656 4933 684 4990 S.
696 4934 827 4993 Bonifatii
843 4952 926 5009 supra
942 4952 970 5009 p.
983 4938 1045 4993 476.
