4342 6034
658 737 726 805 494
958 754 1007 803 ex
1028 753 1183 802 oruaonr
1204 754 1284 801 vrrs
1307 752 1334 800 s.
1350 752 1526 801 normann

605 957 608 961 .
659 916 756 979 sores,
777 894 853 963 licet
873 896 907 961 in
930 894 1101 979 praeclaris
1123 894 1262 961 moribus
1285 914 1323 961 ac
1344 894 1457 961 studiis
1480 893 1625 980 pluribus
1644 892 1817 976 effulserint,

657 1012 692 1077 in
714 1012 773 1077 hoo
794 1017 901 1077 tamen
922 1010 1018 1075 nimis
1041 1008 1256 1095 deliquerunt,
1285 1010 1368 1095 quod
1389 1009 1582 1077 monasteria
1603 1009 1753 1077 nonnulla
1773 1009 1820 1075 vel

657 1127 720 1213 ipsi
747 1133 813 1193 tam
841 1126 986 1191 inmensa
1007 1126 1150 1211 obsequii
1173 1126 1222 1193 sni
1245 1125 1407 1192 exactione
1430 1144 1525 1210 quam
1547 1124 1748 1211 praediorum
1770 1124 1820 1191 ab·
1892 1154 1893 1177 ³

656 1242 773 1309 latione
795 1242 1033 1324 destruxerunt,
1063 1241 1115 1308 vel
1137 1242 1291 1329 episcopis
1313 1260 1370 1307 eeu
1390 1241 1485 1307 etiam
1511 1240 1601 1307 laicis
1627 1240 1820 1325 quibusdem,

656 1357 737 1423 nihil
758 1358 863 1423 minus
886 1376 981 1441 quam
998 1356 1206 1423 monasticam
1221 1356 1406 1439 religionem
1421 1356 1615 1439 curantibus,
1638 1355 1822 1423 destruenda
1892 1352 1893 1419 ᾗ

656 1472 864 1540 tradiderunt
893 1472 944 1539 At
964 1471 1099 1539 Karolus
1122 1478 1230 1539 noster
1252 1492 1316 1539 nou
1338 1471 1440 1539 solum
1464 1472 1542 1539 haec
1563 1472 1694 1538 minime
1715 1470 1823 1537 fecisse

657 1588 800 1671 refertur,
824 1588 880 1655 sed
902 1587 998 1654 etiam
1020 1607 1038 1653 e
1060 1592 1170 1653 contre
1192 1587 1347 1672 quaedam
1368 1588 1438 1655 loca
1460 1587 1501 1653 ad
1522 1588 1742 1673 episcopatum
1756 1606 1822 1672 per

656 1704 801 1784 tinentia,
823 1703 962 1790 proediis
985 1702 1162 1788 duplicibus
1185 1702 1326 1787 redditis,
1349 1723 1421 1770 cum
1444 1702 1574 1769 consilio
1593 1702 1764 1785 communi,
1787 1701 1822 1767 eb

658 1819 829 1906 episcopali
857 1819 975 1887 ditione
1003 1817 1138 1885 absolvit
1164 1816 1370 1904 libertateque
1395 1818 1495 1901 regali
1518 1818 1715 1900 sublimavit,
1747 1818 1823 1883 sicut

658 1936 759 2002 sancti
780 1934 1008 2001 Emmerammi
1034 1933 1214 2015 cenobium3
1243 1954 1452 2020 praenoscens
1481 1941 1517 1999 ut
1546 1954 1618 2001 reor
1640 1933 1821 2020 prophetiae
1892 1916 1893 1983 l

657 2052 773 2137 spiritu
796 2087 837 2097 -
862 2050 945 2134 quod
971 2055 1014 2119 et¹
1028 2070 1086 2115 nos
1115 2050 1271 2115 ceruimus
1300 2055 1332 2115 et
1359 2050 1532 2115 anteriores
1561 2050 1662 2117 uestri
1683 2049 1751 2115 iam
1773 2048 1822 2113 diu
1892 2088 1893 2143 3

657 2167 824 2253 impletum
856 2166 1003 2232 viderunt
1025 2201 1067 2210 -
1091 2164 1161 2231 loca
1194 2171 1317 2249 sancta,
1354 2185 1434 2250 quae
1466 2165 1652 2231 necessariis
1681 2164 1821 2231 omnibus

657 2282 848 2349 sufficienter
870 2286 961 2349 erant
982 2280 1130 2347 redimita
1153 2280 1255 2346 esuis
1269 2280 1512 2365 institutoribus,
1535 2281 1655 2347 tradita
1668 2300 1747 2347 uero
1763 2280 1821 2365 epi

657 2398 772 2485 scopis,
795 2403 827 2464 et
848 2398 882 2463 in
906 2397 1073 2483 penuriam
1095 2396 1268 2463 maximam
1291 2402 1323 2464 et
1344 2398 1377 2463 iu
1401 2396 1645 2463 destructionem
1665 2397 1767 2463 totius
1781 2396 1822 2461 di·
1892 2448 1893 2485 ,

656 2514 809 2600 scipliuae
843 2512 996 2596 regularis
1023 2517 1158 2579 sennua
1185 2512 1263 2579 fore.
1305 2510 1367 2579 Sed
1395 2512 1455 2578 hoc
1482 2533 1680 2598 nequaquam
1709 2512 1821 2579 idcirco

657 2628 743 2711 dico,
773 2628 856 2713 quod
885 2627 992 2693 omnia
1017 2627 1148 2693 cenobia
1176 2628 1332 2713 episcopis
1360 2626 1500 2693 subiecta
1527 2628 1689 2695 destructa
1716 2629 1821 2709 sciam,

657 2744 713 2811 sed
734 2750 857 2830 partem
879 2744 1060 2809 maximam
1096 2742 1186 2820 Quod
1201 2747 1308 2809 tamen
1331 2762 1367 2808 eo
1383 2744 1485 2826 magis
1499 2742 1667 2809 dolendum
1684 2750 1717 2809 et
1733 2744 1821 2809 mise
1892 2746 1893 2827 l

656 2860 790 2927 randum
812 2859 947 2941 videtur,
970 2880 1032 2944 qno
1054 2858 1159 2925 miuus
1183 2859 1222 2925 ab
1245 2858 1462 2942 ignorantibus
1485 2859 1563 2942 legis
1586 2859 1713 2925 diviuee
1735 2878 1820 2945 prae·
1892 2872 1893 2921 l

656 2981 749 3062 cepta
774 2976 831 3042 sed
854 2996 874 3042 a
895 2975 1085 3042 doctissimis
1108 2974 1228 3057 agitur3
1257 2975 1327 3059 qui,
1355 2976 1524 3041 commissa
1545 2975 1606 3042 sibi
1628 2974 1819 3041 destruentes

656 3091 796 3174 cenobia,
818 3112 882 3157 nou
904 3090 1007 3157 solum
1028 3091 1095 3177 ipsi
1113 3095 1245 3176 peccant
1267 3090 1323 3155 sed
1338 3090 1433 3157 etiam
1448 3090 1545 3156 laicos
1560 3108 1691 3175 peccare
1706 3089 1818 3155 faciunt
1892 3074 1893 3117 l

655 3208 690 3273 iu
712 3207 823 3273 eadem
844 3207 1064 3273 destructione.
1100 3205 1176 3283 Quis
1199 3206 1283 3271 euim
1306 3205 1457 3271 laicorum
1479 3226 1544 3271 uon
1559 3210 1660 3291 putat,
1684 3206 1746 3271 sibi
1761 3206 1817 3271 iam

655 3322 766 3406 licere,
800 3321 949 3407 quicquid
976 3322 1105 3388 clericos
1135 3322 1236 3387 cernit
1264 3321 1388 3387 facere?
1422 3320 1512 3388 Unde
1541 3321 1651 3387 iubis
1679 3322 1816 3387 omnibus

655 3436 807 3503 Karolum
835 3456 1011 3523 proponere
1038 3456 1206 3523 possumus
1235 3436 1276 3503 ad
1299 3436 1486 3523 exemplum.
1524 3435 1613 3503 Sicut
1634 3438 1719 3503 enim
1741 3438 1816 3503 iuter

655 3574 763 3637 reges,
793 3571 988 3619 successores
1011 3552 1157 3619 videlicet
1179 3572 1268 3636 suos,
1298 3572 1361 3619 uon
1391 3560 1439 3619 est
1460 3552 1606 3619 iuuentus
1630 3552 1743 3621 similis
1764 3551 1815 3633 illi,

657 3669 711 3754 qui
732 3673 933 3735 conservaret
953 3668 1053 3751 legem
1068 3667 1206 3749 Excelsi,
1229 3668 1277 3735 ita
1297 3667 1402 3735 nullus
1426 3688 1532 3735 eorum
1555 3675 1629 3755 post
1649 3690 1720 3735 eum
1735 3674 1816 3735 tauta

656 3785 758 3869 gloria
784 3788 935 3869 mutaque
963 3784 1106 3871 potentia
1132 3784 1251 3871 potitus
1281 3790 1330 3850 est
1356 3784 1390 3851 in
1416 3784 1477 3851 boc
1499 3784 1614 3851 seculo.
1650 3784 1816 3867 Meritoque

657 3900 695 3967 de
717 3899 772 3965 illo
795 3899 924 3966 dicitur:
947 3901 1024 3967 Non
1045 3903 1165 3967 recedet
1185 3905 1337 3967 maneria
1359 3905 1435 3981 aas,
1460 3914 1489 3967 et
1509 3924 1621 3966 nomen
1637 3906 1703 3967 eiua
1717 3904 1814 3987 repai-

655 4029 742 4081 relwr
763 4042 785 4081 o
804 4020 1003 4102 pancratiooe
1022 4020 1059 4081 ia
1078 4020 1309 4103 permotionem
1318 4012 1335 4080 ¹.
1425 4014 1505 4093 Quia
1526 4016 1625 4099 igitur
1649 4018 1765 4085 occasio
1784 4036 1814 4081 se

655 4130 730 4197 talis
756 4132 902 4217 praebuit
922 4136 973 4217 ut,
1001 4137 1300 4215 commemorantes,
1329 4137 1447 4217 quanta
1469 4131 1580 4215 religio
1604 4132 1663 4199 sub
1687 4130 1813 4215 antiquis

655 4247 850 4333 principibus
879 4253 1058 4333 quantaque
1084 4248 1181 4314 luerit
1207 4247 1377 4315 destructio
1406 4246 1547 4313 eiusdem
1575 4247 1737 4332 religionis
1760 4244 1812 4311 sub

655 4362 831 4448 modernis,
858 4384 916 4450 per
942 4364 1122 4430 huiusmodi
1144 4363 1304 4449 opposita,
1336 4362 1449 4448 quibus
1471 4363 1547 4448 quid
1569 4364 1612 4431 sit
1634 4364 1744 4431 melius
1763 4360 1811 4427 de·

655 4478 809 4564 claretur,
837 4479 958 4566 aliquos
980 4481 1078 4547 etiam
1099 4480 1301 4547 incitaremus
1325 4479 1366 4545 ad
1388 4478 1533 4561 meliora;
1562 4499 1672 4563 nemo,
1700 4496 1809 4565 precor,

655 4594 733 4662 baec
753 4595 884 4679 indigna
904 4596 988 4663 lectu
1009 4602 1042 4663 et
1064 4596 1174 4663 auditu
1197 4595 1362 4679 decernat,
1386 4595 1441 4662 sed
1463 4594 1568 4681 potius
1592 4590 1808 4675 aberdeensi

655 4710 689 4776 in
711 4714 801 4777 tauta
822 4710 1032 4779 destructione
1054 4732 1127 4779 reus
1149 4712 1276 4797 existat,
1299 4711 1440 4799 penitere
1456 4716 1489 4777 et
1506 4710 1672 4779 emendare
1686 4708 1807 4790 studeat,

728 4844 753 4896 1.
777 4841 861 4897 secu
873 4843 917 4913 ac,
930 4844 974 4898 13.
