4342 6034
660 753 728 819 olo
1071 770 1152 819 vini
1174 770 1370 819 mannaim
1389 770 1417 819 11

573 918 642 973 1128
816 910 886 979 Hoo
904 911 1004 995 igitur
1023 916 1131 998 paeto,
1155 912 1289 979 fratrum
1313 911 1428 979 oelehri
1450 932 1546 997 grege
1567 915 1642 982 faoto

717 1044 749 1093 oo
771 1027 933 1094 claustrali
954 1029 1040 1113 inre,
1062 1027 1197 1114 prelatio
1220 1025 1456 1115 prepositurae¹

770 1138 883 1210 oeesit¹
903 1143 1090 1211 Adelhertoz
1114 1144 1223 1211 Olenus
1246 1144 1335 1211 sedet
1355 1144 1465 1211 ordine
1487 1148 1588 1227 oerto;

770 1260 874 1346 primo
896 1260 1052 1327 maiorum
1073 1260 1164 1327 honr
1185 1260 1269 1327 hnno
1290 1260 1384 1345 legit,
1406 1260 1480 1327 inde
1502 1262 1662 1345 minorum,

770 1395 903 1461 annique
924 1376 996 1463 peri
1016 1381 1090 1442 voto
1112 1394 1172 1463 par
1194 1382 1243 1442 est
1263 1376 1353 1443 lavor
1375 1378 1409 1442 in
1431 1396 1527 1461 grege
1548 1382 1612 1443 toto

770 1496 804 1558 et
823 1512 884 1579 pan
904 1510 1075 1559 oonaensns
1097 1490 1148 1559 vel
1169 1512 1230 1577 par
1252 1491 1419 1559 oonoordia
1441 1510 1562 1559 mens.

718 1626 750 1673 oo
772 1606 847 1692 Qui,
870 1609 917 1674 sio
939 1608 1072 1690 eleetos,
1096 1608 1217 1673 studuit
1236 1607 1333 1673 index
1355 1608 1424 1673 iore
1445 1614 1560 1691 neotus,

768 1742 831 1789 non
853 1723 961 1809 tepide
982 1742 1126 1810 qouque
1148 1723 1334 1811 dispensans
1356 1722 1508 1790 fratribus
1531 1744 1618 1809 equa

663 1873 666 1877 ι
812 1838 889 1923 Qui,
910 1839 1151 1907 imdamentum
1172 1858 1293 1926 ponens
1316 1838 1419 1907 verbis
1442 1840 1630 1926 sapientum,

768 1956 860 2022 dietis
883 1956 1046 2022 doetornm
1068 1952 1339 2042 snperelifioando
1360 1955 1512 2041 priorum,

769 2070 925 2139 Saxoniae
946 2076 1054 2158 partes
1077 2070 1172 2154 adiit,
1195 2068 1278 2156 qnod
1300 2071 1437 2138 disoeret
1459 2077 1557 2153 artem
1577 2106 1618 2119 ·-··

714 2206 745 2253 aa
811 2187 890 2255 urhe
910 2188 986 2254 lieet
1005 2186 1112 2273 patria
1132 2186 1252 2253 lneeret
1273 2186 1474 2274 philosophia

768 2322 806 2369 ao
827 2303 913 2370 soola
932 2301 1074 2387 floreret,
1098 2312 1161 2387 qna
1181 2300 1304 2369 dootior
1326 2322 1395 2369 esse
1418 2302 1546 2387 valeret,

768 2419 797 2485 si
818 2438 883 2484 non
904 2437 981 2485 onra
1001 2418 1090 2484 ohori
1111 2418 1194 2485 sonet
1215 2418 1288 2485 hnie
1308 2419 1413 2485 invisa
1432 2418 1534 2485 laboti

767 2554 826 2601 neo
846 2534 935 2617 rigor
954 2533 1106 2601 eoeleeiae
1129 2532 1220 2601 daret
1240 2534 1468 2621 impedimenta
1488 2534 1634 2621 sophiae;

767 2670 842 2717 nam
863 2650 1042 2737 psalmodia
1063 2650 1261 2717 disconvenit
1283 2655 1378 2737 atque
1400 2649 1520 2737 sophia.

716 2786 747 2833 to
769 2767 861 2851 Quia,
884 2784 1011 2853 precor,
1033 2772 1103 2833 arta
1125 2766 1196 2853 pari
1217 2767 1336 2853 poteiit
1356 2765 1443 2833 loono
1464 2764 1622 2847 irradiari,

766 2902 860 2969 qnam
884 2881 1002 2949 Ronm
1024 2882 1138 2949 similis
1160 2880 1339 2969 Mogontia,
1363 2888 1465 2948 mater
1486 2880 1613 2948 herilis?

766 2999 827 3067 llio
848 2998 987 3066 studium
1009 3000 1131 3066 oresoit.
1166 2996 1227 3067 Hie
1248 2996 1448 3084 philosophia
1468 2997 1597 3064 virescit

766 3135 827 3183 noo
848 3115 925 3181 sinit
945 3114 1015 3181 hio·
1036 3114 1131 3201 plane
1153 3114 1296 3182 eonsnmi
1318 3118 1443 3200 tempus
1464 3112 1568 3197 inane,

766 3230 855 3299 utilis
875 3230 1048 3315 indigenis,
1072 3234 1121 3297 aet
1142 3228 1307 3297 oommoda
1328 3228 1399 3315 plue
1423 3228 1549 3310 alienis3

715 3366 745 3414 oo
767 3367 841 3414 nam
863 3348 954 3413 iuxta
974 3365 1096 3413 morem
1118 3344 1295 3433 predictum
1318 3346 1385 3413 sive
1406 3350 1548 3412 tenorem

765 3484 830 3531 non
850 3463 935 3530 valet
955 3461 1105 3547 indigena
1125 3460 1212 3529 refioi
1235 3460 1399 3529 dolendine
1421 3462 1525 3549 plena,

765 3579 818 3646 hio
839 3578 982 3646 invitatis
1004 3598 1099 3665 qnam
1122 3578 1177 3645 dat
1198 3577 1355 3665 sapientia
1376 3578 1492 3662 gretis;

766 3716 862 3782 quae,
886 3716 944 3762 sua
965 3714 1029 3761 non
1051 3714 1146 3781 parce
1168 3694 1251 3761 bono
1273 3692 1367 3778 dens,
1391 3694 1479 3762 sodet
1500 3692 1588 3761 urhis
1610 3692 1644 3759 in
1666 3712 1755 3779 aree,

767 3815 919 3880 oonvooat
940 3814 973 3877 ot
994 3815 1119 3895 gentes,
1142 3808 1229 3876 refici
1251 3828 1310 3895 por
1331 3810 1446 3894 dogma
1466 3808 1616 3877 volentes.
1909 3836 1910 3925 p

714 3947 745 3995 eo
810 3926 879 3995 Hoo
900 3925 998 4011 igitur
1018 3930 1111 4014 paeto
1133 3946 1197 3993 non
1221 3924 1374 4011 segniter,
1398 3926 1490 3993 exule
1511 3926 1594 3993 laeto
1909 3926 1910 3931 ’

765 4044 826 4111 hoo
847 4042 1060 4128 adoleaoente,
1082 4062 1135 4109 res
1157 4042 1269 4127 dignas
1292 4042 1372 4109 seire
1393 4040 1528 4127 volente,

765 4160 989 4228 Hildeneshem
1010 4160 1144 4247 petitur,
1167 4157 1253 4226 soola
1275 4156 1389 4226 nobilis
1412 4158 1500 4226 urbis
1522 4156 1629 4224 initur.

764 4276 848 4345 Hino
868 4278 950 4364 petit
971 4274 1152 4360 ecelesiam,
1175 4274 1310 4363 supplex
1333 4274 1451 4342 orando
1473 4274 1617 4359 Mariam,

764 4394 909 4462 inatioiae
931 4392 1030 4461 solem
1053 4410 1133 4478 quae
1154 4390 1289 4479 protulit
1308 4392 1428 4459 innuba
1449 4388 1580 4478 prolem.

726 4604 748 4639 ι.
767 4594 803 4639 sic
817 4594 914 4637 mail
928 4607 1008 4639 nasa
1024 4592 1075 4637 alsia
1090 4606 1151 4637 ease.
1161 4592 1224 4639 111:
1239 4588 1290 4636 hoe.

726 4697 751 4751 1.
774 4693 803 4750 8.
816 4694 918 4751 llarlae
934 4692 1126 4749 Eriordienais.
1201 4694 1227 4748 8.
1251 4708 1323 4749 anno
1342 4694 1419 4749 1128.
1447 4694 1482 4748 V.
1501 4691 1623 4747 Annnles
1640 4688 1668 4747 8.
1680 4690 1755 4745 Petri
1773 4690 1823 4745 En

654 4782 724 4843 foro
737 4784 808 4843 1128
824 4787 854 4838 et
872 4784 942 4841 1138
960 4783 1042 4851 (lion.
1059 4781 1151 4839 Germ.
1170 4780 1218 4839 SS.
1232 4782 1299 4839 XVI
1312 4782 1356 4847 18)
1375 4787 1404 4838 et
1420 4780 1589 4839 Adalbertil
1606 4778 1723 4849 arehiep.
1741 4779 1821 4837 aoe-

654 4874 709 4929 hm
727 4889 772 4945 ap.
791 4870 904 4945 Stumpi
917 4870 991 4928 Aeto
1007 4870 1168 4943 llagnntina
1185 4888 1213 4944 p.
1227 4872 1269 4928 15.
