<?xml version="1.0" encoding="UTF-8"?>
<!DOCTYPE html PUBLIC "-//W3C//DTD XHTML 1.0 Transitional//EN"
    "http://www.w3.org/TR/xhtml1/DTD/xhtml1-transitional.dtd">
<html xmlns="http://www.w3.org/1999/xhtml" xml:lang="en" lang="en">
 <head>
  <title>
</title>
<meta http-equiv="Content-Type" content="text/html;charset=utf-8" />
  <meta name='ocr-system' content='tesseract 3.04.00' />
  <meta name='ocr-capabilities' content='ocr_page ocr_carea ocr_par ocr_line ocrx_word'/>
</head>
<body>
  <div class='ocr_page' id='page_1' title='image "./monumentamogunt00lulgoog/monumentamogunt00lulgoog_0700.png"; bbox 0 0 4342 6034; ppageno 0'>
   <div class='ocr_carea' id='block_1_1' title="bbox 656 768 1577 835">
    <p class='ocr_par' dir='ltr' id='par_1_1' title="bbox 656 768 1577 835">
     <span class='ocr_line' id='line_1_1' title="bbox 656 768 1577 835; baseline -0.002 0"><span class='ocrx_word' id='word_1_1' title='bbox 656 768 722 835; x_wconf 76' lang='lat'><strong>682</strong></span> <span class='ocrx_word' id='word_1_2' title='bbox 898 784 1096 833; x_wconf 70' lang='lat' dir='ltr'><strong>cannarum</strong></span> <span class='ocrx_word' id='word_1_3' title='bbox 1117 784 1318 833; x_wconf 81' lang='lat' dir='ltr'><strong>cranonrcon</strong></span> <span class='ocrx_word' id='word_1_4' title='bbox 1341 782 1577 833; x_wconf 78' lang='lat' dir='ltr'><strong>uoconrnron</strong></span> 
     </span>
    </p>
   </div>
   <div class='ocr_carea' id='block_1_2' title="bbox 652 922 1822 4365">
    <p class='ocr_par' dir='ltr' id='par_1_2' title="bbox 652 922 1822 4365">
     <span class='ocr_line' id='line_1_2' title="bbox 655 922 1818 1011; baseline -0.004 -17"><span class='ocrx_word' id='word_1_5' title='bbox 655 926 787 1011; x_wconf 84' lang='lat' dir='ltr'><strong>genibus</strong></span> <span class='ocrx_word' id='word_1_6' title='bbox 794 937 815 1009; x_wconf 81' lang='lat'><strong>¹,</strong></span> <span class='ocrx_word' id='word_1_7' title='bbox 839 926 873 992; x_wconf 89' lang='lat' dir='ltr'><strong>in</strong></span> <span class='ocrx_word' id='word_1_8' title='bbox 895 925 1023 1008; x_wconf 84' lang='lat' dir='ltr'><strong>femore,</strong></span> <span class='ocrx_word' id='word_1_9' title='bbox 1046 926 1079 991; x_wconf 92' lang='lat' dir='ltr'><strong>in</strong></span> <span class='ocrx_word' id='word_1_10' title='bbox 1095 924 1244 1011; x_wconf 89' lang='lat' dir='ltr'><strong>humeris,</strong></span> <span class='ocrx_word' id='word_1_11' title='bbox 1267 926 1302 992; x_wconf 92' lang='lat' dir='ltr'><strong>in</strong></span> <span class='ocrx_word' id='word_1_12' title='bbox 1317 924 1432 1009; x_wconf 91' lang='lat' dir='ltr'><strong>cubito,</strong></span> <span class='ocrx_word' id='word_1_13' title='bbox 1455 926 1490 991; x_wconf 94' lang='lat' dir='ltr'><strong>in</strong></span> <span class='ocrx_word' id='word_1_14' title='bbox 1504 924 1662 1009; x_wconf 87' lang='lat' dir='ltr'><strong>manibus,</strong></span> <span class='ocrx_word' id='word_1_15' title='bbox 1684 924 1718 990; x_wconf 91' lang='lat' dir='ltr'><strong>in</strong></span> <span class='ocrx_word' id='word_1_16' title='bbox 1733 922 1818 1005; x_wconf 90' lang='lat' dir='ltr'><strong>eollo,</strong></span> 
     </span>
     <span class='ocr_line' id='line_1_3' title="bbox 655 1040 1821 1129; baseline -0.003 -20"><span class='ocrx_word' id='word_1_17' title='bbox 655 1044 710 1110; x_wconf 90' lang='lat' dir='ltr'><strong>ubi</strong></span> <span class='ocrx_word' id='word_1_18' title='bbox 737 1043 862 1129; x_wconf 90' lang='lat' dir='ltr'><strong>corpori</strong></span> <span class='ocrx_word' id='word_1_19' title='bbox 888 1041 1061 1108; x_wconf 83' lang='lat' dir='ltr'><strong>inherebat</strong></span> <span class='ocrx_word' id='word_1_20' title='bbox 1098 1040 1230 1108; x_wconf 75' lang='lat' dir='ltr'><strong>Caetera</strong></span> <span class='ocrx_word' id='word_1_21' title='bbox 1256 1062 1330 1127; x_wconf 89' lang='lat' dir='ltr'><strong>pars</strong></span> <span class='ocrx_word' id='word_1_22' title='bbox 1360 1042 1518 1128; x_wconf 88' lang='lat' dir='ltr'><strong>corporis,</strong></span> <span class='ocrx_word' id='word_1_23' title='bbox 1548 1040 1678 1107; x_wconf 90' lang='lat' dir='ltr'><strong>dorsum</strong></span> <span class='ocrx_word' id='word_1_24' title='bbox 1705 1040 1821 1106; x_wconf 85' lang='lat' dir='ltr'><strong>scilieet</strong></span> 
     </span>
     <span class='ocr_line' id='line_1_4' title="bbox 655 1156 1821 1243; baseline -0.003 -18"><span class='ocrx_word' id='word_1_25' title='bbox 655 1164 687 1226; x_wconf 91' lang='lat' dir='ltr'><strong>et</strong></span> <span class='ocrx_word' id='word_1_26' title='bbox 714 1164 838 1242; x_wconf 87' lang='lat' dir='ltr'><strong>venter,</strong></span> <span class='ocrx_word' id='word_1_27' title='bbox 867 1158 986 1243; x_wconf 89' lang='lat' dir='ltr'><strong>pariter</strong></span> <span class='ocrx_word' id='word_1_28' title='bbox 1014 1156 1211 1223; x_wconf 88' lang='lat' dir='ltr'><strong>coherebant.</strong></span> <span class='ocrx_word' id='word_1_29' title='bbox 1247 1156 1290 1222; x_wconf 90' lang='lat' dir='ltr'><strong>Et</strong></span> <span class='ocrx_word' id='word_1_30' title='bbox 1316 1157 1375 1222; x_wconf 92' lang='lat' dir='ltr'><strong>hoc</strong></span> <span class='ocrx_word' id='word_1_31' title='bbox 1401 1156 1488 1239; x_wconf 91' lang='lat' dir='ltr'><strong>ideo,</strong></span> <span class='ocrx_word' id='word_1_32' title='bbox 1516 1160 1553 1222; x_wconf 91' lang='lat' dir='ltr'><strong>ut</strong></span> <span class='ocrx_word' id='word_1_33' title='bbox 1575 1156 1767 1221; x_wconf 88' lang='lat' dir='ltr'><strong>commodius</strong></span> <span class='ocrx_word' id='word_1_34' title='bbox 1792 1161 1821 1221; x_wconf 89' lang='lat' dir='ltr'><strong>et</strong></span> 
     </span>
     <span class='ocr_line' id='line_1_5' title="bbox 655 1270 1821 1359; baseline -0.003 -19"><span class='ocrx_word' id='word_1_35' title='bbox 655 1276 795 1341; x_wconf 76' lang='lat' dir='ltr'><strong>securium</strong></span> <span class='ocrx_word' id='word_1_36' title='bbox 822 1278 930 1359; x_wconf 89' lang='lat' dir='ltr'><strong>posset</strong></span> <span class='ocrx_word' id='word_1_37' title='bbox 956 1272 990 1338; x_wconf 92' lang='lat' dir='ltr'><strong>in</strong></span> <span class='ocrx_word' id='word_1_38' title='bbox 1014 1273 1125 1356; x_wconf 87' lang='lat' dir='ltr'><strong>archa,</strong></span> <span class='ocrx_word' id='word_1_39' title='bbox 1154 1270 1213 1337; x_wconf 87' lang='lat' dir='ltr'><strong>sibi</strong></span> <span class='ocrx_word' id='word_1_40' title='bbox 1236 1270 1358 1339; x_wconf 87' lang='lat' dir='ltr'><strong>adhoc</strong></span> <span class='ocrx_word' id='word_1_41' title='bbox 1380 1272 1544 1358; x_wconf 85' lang='lat' dir='ltr'><strong>deputata,</strong></span> <span class='ocrx_word' id='word_1_42' title='bbox 1573 1271 1752 1358; x_wconf 76' lang='lat' dir='ltr'>specialiter</span> <span class='ocrx_word' id='word_1_43' title='bbox 1772 1292 1821 1337; x_wconf 81' lang='lat' dir='ltr'><strong>rc-</strong></span> 
     </span>
     <span class='ocr_line' id='line_1_6' title="bbox 658 1386 1821 1474; baseline -0.002 -19"><span class='ocrx_word' id='word_1_44' title='bbox 658 1390 787 1465; x_wconf 84' lang='lat' dir='ltr'><strong>servari.</strong></span> <span class='ocrx_word' id='word_1_45' title='bbox 878 1387 965 1455; x_wconf 89' lang='lat' dir='ltr'><strong>Haeo</strong></span> <span class='ocrx_word' id='word_1_46' title='bbox 986 1408 1059 1454; x_wconf 90' lang='lat' dir='ltr'><strong>raro</strong></span> <span class='ocrx_word' id='word_1_47' title='bbox 1080 1387 1273 1474; x_wconf 87' lang='lat' dir='ltr'><strong>ponebatur,</strong></span> <span class='ocrx_word' id='word_1_48' title='bbox 1302 1388 1364 1453; x_wconf 91' lang='lat' dir='ltr'><strong>nisi</strong></span> <span class='ocrx_word' id='word_1_49' title='bbox 1386 1388 1467 1454; x_wconf 82' lang='lat' dir='ltr'><strong>forte</strong></span> <span class='ocrx_word' id='word_1_50' title='bbox 1489 1392 1655 1473; x_wconf 86' lang='lat' dir='ltr'><strong>praesente</strong></span> <span class='ocrx_word' id='word_1_51' title='bbox 1677 1408 1751 1470; x_wconf 87' lang='lat' dir='ltr'><strong>rego</strong></span> <span class='ocrx_word' id='word_1_52' title='bbox 1770 1386 1821 1453; x_wconf 82' lang='lat' dir='ltr'><strong>vel</strong></span> 
     </span>
     <span class='ocr_line' id='line_1_7' title="bbox 656 1502 1822 1590; baseline -0.003 -20"><span class='ocrx_word' id='word_1_53' title='bbox 656 1504 717 1570; x_wconf 91' lang='lat' dir='ltr'><strong>alio</strong></span> <span class='ocrx_word' id='word_1_54' title='bbox 740 1524 854 1588; x_wconf 88' lang='lat' dir='ltr'><strong>magno</strong></span> <span class='ocrx_word' id='word_1_55' title='bbox 876 1502 1030 1590; x_wconf 88' lang='lat' dir='ltr'><strong>principe,</strong></span> <span class='ocrx_word' id='word_1_56' title='bbox 1054 1502 1141 1568; x_wconf 90' lang='lat' dir='ltr'><strong>etin</strong></span> <span class='ocrx_word' id='word_1_57' title='bbox 1163 1502 1253 1569; x_wconf 83' lang='lat' dir='ltr'><strong>fertis</strong></span> <span class='ocrx_word' id='word_1_58' title='bbox 1276 1503 1411 1589; x_wconf 77' lang='lat' dir='ltr'><strong>paschae</strong></span> <span class='ocrx_word' id='word_1_59' title='bbox 1433 1502 1484 1569; x_wconf 86' lang='lat' dir='ltr'><strong>vel</strong></span> <span class='ocrx_word' id='word_1_60' title='bbox 1498 1504 1613 1569; x_wconf 88' lang='lat' dir='ltr'><strong>natalis</strong></span> <span class='ocrx_word' id='word_1_61' title='bbox 1629 1502 1768 1586; x_wconf 82' lang='lat' dir='ltr'><strong>Domini,</strong></span> <span class='ocrx_word' id='word_1_62' title='bbox 1794 1508 1822 1568; x_wconf 83' lang='lat' dir='ltr'><strong>et</strong></span> 
     </span>
     <span class='ocr_line' id='line_1_8' title="bbox 654 1616 1821 1706; baseline -0.003 -20"><span class='ocrx_word' id='word_1_63' title='bbox 654 1618 802 1706; x_wconf 84' lang='lat' dir='ltr'><strong>pontifice</strong></span> <span class='ocrx_word' id='word_1_64' title='bbox 823 1620 883 1685; x_wconf 93' lang='lat' dir='ltr'><strong>hoc</strong></span> <span class='ocrx_word' id='word_1_65' title='bbox 904 1618 1039 1685; x_wconf 84' lang='lat' dir='ltr'><strong>iubente.</strong></span> <span class='ocrx_word' id='word_1_66' title='bbox 1075 1616 1155 1683; x_wconf 82' lang='lat' dir='ltr'><strong>Cum</strong></span> <span class='ocrx_word' id='word_1_67' title='bbox 1179 1624 1283 1685; x_wconf 63' lang='lat' dir='ltr'><strong>numm</strong></span> <span class='ocrx_word' id='word_1_68' title='bbox 1308 1618 1366 1684; x_wconf 93' lang='lat' dir='ltr'><strong>boc</strong></span> <span class='ocrx_word' id='word_1_69' title='bbox 1387 1616 1457 1683; x_wconf 81' lang='lat' dir='ltr'><strong>fieri</strong></span> <span class='ocrx_word' id='word_1_70' title='bbox 1480 1618 1660 1704; x_wconf 87' lang='lat' dir='ltr'><strong>oportebat,</strong></span> <span class='ocrx_word' id='word_1_71' title='bbox 1690 1625 1766 1685; x_wconf 89' lang='lat' dir='ltr'><strong>tuno</strong></span> <span class='ocrx_word' id='word_1_72' title='bbox 1790 1619 1821 1683; x_wconf 92' lang='lat' dir='ltr'><strong>in</strong></span> 
     </span>
     <span class='ocr_line' id='line_1_9' title="bbox 654 1732 1821 1819; baseline -0.001 -19"><span class='ocrx_word' id='word_1_73' title='bbox 654 1735 723 1801; x_wconf 89' lang='lat' dir='ltr'><strong>loco</strong></span> <span class='ocrx_word' id='word_1_74' title='bbox 744 1734 835 1801; x_wconf 87' lang='lat' dir='ltr'><strong>valde</strong></span> <span class='ocrx_word' id='word_1_75' title='bbox 858 1734 1025 1817; x_wconf 82' lang='lat' dir='ltr'><strong>eminenti,</strong></span> <span class='ocrx_word' id='word_1_76' title='bbox 1052 1734 1088 1799; x_wconf 93' lang='lat' dir='ltr'><strong>in</strong></span> <span class='ocrx_word' id='word_1_77' title='bbox 1117 1733 1235 1819; x_wconf 91' lang='lat' dir='ltr'><strong>templo</strong></span> <span class='ocrx_word' id='word_1_78' title='bbox 1258 1752 1354 1819; x_wconf 89' lang='lat' dir='ltr'><strong>super</strong></span> <span class='ocrx_word' id='word_1_79' title='bbox 1376 1734 1512 1817; x_wconf 91' lang='lat' dir='ltr'><strong>trabem,</strong></span> <span class='ocrx_word' id='word_1_80' title='bbox 1543 1734 1596 1800; x_wconf 91' lang='lat' dir='ltr'><strong>ubi</strong></span> <span class='ocrx_word' id='word_1_81' title='bbox 1618 1733 1696 1799; x_wconf 90' lang='lat' dir='ltr'><strong>nulli</strong></span> <span class='ocrx_word' id='word_1_82' title='bbox 1720 1732 1821 1799; x_wconf 87' lang='lat' dir='ltr'><strong>alieno</strong></span> 
     </span>
     <span class='ocr_line' id='line_1_10' title="bbox 653 1847 1821 1938; baseline -0.003 -21"><span class='ocrx_word' id='word_1_83' title='bbox 653 1851 783 1938; x_wconf 88' lang='lat' dir='ltr'><strong>patebat</strong></span> <span class='ocrx_word' id='word_1_84' title='bbox 804 1870 958 1934; x_wconf 65' lang='lat' dir='ltr'><strong>maus,</strong></span> <span class='ocrx_word' id='word_1_85' title='bbox 981 1870 1001 1915; x_wconf 87' lang='lat' dir='ltr'><strong>a</strong></span> <span class='ocrx_word' id='word_1_86' title='bbox 1018 1848 1170 1914; x_wconf 80' lang='lat' dir='ltr'><strong>ministris</strong></span> <span class='ocrx_word' id='word_1_87' title='bbox 1185 1847 1330 1915; x_wconf 88' lang='lat' dir='ltr'><strong>fidelibus</strong></span> <span class='ocrx_word' id='word_1_88' title='bbox 1344 1847 1515 1915; x_wconf 84' lang='lat' dir='ltr'><strong>Iocabatur.</strong></span> <span class='ocrx_word' id='word_1_89' title='bbox 1583 1848 1619 1915; x_wconf 93' lang='lat' dir='ltr'><strong>ln</strong></span> <span class='ocrx_word' id='word_1_90' title='bbox 1634 1849 1727 1915; x_wconf 91' lang='lat' dir='ltr'><strong>buius</strong></span> <span class='ocrx_word' id='word_1_91' title='bbox 1743 1850 1821 1914; x_wconf 82' lang='lat' dir='ltr'><strong>ima-</strong></span> 
     </span>
     <span class='ocr_line' id='line_1_11' title="bbox 653 1964 1820 2052; baseline 0 -21"><span class='ocrx_word' id='word_1_92' title='bbox 653 1968 736 2050; x_wconf 88' lang='lat' dir='ltr'><strong>ginis</strong></span> <span class='ocrx_word' id='word_1_93' title='bbox 759 1969 862 2052; x_wconf 88' lang='lat' dir='ltr'><strong>capito</strong></span> <span class='ocrx_word' id='word_1_94' title='bbox 884 1966 953 2032; x_wconf 91' lang='lat' dir='ltr'><strong>loco</strong></span> <span class='ocrx_word' id='word_1_95' title='bbox 975 1964 1137 2031; x_wconf 88' lang='lat' dir='ltr'><strong>oculorum</strong></span> <span class='ocrx_word' id='word_1_96' title='bbox 1161 1970 1251 2030; x_wconf 89' lang='lat' dir='ltr'><strong>erant</strong></span> <span class='ocrx_word' id='word_1_97' title='bbox 1273 1964 1353 2029; x_wconf 89' lang='lat' dir='ltr'><strong>duae</strong></span> <span class='ocrx_word' id='word_1_98' title='bbox 1375 1984 1527 2048; x_wconf 87' lang='lat' dir='ltr'><strong>gemmae,</strong></span> <span class='ocrx_word' id='word_1_99' title='bbox 1551 1985 1629 2049; x_wconf 88' lang='lat' dir='ltr'><strong>quas</strong></span> <span class='ocrx_word' id='word_1_100' title='bbox 1649 1964 1820 2031; x_wconf 79' lang='lat' dir='ltr'><strong>carbuncu</strong></span> 
     </span>
     <span class='ocr_line' id='line_1_12' title="bbox 653 2078 1819 2165; baseline -0.002 -16"><span class='ocrx_word' id='word_1_101' title='bbox 653 2082 701 2148; x_wconf 90' lang='lat' dir='ltr'><strong>los</strong></span> <span class='ocrx_word' id='word_1_102' title='bbox 723 2088 847 2165; x_wconf 75' lang='lat' dir='ltr'><strong>nocam,</strong></span> <span class='ocrx_word' id='word_1_103' title='bbox 871 2086 979 2147; x_wconf 88' lang='lat' dir='ltr'><strong>tantae</strong></span> <span class='ocrx_word' id='word_1_104' title='bbox 1001 2080 1228 2164; x_wconf 78' lang='lat' dir='ltr'><strong>magnitudinis</strong></span> <span class='ocrx_word' id='word_1_105' title='bbox 1246 2084 1282 2145; x_wconf 89' lang='lat' dir='ltr'><strong>ut</strong></span> <span class='ocrx_word' id='word_1_106' title='bbox 1295 2080 1357 2146; x_wconf 91' lang='lat' dir='ltr'><strong>duo</strong></span> <span class='ocrx_word' id='word_1_107' title='bbox 1372 2078 1472 2145; x_wconf 86' lang='lat' dir='ltr'><strong>vitelli</strong></span> <span class='ocrx_word' id='word_1_108' title='bbox 1487 2099 1632 2161; x_wconf 84' lang='lat' dir='ltr'><strong>ovorum3</strong></span> <span class='ocrx_word' id='word_1_109' title='bbox 1657 2080 1761 2163; x_wconf 91' lang='lat' dir='ltr'><strong>quiin</strong></span> <span class='ocrx_word' id='word_1_110' title='bbox 1774 2085 1819 2147; x_wconf 85' lang='lat' dir='ltr'><strong>tc·</strong></span> 
     </span>
     <span class='ocr_line' id='line_1_13' title="bbox 654 2194 1776 2279; baseline -0.004 -14"><span class='ocrx_word' id='word_1_111' title='bbox 654 2198 760 2265; x_wconf 82' lang='lat' dir='ltr'><strong>nebris</strong></span> <span class='ocrx_word' id='word_1_112' title='bbox 783 2198 998 2265; x_wconf 85' lang='lat' dir='ltr'><strong>coruscabant</strong></span> <span class='ocrx_word' id='word_1_113' title='bbox 1074 2195 1157 2261; x_wconf 89' lang='lat' dir='ltr'><strong>Huic</strong></span> <span class='ocrx_word' id='word_1_114' title='bbox 1179 2196 1263 2261; x_wconf 92' lang='lat' dir='ltr'><strong>cruci</strong></span> <span class='ocrx_word' id='word_1_115' title='bbox 1285 2194 1455 2279; x_wconf 89' lang='lat' dir='ltr'><strong>inscriptus</strong></span> <span class='ocrx_word' id='word_1_116' title='bbox 1478 2202 1547 2261; x_wconf 89' lang='lat' dir='ltr'><strong>erat</strong></span> <span class='ocrx_word' id='word_1_117' title='bbox 1568 2216 1678 2262; x_wconf 85' lang='lat' dir='ltr'><strong>versus</strong></span> <span class='ocrx_word' id='word_1_118' title='bbox 1700 2196 1776 2263; x_wconf 85' lang='lat' dir='ltr'><strong>iste:</strong></span> 
     </span>
     <span class='ocr_line' id='line_1_14' title="bbox 820 2310 1649 2379; baseline -0.004 -1"><span class='ocrx_word' id='word_1_119' title='bbox 820 2313 901 2378; x_wconf 82' lang='lat' dir='ltr'><strong>Auri</strong></span> <span class='ocrx_word' id='word_1_120' title='bbox 924 2316 1088 2379; x_wconf 84' lang='lat' dir='ltr'><strong>sexcentas</strong></span> <span class='ocrx_word' id='word_1_121' title='bbox 1110 2312 1205 2379; x_wconf 90' lang='lat' dir='ltr'><strong>babet</strong></span> <span class='ocrx_word' id='word_1_122' title='bbox 1226 2312 1303 2377; x_wconf 90' lang='lat' dir='ltr'><strong>haec</strong></span> <span class='ocrx_word' id='word_1_123' title='bbox 1326 2330 1403 2375; x_wconf 84' lang='lat' dir='ltr'><strong>crux</strong></span> <span class='ocrx_word' id='word_1_124' title='bbox 1425 2330 1522 2377; x_wconf 91' lang='lat' dir='ltr'><strong>aurea</strong></span> <span class='ocrx_word' id='word_1_125' title='bbox 1543 2310 1649 2377; x_wconf 90' lang='lat' dir='ltr'><strong>libras.</strong></span> 
     </span>
     <span class='ocr_line' id='line_1_15' title="bbox 653 2426 1819 2513; baseline -0.003 -18"><span class='ocrx_word' id='word_1_126' title='bbox 653 2428 697 2495; x_wconf 90' lang='lat' dir='ltr'><strong>Et</strong></span> <span class='ocrx_word' id='word_1_127' title='bbox 724 2428 828 2512; x_wconf 67' lang='lat' dir='ltr'><strong>notul,</strong></span> <span class='ocrx_word' id='word_1_128' title='bbox 858 2428 941 2513; x_wconf 90' lang='lat' dir='ltr'><strong>quod</strong></span> <span class='ocrx_word' id='word_1_129' title='bbox 969 2448 1033 2493; x_wconf 90' lang='lat' dir='ltr'><strong>una</strong></span> <span class='ocrx_word' id='word_1_130' title='bbox 1059 2427 1142 2493; x_wconf 89' lang='lat' dir='ltr'><strong>libra</strong></span> <span class='ocrx_word' id='word_1_131' title='bbox 1169 2426 1264 2493; x_wconf 88' lang='lat' dir='ltr'><strong>babet</strong></span> <span class='ocrx_word' id='word_1_132' title='bbox 1292 2426 1370 2492; x_wconf 89' lang='lat' dir='ltr'><strong>duas</strong></span> <span class='ocrx_word' id='word_1_133' title='bbox 1397 2426 1543 2493; x_wconf 81' lang='lat' dir='ltr'><strong>marchas</strong></span> <span class='ocrx_word' id='word_1_134' title='bbox 1566 2427 1649 2508; x_wconf 80' lang='lat' dir='ltr'><strong>auri3</strong></span> <span class='ocrx_word' id='word_1_135' title='bbox 1679 2426 1819 2510; x_wconf 85' lang='lat' dir='ltr'><strong>sicergo</strong></span> 
     </span>
     <span class='ocr_line' id='line_1_16' title="bbox 654 2540 1820 2629; baseline -0.003 -19"><span class='ocrx_word' id='word_1_136' title='bbox 654 2550 745 2611; x_wconf 92' lang='lat' dir='ltr'><strong>erant</strong></span> <span class='ocrx_word' id='word_1_137' title='bbox 772 2542 859 2609; x_wconf 92' lang='lat' dir='ltr'><strong>mille</strong></span> <span class='ocrx_word' id='word_1_138' title='bbox 888 2548 920 2608; x_wconf 89' lang='lat' dir='ltr'><strong>et</strong></span> <span class='ocrx_word' id='word_1_139' title='bbox 949 2543 1103 2609; x_wconf 80' lang='lat' dir='ltr'><strong>ducentae</strong></span> <span class='ocrx_word' id='word_1_140' title='bbox 1131 2542 1258 2609; x_wconf 90' lang='lat' dir='ltr'><strong>marcbe</strong></span> <span class='ocrx_word' id='word_1_141' title='bbox 1287 2542 1356 2609; x_wconf 87' lang='lat' dir='ltr'><strong>auri</strong></span> <span class='ocrx_word' id='word_1_142' title='bbox 1379 2542 1603 2629; x_wconf 84' lang='lat' dir='ltr'><strong>probatissimi.</strong></span> <span class='ocrx_word' id='word_1_143' title='bbox 1640 2540 1706 2607; x_wconf 90' lang='lat' dir='ltr'><strong>Nec</strong></span> <span class='ocrx_word' id='word_1_144' title='bbox 1728 2542 1820 2607; x_wconf 90' lang='lat' dir='ltr'><strong>silen-</strong></span> 
     </span>
     <span class='ocr_line' id='line_1_17' title="bbox 654 2656 1820 2745; baseline -0.002 -20"><span class='ocrx_word' id='word_1_145' title='bbox 654 2660 729 2725; x_wconf 91' lang='lat' dir='ltr'><strong>dum</strong></span> <span class='ocrx_word' id='word_1_146' title='bbox 758 2659 908 2726; x_wconf 77' lang='lat' dir='ltr'><strong>arbitror:</strong></span> <span class='ocrx_word' id='word_1_147' title='bbox 942 2678 1001 2745; x_wconf 95' lang='lat' dir='ltr'><strong>pro</strong></span> <span class='ocrx_word' id='word_1_148' title='bbox 1036 2658 1165 2745; x_wconf 90' lang='lat' dir='ltr'><strong>speciali</strong></span> <span class='ocrx_word' id='word_1_149' title='bbox 1198 2658 1291 2723; x_wconf 91' lang='lat' dir='ltr'><strong>buius</strong></span> <span class='ocrx_word' id='word_1_150' title='bbox 1320 2658 1389 2723; x_wconf 91' lang='lat' dir='ltr'><strong>auri</strong></span> <span class='ocrx_word' id='word_1_151' title='bbox 1419 2656 1688 2723; x_wconf 83' lang='lat' dir='ltr'><strong>examinatissima</strong></span> <span class='ocrx_word' id='word_1_152' title='bbox 1715 2657 1820 2723; x_wconf 83' lang='lat' dir='ltr'><strong>valore</strong></span> 
     </span>
     <span class='ocr_line' id='line_1_18' title="bbox 653 2771 1818 2861; baseline -0.002 -20"><span class='ocrx_word' id='word_1_153' title='bbox 653 2794 731 2841; x_wconf 89' lang='lat' dir='ltr'><strong>cmx</strong></span> <span class='ocrx_word' id='word_1_154' title='bbox 753 2776 825 2861; x_wconf 91' lang='lat' dir='ltr'><strong>ipsa</strong></span> <span class='ocrx_word' id='word_1_155' title='bbox 846 2775 975 2861; x_wconf 89' lang='lat' dir='ltr'><strong>proprio</strong></span> <span class='ocrx_word' id='word_1_156' title='bbox 997 2776 1125 2840; x_wconf 92' lang='lat' dir='ltr'><strong>nomine</strong></span> <span class='ocrx_word' id='word_1_157' title='bbox 1148 2774 1341 2841; x_wconf 89' lang='lat' dir='ltr'><strong>censebatur.</strong></span> <span class='ocrx_word' id='word_1_158' title='bbox 1376 2772 1555 2839; x_wconf 84' lang='lat' dir='ltr'><strong>Vocabatur</strong></span> <span class='ocrx_word' id='word_1_159' title='bbox 1577 2776 1684 2839; x_wconf 87' lang='lat' dir='ltr'><strong>autem</strong></span> <span class='ocrx_word' id='word_1_160' title='bbox 1702 2771 1818 2839; x_wconf 85' lang='lat' dir='ltr'><strong>Benna</strong></span> 
     </span>
     <span class='ocr_line' id='line_1_19' title="bbox 742 2888 1817 2975; baseline -0.003 -18"><span class='ocrx_word' id='word_1_161' title='bbox 742 2890 791 2957; x_wconf 89' lang='lat' dir='ltr'><strong>De</strong></span> <span class='ocrx_word' id='word_1_162' title='bbox 812 2890 1005 2957; x_wconf 85' lang='lat' dir='ltr'><strong>indumentis</strong></span> <span class='ocrx_word' id='word_1_163' title='bbox 1021 2889 1223 2975; x_wconf 85' lang='lat' dir='ltr'><strong>quotidianis,</strong></span> <span class='ocrx_word' id='word_1_164' title='bbox 1247 2888 1401 2973; x_wconf 87' lang='lat' dir='ltr'><strong>crucibus,</strong></span> <span class='ocrx_word' id='word_1_165' title='bbox 1424 2888 1584 2973; x_wconf 90' lang='lat' dir='ltr'><strong>calicibus,</strong></span> <span class='ocrx_word' id='word_1_166' title='bbox 1608 2888 1758 2975; x_wconf 87' lang='lat' dir='ltr'><strong>ampullis</strong></span> <span class='ocrx_word' id='word_1_167' title='bbox 1772 2896 1817 2954; x_wconf 78' lang='lat' dir='ltr'><strong>at</strong></span> 
     </span>
     <span class='ocr_line' id='line_1_20' title="bbox 653 3004 1815 3091; baseline -0.004 -17"><span class='ocrx_word' id='word_1_168' title='bbox 653 3007 836 3089; x_wconf 84' lang='lat' dir='ltr'><strong>timentibus,</strong></span> <span class='ocrx_word' id='word_1_169' title='bbox 860 3012 892 3072; x_wconf 91' lang='lat' dir='ltr'><strong>et</strong></span> <span class='ocrx_word' id='word_1_170' title='bbox 912 3006 1080 3072; x_wconf 86' lang='lat' dir='ltr'><strong>thuribulis</strong></span> <span class='ocrx_word' id='word_1_171' title='bbox 1103 3006 1295 3073; x_wconf 85' lang='lat' dir='ltr'><strong>mentionem</strong></span> <span class='ocrx_word' id='word_1_172' title='bbox 1316 3006 1420 3071; x_wconf 85' lang='lat' dir='ltr'><strong>lacere</strong></span> <span class='ocrx_word' id='word_1_173' title='bbox 1442 3010 1570 3091; x_wconf 89' lang='lat' dir='ltr'><strong>propter</strong></span> <span class='ocrx_word' id='word_1_174' title='bbox 1584 3004 1815 3071; x_wconf 85' lang='lat' dir='ltr'><strong>multitudinem</strong></span> 
     </span>
     <span class='ocr_line' id='line_1_21' title="bbox 653 3120 1815 3209; baseline -0.003 -19"><span class='ocrx_word' id='word_1_175' title='bbox 653 3143 718 3190; x_wconf 94' lang='lat' dir='ltr'><strong>non</strong></span> <span class='ocrx_word' id='word_1_176' title='bbox 744 3124 823 3189; x_wconf 90' lang='lat' dir='ltr'><strong>bene</strong></span> <span class='ocrx_word' id='word_1_177' title='bbox 850 3133 1007 3209; x_wconf 85' lang='lat' dir='ltr'><strong>possum·.</strong></span> <span class='ocrx_word' id='word_1_178' title='bbox 1100 3120 1162 3187; x_wconf 89' lang='lat' dir='ltr'><strong>Sed</strong></span> <span class='ocrx_word' id='word_1_179' title='bbox 1190 3121 1331 3207; x_wconf 89' lang='lat' dir='ltr'><strong>quiade</strong></span> <span class='ocrx_word' id='word_1_180' title='bbox 1361 3120 1509 3188; x_wconf 89' lang='lat' dir='ltr'><strong>calicibus</strong></span> <span class='ocrx_word' id='word_1_181' title='bbox 1539 3120 1688 3203; x_wconf 85' lang='lat' dir='ltr'><strong>dicimus,</strong></span> <span class='ocrx_word' id='word_1_182' title='bbox 1723 3120 1815 3186; x_wconf 87' lang='lat' dir='ltr'><strong>subiit</strong></span> 
     </span>
     <span class='ocr_line' id='line_1_22' title="bbox 653 3234 1813 3323; baseline -0.003 -18"><span class='ocrx_word' id='word_1_183' title='bbox 653 3238 815 3322; x_wconf 88' lang='lat' dir='ltr'><strong>memoria,</strong></span> <span class='ocrx_word' id='word_1_184' title='bbox 839 3236 922 3323; x_wconf 90' lang='lat' dir='ltr'><strong>quod</strong></span> <span class='ocrx_word' id='word_1_185' title='bbox 943 3238 1064 3303; x_wconf 85' lang='lat' dir='ltr'><strong>fueram</strong></span> <span class='ocrx_word' id='word_1_186' title='bbox 1086 3238 1150 3303; x_wconf 88' lang='lat' dir='ltr'><strong>iam</strong></span> <span class='ocrx_word' id='word_1_187' title='bbox 1175 3236 1299 3304; x_wconf 91' lang='lat' dir='ltr'><strong>oblitus.</strong></span> <span class='ocrx_word' id='word_1_188' title='bbox 1333 3234 1435 3303; x_wconf 89' lang='lat' dir='ltr'><strong>Erant</strong></span> <span class='ocrx_word' id='word_1_189' title='bbox 1457 3236 1569 3303; x_wconf 88' lang='lat' dir='ltr'><strong>calices</strong></span> <span class='ocrx_word' id='word_1_190' title='bbox 1589 3235 1754 3303; x_wconf 88' lang='lat' dir='ltr'><strong>duodecim</strong></span> <span class='ocrx_word' id='word_1_191' title='bbox 1768 3256 1813 3301; x_wconf 86' lang='lat' dir='ltr'><strong>ar-</strong></span> 
     </span>
     <span class='ocr_line' id='line_1_23' title="bbox 653 3352 1813 3439; baseline -0.004 -19"><span class='ocrx_word' id='word_1_192' title='bbox 653 3355 773 3438; x_wconf 88' lang='lat' dir='ltr'><strong>gentei,</strong></span> <span class='ocrx_word' id='word_1_193' title='bbox 798 3374 906 3419; x_wconf 91' lang='lat' dir='ltr'><strong>omnes</strong></span> <span class='ocrx_word' id='word_1_194' title='bbox 929 3353 1085 3437; x_wconf 85' lang='lat' dir='ltr'><strong>deaurati,</strong></span> <span class='ocrx_word' id='word_1_195' title='bbox 1110 3352 1248 3420; x_wconf 89' lang='lat' dir='ltr'><strong>eiusdem</strong></span> <span class='ocrx_word' id='word_1_196' title='bbox 1272 3352 1435 3439; x_wconf 92' lang='lat' dir='ltr'><strong>ponderis,</strong></span> <span class='ocrx_word' id='word_1_197' title='bbox 1459 3372 1530 3419; x_wconf 92' lang='lat' dir='ltr'><strong>cum</strong></span> <span class='ocrx_word' id='word_1_198' title='bbox 1552 3353 1677 3438; x_wconf 89' lang='lat' dir='ltr'><strong>patenis</strong></span> <span class='ocrx_word' id='word_1_199' title='bbox 1701 3352 1813 3419; x_wconf 85' lang='lat' dir='ltr'><strong>scilicet</strong></span> 
     </span>
     <span class='ocr_line' id='line_1_24' title="bbox 653 3466 1810 3556; baseline -0.003 -20"><span class='ocrx_word' id='word_1_200' title='bbox 653 3470 693 3537; x_wconf 90' lang='lat' dir='ltr'><strong>de</strong></span> <span class='ocrx_word' id='word_1_201' title='bbox 710 3470 812 3536; x_wconf 90' lang='lat' dir='ltr'><strong>tribus</strong></span> <span class='ocrx_word' id='word_1_202' title='bbox 826 3469 977 3551; x_wconf 83' lang='lat' dir='ltr'><strong>marchis3</strong></span> <span class='ocrx_word' id='word_1_203' title='bbox 1002 3470 1128 3556; x_wconf 87' lang='lat' dir='ltr'><strong>dempto</strong></span> <span class='ocrx_word' id='word_1_204' title='bbox 1144 3468 1249 3553; x_wconf 93' lang='lat' dir='ltr'><strong>calice,</strong></span> <span class='ocrx_word' id='word_1_205' title='bbox 1273 3470 1326 3554; x_wconf 87' lang='lat' dir='ltr'><strong>qui</strong></span> <span class='ocrx_word' id='word_1_206' title='bbox 1342 3466 1521 3555; x_wconf 89' lang='lat' dir='ltr'><strong>pertinebat</strong></span> <span class='ocrx_word' id='word_1_207' title='bbox 1535 3466 1574 3532; x_wconf 92' lang='lat' dir='ltr'><strong>ad</strong></span> <span class='ocrx_word' id='word_1_208' title='bbox 1589 3468 1693 3534; x_wconf 85' lang='lat' dir='ltr'><strong>maius</strong></span> <span class='ocrx_word' id='word_1_209' title='bbox 1709 3468 1810 3549; x_wconf 79' lang='lat' dir='ltr'><strong>altare,</strong></span> 
     </span>
     <span class='ocr_line' id='line_1_25' title="bbox 653 3582 1811 3671; baseline -0.005 -18"><span class='ocrx_word' id='word_1_210' title='bbox 653 3591 685 3653; x_wconf 90' lang='lat' dir='ltr'><strong>et</strong></span> <span class='ocrx_word' id='word_1_211' title='bbox 705 3586 734 3651; x_wconf 93' lang='lat' dir='ltr'><strong>is</strong></span> <span class='ocrx_word' id='word_1_212' title='bbox 757 3591 896 3652; x_wconf 73' lang='lat' dir='ltr'><strong>caetmos</strong></span> <span class='ocrx_word' id='word_1_213' title='bbox 918 3586 1051 3651; x_wconf 87' lang='lat' dir='ltr'><strong>dimidia</strong></span> <span class='ocrx_word' id='word_1_214' title='bbox 1071 3584 1200 3651; x_wconf 88' lang='lat' dir='ltr'><strong>marcha</strong></span> <span class='ocrx_word' id='word_1_215' title='bbox 1220 3582 1437 3671; x_wconf 88' lang='lat' dir='ltr'><strong>praecellebat.</strong></span> <span class='ocrx_word' id='word_1_216' title='bbox 1473 3582 1610 3649; x_wconf 84' lang='lat' dir='ltr'><strong>Cuilibet</strong></span> <span class='ocrx_word' id='word_1_217' title='bbox 1623 3582 1715 3651; x_wconf 87' lang='lat' dir='ltr'><strong>calici</strong></span> <span class='ocrx_word' id='word_1_218' title='bbox 1729 3588 1811 3649; x_wconf 84' lang='lat' dir='ltr'><strong>erant</strong></span> 
     </span>
     <span class='ocr_line' id='line_1_26' title="bbox 653 3698 1809 3789; baseline -0.004 -21"><span class='ocrx_word' id='word_1_219' title='bbox 653 3702 805 3789; x_wconf 89' lang='lat' dir='ltr'><strong>speciales</strong></span> <span class='ocrx_word' id='word_1_220' title='bbox 833 3701 991 3787; x_wconf 89' lang='lat' dir='ltr'><strong>ampullae</strong></span> <span class='ocrx_word' id='word_1_221' title='bbox 1012 3706 1179 3785; x_wconf 78' lang='lat' dir='ltr'><strong>argenteae</strong></span> <span class='ocrx_word' id='word_1_222' title='bbox 1201 3706 1232 3767; x_wconf 88' lang='lat' dir='ltr'><strong>et</strong></span> <span class='ocrx_word' id='word_1_223' title='bbox 1254 3699 1365 3786; x_wconf 80' lang='lat' dir='ltr'><strong>pyrisd</strong></span> <span class='ocrx_word' id='word_1_224' title='bbox 1389 3704 1537 3782; x_wconf 86' lang='lat' dir='ltr'><strong>argentea</strong></span> <span class='ocrx_word' id='word_1_225' title='bbox 1560 3698 1600 3763; x_wconf 89' lang='lat' dir='ltr'><strong>ad</strong></span> <span class='ocrx_word' id='word_1_226' title='bbox 1622 3698 1742 3765; x_wconf 87' lang='lat' dir='ltr'><strong>bestias</strong></span> <span class='ocrx_word' id='word_1_227' title='bbox 1763 3699 1809 3763; x_wconf 89' lang='lat' dir='ltr'><strong>do-</strong></span> 
     </span>
     <span class='ocr_line' id='line_1_27' title="bbox 652 3814 1806 3906; baseline -0.004 -21"><span class='ocrx_word' id='word_1_228' title='bbox 652 3824 773 3906; x_wconf 83' lang='lat' dir='ltr'><strong>putata</strong></span> <span class='ocrx_word' id='word_1_229' title='bbox 862 3816 992 3884; x_wconf 90' lang='lat' dir='ltr'><strong>Praeter</strong></span> <span class='ocrx_word' id='word_1_230' title='bbox 1013 3816 1080 3883; x_wconf 89' lang='lat' dir='ltr'><strong>bos·</strong></span> <span class='ocrx_word' id='word_1_231' title='bbox 1095 3816 1207 3883; x_wconf 88' lang='lat' dir='ltr'><strong>calices</strong></span> <span class='ocrx_word' id='word_1_232' title='bbox 1231 3820 1320 3882; x_wconf 86' lang='lat' dir='ltr'><strong>erant</strong></span> <span class='ocrx_word' id='word_1_233' title='bbox 1341 3821 1406 3882; x_wconf 91' lang='lat' dir='ltr'><strong>tres</strong></span> <span class='ocrx_word' id='word_1_234' title='bbox 1430 3815 1526 3881; x_wconf 89' lang='lat' dir='ltr'><strong>aurei.</strong></span> <span class='ocrx_word' id='word_1_235' title='bbox 1561 3814 1598 3881; x_wconf 93' lang='lat' dir='ltr'><strong>ln</strong></span> <span class='ocrx_word' id='word_1_236' title='bbox 1620 3834 1684 3881; x_wconf 93' lang='lat' dir='ltr'><strong>uno</strong></span> <span class='ocrx_word' id='word_1_237' title='bbox 1705 3814 1806 3881; x_wconf 89' lang='lat' dir='ltr'><strong>borum</strong></span> 
     </span>
     <span class='ocr_line' id='line_1_28' title="bbox 652 3930 1806 4021; baseline -0.005 -20"><span class='ocrx_word' id='word_1_238' title='bbox 652 3939 777 4021; x_wconf 88' lang='lat' dir='ltr'><strong>poterat</strong></span> <span class='ocrx_word' id='word_1_239' title='bbox 799 3934 961 4017; x_wconf 90' lang='lat' dir='ltr'><strong>celebrari,</strong></span> <span class='ocrx_word' id='word_1_240' title='bbox 984 3933 1074 4018; x_wconf 88' lang='lat' dir='ltr'><strong>quia·</strong></span> <span class='ocrx_word' id='word_1_241' title='bbox 1097 3933 1193 3999; x_wconf 90' lang='lat' dir='ltr'><strong>etiam</strong></span> <span class='ocrx_word' id='word_1_242' title='bbox 1215 3952 1288 3998; x_wconf 89' lang='lat' dir='ltr'><strong>suas</strong></span> <span class='ocrx_word' id='word_1_243' title='bbox 1310 3930 1421 3997; x_wconf 92' lang='lat' dir='ltr'><strong>habuit</strong></span> <span class='ocrx_word' id='word_1_244' title='bbox 1443 3930 1597 4017; x_wconf 90' lang='lat' dir='ltr'><strong>ampullas</strong></span> <span class='ocrx_word' id='word_1_245' title='bbox 1619 3936 1651 3997; x_wconf 89' lang='lat' dir='ltr'><strong>et</strong></span> <span class='ocrx_word' id='word_1_246' title='bbox 1667 3930 1806 4017; x_wconf 83' lang='lat' dir='ltr'><strong>pyxidem</strong></span> 
     </span>
     <span class='ocr_line' id='line_1_29' title="bbox 654 4044 1804 4135; baseline -0.004 -21"><span class='ocrx_word' id='word_1_247' title='bbox 654 4050 693 4114; x_wconf 92' lang='lat' dir='ltr'><strong>ad</strong></span> <span class='ocrx_word' id='word_1_248' title='bbox 722 4050 842 4115; x_wconf 89' lang='lat' dir='ltr'><strong>hostias</strong></span> <span class='ocrx_word' id='word_1_249' title='bbox 864 4070 904 4116; x_wconf 85' lang='lat' dir='ltr'><strong>ex</strong></span> <span class='ocrx_word' id='word_1_250' title='bbox 927 4068 1003 4115; x_wconf 87' lang='lat' dir='ltr'><strong>auro</strong></span> <span class='ocrx_word' id='word_1_251' title='bbox 1025 4048 1196 4135; x_wconf 90' lang='lat' dir='ltr'><strong>purissimo</strong></span> <span class='ocrx_word' id='word_1_252' title='bbox 1219 4055 1251 4114; x_wconf 89' lang='lat' dir='ltr'><strong>et</strong></span> <span class='ocrx_word' id='word_1_253' title='bbox 1272 4046 1469 4130; x_wconf 87' lang='lat' dir='ltr'><strong>margaritis,</strong></span> <span class='ocrx_word' id='word_1_254' title='bbox 1499 4052 1532 4112; x_wconf 88' lang='lat' dir='ltr'><strong>et</strong></span> <span class='ocrx_word' id='word_1_255' title='bbox 1554 4066 1664 4132; x_wconf 90' lang='lat' dir='ltr'><strong>peram</strong></span> <span class='ocrx_word' id='word_1_256' title='bbox 1686 4044 1725 4112; x_wconf 89' lang='lat' dir='ltr'><strong>ad</strong></span> <span class='ocrx_word' id='word_1_257' title='bbox 1747 4065 1804 4111; x_wconf 90' lang='lat' dir='ltr'><strong>cor·</strong></span> 
     </span>
     <span class='ocr_line' id='line_1_30' title="bbox 652 4160 1804 4251; baseline -0.008 -20"><span class='ocrx_word' id='word_1_258' title='bbox 652 4164 784 4251; x_wconf 90' lang='lat' dir='ltr'><strong>poralia,</strong></span> <span class='ocrx_word' id='word_1_259' title='bbox 806 4164 868 4231; x_wconf 85' lang='lat' dir='ltr'><strong>filis</strong></span> <span class='ocrx_word' id='word_1_260' title='bbox 892 4165 995 4231; x_wconf 89' lang='lat' dir='ltr'><strong>aureis</strong></span> <span class='ocrx_word' id='word_1_261' title='bbox 1017 4164 1154 4247; x_wconf 90' lang='lat' dir='ltr'><strong>insertis,</strong></span> <span class='ocrx_word' id='word_1_262' title='bbox 1177 4164 1251 4231; x_wconf 90' lang='lat' dir='ltr'><strong>miri</strong></span> <span class='ocrx_word' id='word_1_263' title='bbox 1273 4162 1377 4249; x_wconf 87' lang='lat' dir='ltr'><strong>operis</strong></span> <span class='ocrx_word' id='word_1_264' title='bbox 1393 4168 1425 4229; x_wconf 91' lang='lat' dir='ltr'><strong>et</strong></span> <span class='ocrx_word' id='word_1_265' title='bbox 1439 4162 1569 4229; x_wconf 91' lang='lat' dir='ltr'><strong>decoris.</strong></span> <span class='ocrx_word' id='word_1_266' title='bbox 1652 4160 1804 4228; x_wconf 86' lang='lat' dir='ltr'><strong>Habebunt</strong></span> 
     </span>
     <span class='ocr_line' id='line_1_31' title="bbox 657 4278 1801 4365; baseline -0.005 -18"><span class='ocrx_word' id='word_1_267' title='bbox 657 4281 753 4347; x_wconf 89' lang='lat' dir='ltr'><strong>etiam</strong></span> <span class='ocrx_word' id='word_1_268' title='bbox 781 4280 893 4347; x_wconf 89' lang='lat' dir='ltr'><strong>calices</strong></span> <span class='ocrx_word' id='word_1_269' title='bbox 923 4280 978 4346; x_wconf 88' lang='lat' dir='ltr'><strong>alii</strong></span> <span class='ocrx_word' id='word_1_270' title='bbox 1005 4300 1078 4346; x_wconf 86' lang='lat' dir='ltr'><strong>suas</strong></span> <span class='ocrx_word' id='word_1_271' title='bbox 1106 4298 1199 4365; x_wconf 86' lang='lat' dir='ltr'><strong>peras</strong></span> <span class='ocrx_word' id='word_1_272' title='bbox 1222 4278 1263 4345; x_wconf 88' lang='lat' dir='ltr'><strong>ad</strong></span> <span class='ocrx_word' id='word_1_273' title='bbox 1285 4278 1461 4365; x_wconf 88' lang='lat' dir='ltr'><strong>corporalia</strong></span> <span class='ocrx_word' id='word_1_274' title='bbox 1483 4298 1522 4345; x_wconf 85' lang='lat' dir='ltr'><strong>ex</strong></span> <span class='ocrx_word' id='word_1_275' title='bbox 1545 4298 1687 4365; x_wconf 86' lang='lat' dir='ltr'><strong>purpura</strong></span> <span class='ocrx_word' id='word_1_276' title='bbox 1708 4284 1738 4343; x_wconf 86' lang='lat' dir='ltr'><strong>et</strong></span> <span class='ocrx_word' id='word_1_277' title='bbox 1756 4294 1801 4341; x_wconf 86' lang='lat' dir='ltr'><strong>au·</strong></span> 
     </span>
    </p>
   </div>
   <div class='ocr_carea' id='block_1_3' title="bbox 651 4392 1801 4597">
    <p class='ocr_par' dir='ltr' id='par_1_3' title="bbox 651 4392 1801 4597">
     <span class='ocr_line' id='line_1_32' title="bbox 651 4392 1801 4483; baseline -0.007 -20"><span class='ocrx_word' id='word_1_278' title='bbox 651 4396 815 4483; x_wconf 88' lang='lat' dir='ltr'><strong>riphrigiis</strong></span> <span class='ocrx_word' id='word_1_279' title='bbox 837 4397 1014 4463; x_wconf 87' lang='lat' dir='ltr'><strong>adornatas.</strong></span> <span class='ocrx_word' id='word_1_280' title='bbox 1097 4394 1199 4461; x_wconf 87' lang='lat' dir='ltr'><strong>Erant</strong></span> <span class='ocrx_word' id='word_1_281' title='bbox 1219 4394 1344 4463; x_wconf 88' lang='lat' dir='ltr'><strong>fistulae</strong></span> <span class='ocrx_word' id='word_1_282' title='bbox 1366 4396 1502 4479; x_wconf 86' lang='lat' dir='ltr'><strong>quinque</strong></span> <span class='ocrx_word' id='word_1_283' title='bbox 1525 4394 1565 4459; x_wconf 89' lang='lat' dir='ltr'><strong>ad</strong></span> <span class='ocrx_word' id='word_1_284' title='bbox 1585 4392 1801 4461; x_wconf 79' lang='lat' dir='ltr'><strong>communican-</strong></span> 
     </span>
     <span class='ocr_line' id='line_1_33' title="bbox 652 4506 1798 4597; baseline -0.008 -18"><span class='ocrx_word' id='word_1_285' title='bbox 652 4512 743 4597; x_wconf 89' lang='lat' dir='ltr'><strong>dam,</strong></span> <span class='ocrx_word' id='word_1_286' title='bbox 772 4518 938 4596; x_wconf 86' lang='lat' dir='ltr'><strong>argenteae</strong></span> <span class='ocrx_word' id='word_1_287' title='bbox 966 4513 1144 4579; x_wconf 75' lang='lat' dir='ltr'><strong>desumtae.</strong></span> <span class='ocrx_word' id='word_1_288' title='bbox 1234 4510 1335 4577; x_wconf 88' lang='lat' dir='ltr'><strong>Erant</strong></span> <span class='ocrx_word' id='word_1_289' title='bbox 1368 4506 1472 4576; x_wconf 88' lang='lat' dir='ltr'><strong>colae¹</strong></span> <span class='ocrx_word' id='word_1_290' title='bbox 1499 4515 1666 4593; x_wconf 85' lang='lat' dir='ltr'><strong>argenteae</strong></span> <span class='ocrx_word' id='word_1_291' title='bbox 1691 4522 1798 4585; x_wconf 88' lang='lat' dir='ltr'><strong>norem,</strong></span> 
     </span>
    </p>
   </div>
   <div class='ocr_carea' id='block_1_4' title="bbox 650 4682 1799 4831">
    <p class='ocr_par' dir='ltr' id='par_1_4' title="bbox 650 4682 1799 4831">
     <span class='ocr_line' id='line_1_34' title="bbox 724 4682 1799 4749; baseline -0.009 -12"><span class='ocrx_word' id='word_1_292' title='bbox 724 4704 746 4737; x_wconf 78' lang='grc' dir='ltr'>ι</span> <span class='ocrx_word' id='word_1_293' title='bbox 765 4690 876 4749; x_wconf 78' lang='lat' dir='ltr'><strong>gemnibus</strong></span> <span class='ocrx_word' id='word_1_294' title='bbox 890 4692 927 4736; x_wconf 71' lang='lat' dir='ltr'><strong>eet</strong></span> <span class='ocrx_word' id='word_1_295' title='bbox 1003 4690 1026 4737; x_wconf 91' lang='lat' dir='ltr'><strong>b.</strong></span> <span class='ocrx_word' id='word_1_296' title='bbox 1047 4689 1170 4737; x_wconf 81' lang='lat' dir='ltr'><strong>Sciendum</strong></span> <span class='ocrx_word' id='word_1_297' title='bbox 1185 4690 1338 4747; x_wconf 77' lang='lat' dir='ltr'><strong>tamcnrpro</strong></span> <span class='ocrx_word' id='word_1_298' title='bbox 1351 4686 1380 4733; x_wconf 85' lang='lat' dir='ltr'><strong>Et</strong></span> <span class='ocrx_word' id='word_1_299' title='bbox 1395 4690 1455 4735; x_wconf 72' lang='lat' dir='ltr'><strong>nota</strong></span> <span class='ocrx_word' id='word_1_300' title='bbox 1533 4701 1553 4733; x_wconf 90' lang='lat' dir='ltr'><strong>c.</strong></span> <span class='ocrx_word' id='word_1_301' title='bbox 1574 4686 1672 4735; x_wconf 76' lang='lat' dir='ltr'><strong>arbitror</strong></span> <span class='ocrx_word' id='word_1_302' title='bbox 1685 4682 1799 4732; x_wconf 72' lang='lat' dir='ltr'><strong>ociosum!</strong></span> 
     </span>
     <span class='ocr_line' id='line_1_35' title="bbox 650 4767 1394 4831; baseline -0.005 -14"><span class='ocrx_word' id='word_1_303' title='bbox 650 4786 694 4831; x_wconf 80' lang='lat' dir='ltr'><strong>pro</strong></span> <span class='ocrx_word' id='word_1_304' title='bbox 709 4784 755 4817; x_wconf 90' lang='lat' dir='ltr'><strong>non</strong></span> <span class='ocrx_word' id='word_1_305' title='bbox 770 4770 828 4817; x_wconf 86' lang='lat' dir='ltr'><strong>bene</strong></span> <span class='ocrx_word' id='word_1_306' title='bbox 842 4782 943 4829; x_wconf 83' lang='lat' dir='ltr'><strong>possum</strong></span> <span class='ocrx_word' id='word_1_307' title='bbox 1021 4769 1044 4815; x_wconf 83' lang='lat' dir='ltr'><strong>d.</strong></span> <span class='ocrx_word' id='word_1_308' title='bbox 1061 4769 1130 4829; x_wconf 72' lang='lat' dir='ltr'><strong>pppis</strong></span> <span class='ocrx_word' id='word_1_309' title='bbox 1146 4768 1183 4814; x_wconf 75' lang='lat' dir='ltr'><strong>ed.</strong></span> <span class='ocrx_word' id='word_1_310' title='bbox 1261 4782 1281 4813; x_wconf 88' lang='lat' dir='ltr'><strong>e.</strong></span> <span class='ocrx_word' id='word_1_311' title='bbox 1302 4767 1341 4827; x_wconf 90' lang='lat' dir='ltr'><strong>qui</strong></span> <span class='ocrx_word' id='word_1_312' title='bbox 1356 4768 1394 4813; x_wconf 76' lang='lat' dir='ltr'><strong>ed.</strong></span> 
     </span>
    </p>
   </div>
   <div class='ocr_carea' id='block_1_5' title="bbox 722 4874 840 4929">
    <p class='ocr_par' dir='ltr' id='par_1_5' title="bbox 722 4874 840 4929">
     <span class='ocr_line' id='line_1_36' title="bbox 722 4874 840 4929; baseline -0.008 0"><span class='ocrx_word' id='word_1_313' title='bbox 722 4875 748 4929; x_wconf 90' lang='lat'><strong>1.</strong></span> <span class='ocrx_word' id='word_1_314' title='bbox 771 4874 840 4929; x_wconf 77' lang='lat' dir='ltr'><strong>oola</strong></span> 
     </span>
    </p>
   </div>
   <div class='ocr_carea' id='block_1_6' title="bbox 0 0 2176 6034">
    <p class='ocr_par' dir='ltr' id='par_1_6' title="bbox 0 0 2176 6034">
     <span class='ocr_line' id='line_1_37' title="bbox 0 0 2176 6034; baseline 0 2"><span class='ocrx_word' id='word_1_315' title='bbox 0 0 2176 6034; x_wconf 95' lang='lat' dir='ltr'><strong> </strong></span> 
     </span>
    </p>
   </div>
  </div>
 </body>
</html>
