4342 6034
665 764 732 833 3116
976 780 1163 831 componun
1185 780 1412 831 uouuurnnrsn
1435 782 1472 829 m
1489 782 1520 829 14

506 930 648 987 ceo-m
664 942 729 989 nou
756 928 807 991 est
832 922 1107 1009 proesumendnm.
1153 922 1335 1011 Spontnuee
1369 923 1453 991 enim
1482 922 1679 991 confessione
1708 920 1756 989 sel
1780 926 1818 989 ts

665 1039 762 1105 edum
792 1038 1018 1125 approbatione
1044 1038 1205 1125 publicato
1238 1038 1368 1122 delicto,
1403 1038 1510 1106 bebito
1538 1058 1616 1125 pree
1644 1037 1743 1105 oculis
1769 1037 1820 1103 Dei

665 1154 796 1237 timore,
824 1155 993 1221 commisse
1014 1160 1090 1221 sunt
1109 1154 1257 1239 regimini
1278 1160 1404 1221 nostro·
1425 1154 1582 1235 iudicors3
1613 1154 1821 1221 occultavero

666 1275 699 1337 et
724 1269 885 1353 incognite
910 1269 1013 1337 illins'
1040 1276 1115 1338 sunt
1143 1270 1275 1337 iudicio⁶
1298 1268 1520 1355 relinquenda,
1548 1270 1603 1355 qui
1631 1269 1716 1337 eolus
1743 1268 1823 1337 uouit

665 1384 762 1451 corde
788 1383 926 1453 liliorum
952 1385 1115 1453 bominum
1124 1380 1141 1451 ¹.
1188 1382 1231 1451 Hi
1259 1390 1364 1453 eutem
1392 1385 1447 1471 qui
1469 1384 1644 1472 probantur
1665 1384 1716 1451 vol
1736 1382 1823 1452 coni·

664 1506 772 1567 tentm
792 1501 866 1569 tslis
887 1508 994 1569 resim
1016 1521 1052 1569 se
1072 1500 1196 1583 noxios,
1219 1506 1351 1569 tuscos
1374 1501 1508 1585 castiget
1529 1501 1714 1569 moderatio.
1751 1499 1825 1579 Quis

665 1616 695 1683 si
715 1616 801 1700 ille‘,
811 1637 814 1643 ‘
824 1618 879 1703 qui
899 1623 1086 1703 conceptum
1105 1617 1139 1683 in
1154 1621 1243 1684 utero
1259 1636 1316 1703 per
1331 1616 1477 1685 obortum
1491 1616 1653 1703 deleverit,
1676 1615 1825 1683 homicide

665 1737 730 1816 est,
757 1739 876 1818 quento
904 1734 1022 1819 meas,
1050 1734 1105 1819 qui
1126 1732 1219 1803 unius
1242 1732 1355 1803 salom
1378 1732 1441 1801 diei
1463 1734 1630 1821 puerulum
1652 1734 1824 1820 peremerit,

664 1847 856 1915 bomioidcm
877 1869 913 1917 se
934 1870 1004 1917 esse
1025 1868 1176 1917 exemere
1197 1848 1341 1935 nequibit
1368 1898 1377 1915 .
1403 1898 1411 1915 .
1436 1898 1444 1915 .

755 2012 765 2031 .
788 2012 797 2033 .
820 2014 830 2031 .
853 1964 1016 2052 Capituls·
1038 1964 1171 2033 Nicceui
1191 1964 1317 2033 concilii
1339 1964 1519 2033 testimonio
1533 1964 1703 2033 Adanmii
1725 1970 1823 2051 septu·

665 2081 774 2165 sgiuts
794 2081 830 2147 iu
849 2079 986 2165 ligurem
1007 2080 1210 2167 septuaginta
1231 2078 1458 2167 discipulorum
1480 2082 1599 2168 scriptu
1620 2100 1685 2149 non
1708 2078 1824 2147 dubite-
1904 2095 1905 2171 3

664 2216 746 2281 mus,
761 2196 908 2281 equibus
922 2197 1037 2281 uiginti
1049 2201 1174 2263 tentum
1189 2196 1223 2263 iu
1238 2196 1371 2264 ecclesie
1385 2202 1495 2263 ssucts
1507 2196 1652 2265 Romans
1665 2196 1824 2278 habentur,
1904 2224 1905 2285 3

664 2312 722 2379 sed
749 2332 811 2398 quo
838 2311 984 2397 neglectu
1005 2310 1141 2396 reliquc¹
1162 2311 1334 2379 defecerint
1355 2312 1538 2397 embiguum
1560 2318 1617 2381 eet.
1664 2312 1824 2381 Arbion·

663 2432 718 2495 tur
739 2428 824 2495 enim
845 2425 992 2515 plurimi⁸
1014 2448 1053 2495 ee
1073 2426 1270 2495 Antiocheno
1292 2428 1412 2495 inserts
1432 2428 1582 2497 coneilio*
1606 2478 1614 2495 .
1639 2478 1648 2495 .
1672 2478 1682 2497 .

670 2640 729 2712 14.
754 2642 821 2709 Leo
838 2642 908 2709 VII
922 2666 1012 2731 papa
1026 2642 1233 2711 Foedere-ierem
1253 2643 1524 2731 arcbicpieeopcm
1538 2646 1762 2731 Mopootinum
1782 2645 1825 2708 oi·

754 2762 877 2825 omium
897 2782 989 2825 eccm
1010 2762 1201 2847 messemque
1222 2756 1523 2829 condescendas
1537 2761 1660 2846 prodit.
1693 2760 1825 2827 Permit-

754 2878 808 2957 rit,
835 2888 872 2941 ut
899 2875 1052 2958 Iudaeos,
1081 2879 1149 2941 orbi
1169 2873 1286 2942 Ciues
1304 2876 1404 2959 fidem
1431 2878 1622 2963 recaptant,
1654 2876 1826 2943 coemto

754 2992 904 3079 ospello&
926 2994 1040 3058 inmtm
1062 3014 1136 3058 vcro
1159 2992 1320 3079 baptisari
1339 2986 1432 3059 veae*
1445 2986 1466 3057 ².
1906 3074 1907 3079 ἵ

505 3133 647 3190 eet-9³9
752 3122 818 3193 Leo
840 3124 1006 3211 opiscopus
1029 3144 1139 3192 servus
1162 3143 1325 3191 serrorum
1340 3124 1400 3191 Dei
1422 3124 1677 3193 reverentissimo
1695 3130 1728 3193 et
1742 3143 1826 3192 suue-
1906 3132 1907 3153 ³

662 3238 787 3305 tissimo
814 3239 966 3305 coniretri
993 3245 1103 3306 nostro
1125 3238 1289 3307 Fridurico
1312 3244 1440 3307 sunctae
1462 3238 1691 3325 Mogonoisnsie
1714 3240 1826 3309 eeccle-

663 3354 731 3421 siss
753 3352 1005 3442 archiepiscopo,
1028 3354 1139 3423 diebus
1161 3356 1246 3423 vitoe
1268 3360 1342 3423 tuce
1364 3356 1592 3424 tantummodo.

751 3468 974 3537 Freternitutis
997 3490 1104 3539 amore
1127 3472 1371 3556 constringimur
1393 3478 1426 3540 ct
1448 3472 1639 3561 spostolicae
1661 3472 1746 3541 sedis
1765 3492 1825 3541 mo

664 3582 826 3657 dommine
848 3587 1062 3671 convenimur,
1085 3592 1122 3654 ut
1143 3586 1293 3655 consultis
1310 3588 1462 3673 bobum,
1484 3594 1580 3676 prout
1600 3588 1757 3656 Dominus
1778 3588 1825 3655 de-

665 3700 757 3787 derit,
777 3701 1024 3789 respondeamus
1040 3724 1156 3790 eosque
1172 3704 1362 3791 apostolicae
1377 3705 1461 3772 sedis
1476 3704 1680 3772 auooriote*
1695 3705 1825 3771 instrue·

664 3836 745 3885 mus.
779 3816 823 3885 Et
845 3818 920 3903 quis
940 3818 1065 3887 dileetio
1086 3824 1143 3887 tue
1158 3820 1258 3907 exigit
1272 3818 1463 3907 spostolicae
1477 3820 1561 3888 sedis
1577 3820 1729 3905 consulte,
1754 3838 1825 3907 ques

664 3934 754 4001 robis
777 3934 934 4018 denegare
956 3954 1015 4002 nso
1037 3934 1187 4003 debemus
1209 3956 1269 4003 neo
1290 3956 1467 4022 possumus,
1491 3954 1528 4004 eo
1551 3936 1636 4021 quod
1655 3942 1688 4005 et
1702 3936 1825 4024 proede-

665 4066 804 4117 eessores
826 4056 951 4118 nostros
973 4050 1144 4117 multorum
1167 4052 1331 4136 regionum
1354 4053 1510 4140 episcopis
1532 4052 1592 4119 boo
1606 4054 1709 4138 egisse
1723 4053 1824 4140 liquet,

666 4164 750 4251 quod
777 4171 810 4232 et
836 4186 911 4250 nos,
946 4166 1001 4253 qui
1028 4167 1064 4233 in
1094 4166 1203 4234 eedem
1233 4168 1307 4236 sede
1334 4168 1471 4236 Domino
1498 4167 1652 4253 largiente
1678 4166 1825 4237 colloccli¹

666 4298 784 4365 mmm,
807 4300 900 4366 egere
922 4282 1037 4350 debere
1050 4282 1192 4350 batem
1206 4284 1321 4351 ceritas
1337 4283 1506 4372 compellit.
1541 4282 1632 4353 Unde
1646 4285 1727 4353 benc
1741 4300 1822 4351 seno·

738 4454 759 4488 n.
779 4444 858 4489 nostro
874 4458 917 4488 ors.
932 4444 981 4489 loe.
1049 4440 1072 4488 b.
1093 4440 1128 4489 ilii
1143 4444 1182 4491 ce.
1252 4457 1272 4490 c.
1292 4462 1336 4491 om.
1351 4446 1390 4492 Gr.
1456 4444 1479 4491 d.
1499 4444 1538 4491 ille
1554 4462 1596 4492 oss.
1614 4449 1663 4493 loo.
1729 4460 1749 4492 s.
1767 4442 1821 4501 espi-

665 4519 715 4568 tub
732 4544 757 4552 -
775 4520 918 4578 dubitemus,
939 4519 1051 4581 equibus
1071 4538 1115 4568 οι.
1131 4524 1170 4569 Gr.
1254 4522 1271 4569 i.
1295 4522 1340 4570 elle
1356 4526 1394 4572 cr.
1479 4536 1501 4583 g.
1524 4524 1618 4572 Plurimi
1638 4524 1771 4573 urbinum
1787 4524 1822 4568 cr.

665 4598 690 4647 e.
712 4600 810 4648 eonem
831 4614 882 4648 em
901 4601 989 4648 mem
1004 4602 1043 4647 cr.
1152 4600 1168 4648 r.
1192 4619 1221 4648 a
1240 4587 1385 4662 ecem
1405 4604 1430 4652 s.
1448 4604 1563 4663 semeso
1581 4606 1662 4653 coeo·
1678 4602 1824 4654 cumr·

583 4708 586 4713 ·
665 4680 709 4733 sol.
722 4682 895 4729 ule-tlte.
917 4681 970 4728 sie·
985 4680 1096 4726 ἱιιιαίσ.
1173 4680 1196 4728 k.
1218 4682 1359 4730 tutiorihfls
1376 4684 1402 4732 C.
1479 4682 1495 4730 l.
1516 4684 1594 4731 colluti
1609 4686 1662 4733 cod.

737 4786 762 4839 1.
786 4784 888 4853 enee.
905 4784 931 4853 8,
944 4784 988 4841 39.
1077 4786 1103 4841 2.
1127 4783 1254 4856 Sigusvlt
1276 4786 1348 4843 benc
1365 4786 1508 4859 epistolem
1523 4788 1733 4847 Wdrdtweinius
1750 4783 1820 4855 (Epi-

666 4872 753 4929 stolse
770 4871 799 4929 S.
810 4869 953 4940 Boniletii)
971 4889 998 4928 n.
1012 4874 1073 4944 16⁷,
1091 4872 1211 4935 coenus
1228 4890 1255 4930 u.
1270 4876 1330 4932 153.
