<?xml version="1.0" encoding="UTF-8"?>
<!DOCTYPE html PUBLIC "-//W3C//DTD XHTML 1.0 Transitional//EN"
    "http://www.w3.org/TR/xhtml1/DTD/xhtml1-transitional.dtd">
<html xmlns="http://www.w3.org/1999/xhtml" xml:lang="en" lang="en">
 <head>
  <title>
</title>
<meta http-equiv="Content-Type" content="text/html;charset=utf-8" />
  <meta name='ocr-system' content='tesseract 3.04.00' />
  <meta name='ocr-capabilities' content='ocr_page ocr_carea ocr_par ocr_line ocrx_word'/>
</head>
<body>
  <div class='ocr_page' id='page_1' title='image "./monumentamogunt00lulgoog/monumentamogunt00lulgoog_0265.png"; bbox 0 0 4342 6034; ppageno 0'>
   <div class='ocr_carea' id='block_1_1' title="bbox 571 718 1517 785">
    <p class='ocr_par' dir='ltr' id='par_1_1' title="bbox 571 718 1517 785">
     <span class='ocr_line' id='line_1_1' title="bbox 571 718 1517 785; baseline 0.002 -6"><span class='ocrx_word' id='word_1_1' title='bbox 571 730 597 779; x_wconf 90' lang='lat' dir='ltr'>s.</span> <span class='ocrx_word' id='word_1_2' title='bbox 615 730 790 779; x_wconf 77' lang='lat' dir='ltr'>neumam</span> <span class='ocrx_word' id='word_1_3' title='bbox 812 732 857 779; x_wconf 81' lang='lat' dir='ltr'>nn</span> <span class='ocrx_word' id='word_1_4' title='bbox 878 732 981 781; x_wconf 75' lang='lat' dir='ltr'>nunni</span> <span class='ocrx_word' id='word_1_5' title='bbox 1003 732 1293 781; x_wconf 70' lang='lat' dir='ltr'>namnetensem</span> <span class='ocrx_word' id='word_1_6' title='bbox 1453 718 1517 785; x_wconf 78' lang='lat'>247</span> 
     </span>
    </p>
   </div>
   <div class='ocr_carea' id='block_1_2' title="bbox 361 871 1688 2001">
    <p class='ocr_par' dir='ltr' id='par_1_2' title="bbox 369 871 1688 1077">
     <span class='ocr_line' id='line_1_2' title="bbox 371 871 1688 961; baseline 0.002 -20"><span class='ocrx_word' id='word_1_7' title='bbox 371 874 445 941; x_wconf 84' lang='lat' dir='ltr'>raldo</span> <span class='ocrx_word' id='word_1_8' title='bbox 465 872 505 939; x_wconf 91' lang='lat' dir='ltr'>sit</span> <span class='ocrx_word' id='word_1_9' title='bbox 525 871 735 960; x_wconf 88' lang='lat' dir='ltr'>periculosum</span> <span class='ocrx_word' id='word_1_10' title='bbox 759 892 796 941; x_wconf 89' lang='lat' dir='ltr'>ac</span> <span class='ocrx_word' id='word_1_11' title='bbox 817 872 1009 941; x_wconf 87' lang='lat' dir='ltr'>laboriosum</span> <span class='ocrx_word' id='word_1_12' title='bbox 1032 892 1114 961; x_wconf 89' lang='lat' dir='ltr'>pene</span> <span class='ocrx_word' id='word_1_13' title='bbox 1135 876 1171 940; x_wconf 90' lang='lat' dir='ltr'>in</span> <span class='ocrx_word' id='word_1_14' title='bbox 1193 876 1280 941; x_wconf 90' lang='lat' dir='ltr'>omni</span> <span class='ocrx_word' id='word_1_15' title='bbox 1302 896 1354 957; x_wconf 90' lang='lat' dir='ltr'>re,</span> <span class='ocrx_word' id='word_1_16' title='bbox 1377 877 1413 943; x_wconf 88' lang='lat' dir='ltr'>in</span> <span class='ocrx_word' id='word_1_17' title='bbox 1434 876 1551 945; x_wconf 78' lang='lat' dir='ltr'>fames</span> <span class='ocrx_word' id='word_1_18' title='bbox 1567 886 1688 943; x_wconf 69' lang='lat' dir='ltr'>deauco</span> 
     </span>
     <span class='ocr_line' id='line_1_3' title="bbox 369 989 1517 1077; baseline 0.003 -21"><span class='ocrx_word' id='word_1_19' title='bbox 369 990 472 1072; x_wconf 77' lang='lat' dir='ltr'>scelti,</span> <span class='ocrx_word' id='word_1_20' title='bbox 497 990 546 1055; x_wconf 78' lang='lat' dir='ltr'>in&#39;</span> <span class='ocrx_word' id='word_1_21' title='bbox 567 989 675 1073; x_wconf 85' lang='lat' dir='ltr'>algore</span> <span class='ocrx_word' id='word_1_22' title='bbox 698 994 730 1055; x_wconf 91' lang='lat' dir='ltr'>et</span> <span class='ocrx_word' id='word_1_23' title='bbox 757 989 956 1057; x_wconf 69' lang='lat' dir='ltr'>incursioneb</span> <span class='ocrx_word' id='word_1_24' title='bbox 979 1008 1191 1077; x_wconf 77' lang='lat' dir='ltr'>paganorum,</span> <span class='ocrx_word' id='word_1_25' title='bbox 1221 993 1305 1057; x_wconf 89' lang='lat' dir='ltr'>inter</span> <span class='ocrx_word' id='word_1_26' title='bbox 1333 1012 1368 1058; x_wconf 88' lang='lat' dir='ltr'>se</span> <span class='ocrx_word' id='word_1_27' title='bbox 1395 992 1517 1077; x_wconf 89' lang='lat' dir='ltr'>degere.</span> 
     </span>
    </p>

    <p class='ocr_par' dir='ltr' id='par_1_3' title="bbox 365 1104 1520 1309">
     <span class='ocr_line' id='line_1_4' title="bbox 366 1104 1519 1193; baseline 0.002 -20"><span class='ocrx_word' id='word_1_28' title='bbox 366 1106 477 1189; x_wconf 78' lang='lat' dir='ltr'>Idcirco,</span> <span class='ocrx_word' id='word_1_29' title='bbox 498 1124 584 1189; x_wconf 83' lang='lat' dir='ltr'>rogo,</span> <span class='ocrx_word' id='word_1_30' title='bbox 608 1104 775 1189; x_wconf 78' lang='lat' dir='ltr'>diligenter</span> <span class='ocrx_word' id='word_1_31' title='bbox 797 1111 885 1173; x_wconf 89' lang='lat' dir='ltr'>orate</span> <span class='ocrx_word' id='word_1_32' title='bbox 907 1126 965 1193; x_wconf 93' lang='lat' dir='ltr'>pro</span> <span class='ocrx_word' id='word_1_33' title='bbox 988 1106 1091 1190; x_wconf 85' lang='lat' dir='ltr'>nobis,</span> <span class='ocrx_word' id='word_1_34' title='bbox 1114 1112 1151 1174; x_wconf 89' lang='lat' dir='ltr'>ut</span> <span class='ocrx_word' id='word_1_35' title='bbox 1172 1108 1263 1173; x_wconf 90' lang='lat' dir='ltr'>detur</span> <span class='ocrx_word' id='word_1_36' title='bbox 1285 1106 1393 1175; x_wconf 79' lang='lat' dir='ltr'>nobis⁰</span> <span class='ocrx_word' id='word_1_37' title='bbox 1414 1128 1519 1175; x_wconf 90' lang='lat' dir='ltr'>sermo</span> 
     </span>
     <span class='ocr_line' id='line_1_5' title="bbox 365 1220 1520 1309; baseline 0.003 -22"><span class='ocrx_word' id='word_1_38' title='bbox 365 1220 570 1307; x_wconf 87' lang='lat' dir='ltr'>inapertione</span> <span class='ocrx_word' id='word_1_39' title='bbox 599 1221 663 1287; x_wconf 88' lang='lat' dir='ltr'>oris</span> <span class='ocrx_word' id='word_1_40' title='bbox 692 1226 723 1287; x_wconf 88' lang='lat' dir='ltr'>et</span> <span class='ocrx_word' id='word_1_41' title='bbox 749 1223 969 1307; x_wconf 73' lang='lat' dir='ltr'>permanentia</span> <span class='ocrx_word' id='word_1_42' title='bbox 996 1223 1030 1287; x_wconf 94' lang='lat' dir='ltr'>in</span> <span class='ocrx_word' id='word_1_43' title='bbox 1054 1243 1149 1309; x_wconf 88' lang='lat' dir='ltr'>opere</span> <span class='ocrx_word' id='word_1_44' title='bbox 1172 1243 1209 1289; x_wconf 90' lang='lat' dir='ltr'>ac</span> <span class='ocrx_word' id='word_1_45' title='bbox 1231 1222 1362 1289; x_wconf 76' lang='lat' dir='ltr'>boetus.</span> <span class='ocrx_word' id='word_1_46' title='bbox 1408 1222 1520 1291; x_wconf 85' lang='lat' dir='ltr'>Valete</span> 
     </span>
    </p>

    <p class='ocr_par' dir='ltr' id='par_1_4' title="bbox 364 1334 1520 1424">
     <span class='ocr_line' id='line_1_6' title="bbox 364 1334 1520 1424; baseline 0 -19"><span class='ocrx_word' id='word_1_47' title='bbox 364 1338 391 1405; x_wconf 90' lang='lat' dir='ltr'>in</span> <span class='ocrx_word' id='word_1_48' title='bbox 410 1336 546 1403; x_wconf 91' lang='lat' dir='ltr'>Domino.</span> <span class='ocrx_word' id='word_1_49' title='bbox 639 1334 781 1402; x_wconf 78' lang='lat' dir='ltr'><strong>Salutate</strong></span> <span class='ocrx_word' id='word_1_50' title='bbox 803 1336 918 1403; x_wconf 83' lang='lat' dir='ltr'>iratres</span> <span class='ocrx_word' id='word_1_51' title='bbox 941 1337 974 1403; x_wconf 93' lang='lat' dir='ltr'>in</span> <span class='ocrx_word' id='word_1_52' title='bbox 996 1337 1081 1421; x_wconf 88' lang='lat' dir='ltr'>giro,</span> <span class='ocrx_word' id='word_1_53' title='bbox 1110 1339 1214 1424; x_wconf 87' lang='lat' dir='ltr'>primo</span> <span class='ocrx_word' id='word_1_54' title='bbox 1236 1338 1400 1422; x_wconf 76' lang='lat' dir='ltr'>ingeldum</span> <span class='ocrx_word' id='word_1_55' title='bbox 1424 1338 1520 1405; x_wconf 88' lang='lat' dir='ltr'>abba·</span> 
     </span>
    </p>

    <p class='ocr_par' dir='ltr' id='par_1_5' title="bbox 364 1452 1519 1536">
     <span class='ocr_line' id='line_1_7' title="bbox 364 1452 1519 1536; baseline 0.001 -17"><span class='ocrx_word' id='word_1_56' title='bbox 364 1458 417 1519; x_wconf 74' lang='lat' dir='ltr'>bn</span> <span class='ocrx_word' id='word_1_57' title='bbox 438 1458 467 1519; x_wconf 89' lang='lat' dir='ltr'>et</span> <span class='ocrx_word' id='word_1_58' title='bbox 487 1452 761 1536; x_wconf 78' lang='lat' dir='ltr'>congregationem</span> <span class='ocrx_word' id='word_1_59' title='bbox 785 1458 935 1517; x_wconf 88' lang='lat' dir='ltr'>nostram.</span> <span class='ocrx_word' id='word_1_60' title='bbox 971 1454 1020 1519; x_wconf 89' lang='lat' dir='ltr'>Ao</span> <span class='ocrx_word' id='word_1_61' title='bbox 1042 1453 1193 1519; x_wconf 87' lang='lat' dir='ltr'>mandate</span> <span class='ocrx_word' id='word_1_62' title='bbox 1215 1454 1311 1520; x_wconf 87' lang='lat' dir='ltr'>matri</span> <span class='ocrx_word' id='word_1_63' title='bbox 1333 1474 1423 1521; x_wconf 86' lang='lat' dir='ltr'>meae</span> <span class='ocrx_word' id='word_1_64' title='bbox 1445 1454 1519 1521; x_wconf 80' lang='lat' dir='ltr'>Tet</span> 
     </span>
    </p>

    <p class='ocr_par' dir='ltr' id='par_1_6' title="bbox 364 1564 1519 1655">
     <span class='ocr_line' id='line_1_8' title="bbox 364 1564 1519 1655; baseline 0.002 -20"><span class='ocrx_word' id='word_1_65' title='bbox 364 1564 422 1635; x_wconf 85' lang='lat' dir='ltr'>len¹</span> <span class='ocrx_word' id='word_1_66' title='bbox 435 1574 525 1652; x_wconf 87' lang='lat' dir='ltr'>etque</span> <span class='ocrx_word' id='word_1_67' title='bbox 547 1568 784 1651; x_wconf 78' lang='lat' dir='ltr'>congregationi</span> <span class='ocrx_word' id='word_1_68' title='bbox 807 1568 874 1633; x_wconf 92' lang='lat' dir='ltr'>eius</span> <span class='ocrx_word' id='word_1_69' title='bbox 898 1589 1083 1655; x_wconf 90' lang='lat' dir='ltr'>prosperum</span> <span class='ocrx_word' id='word_1_70' title='bbox 1107 1571 1168 1637; x_wconf 83' lang='lat' dir='ltr'>iter</span> <span class='ocrx_word' id='word_1_71' title='bbox 1183 1575 1337 1636; x_wconf 88' lang='lat' dir='ltr'>nostrum.</span> <span class='ocrx_word' id='word_1_72' title='bbox 1372 1567 1519 1637; x_wconf 76' lang='lat' dir='ltr'>commo·</span> 
     </span>
    </p>

    <p class='ocr_par' dir='ltr' id='par_1_7' title="bbox 362 1682 1518 1769">
     <span class='ocr_line' id='line_1_9' title="bbox 362 1682 1518 1769; baseline 0.003 -20"><span class='ocrx_word' id='word_1_73' title='bbox 362 1683 431 1749; x_wconf 85' lang='lat' dir='ltr'>nitor</span> <span class='ocrx_word' id='word_1_74' title='bbox 452 1702 559 1749; x_wconf 88' lang='lat' dir='ltr'>omues</span> <span class='ocrx_word' id='word_1_75' title='bbox 581 1682 706 1749; x_wconf 84' lang='lat' dir='ltr'>obnixis</span> <span class='ocrx_word' id='word_1_76' title='bbox 730 1682 875 1768; x_wconf 87' lang='lat' dir='ltr'>precibus</span> <span class='ocrx_word' id='word_1_77' title='bbox 897 1682 1021 1769; x_wconf 82' lang='lat' dir='ltr'>flagito,</span> <span class='ocrx_word' id='word_1_78' title='bbox 1050 1686 1151 1753; x_wconf 89' lang='lat' dir='ltr'>vicem</span> <span class='ocrx_word' id='word_1_79' title='bbox 1174 1686 1344 1753; x_wconf 78' lang='lat' dir='ltr'>instantiae</span> <span class='ocrx_word' id='word_1_80' title='bbox 1366 1686 1518 1753; x_wconf 87' lang='lat' dir='ltr'>orationis</span> 
     </span>
    </p>

    <p class='ocr_par' dir='ltr' id='par_1_8' title="bbox 362 1797 1518 1886">
     <span class='ocr_line' id='line_1_10' title="bbox 362 1797 1518 1886; baseline 0.005 -23"><span class='ocrx_word' id='word_1_81' title='bbox 362 1802 471 1865; x_wconf 73' lang='lat' dir='ltr'>nubae</span> <span class='ocrx_word' id='word_1_82' title='bbox 492 1798 673 1885; x_wconf 88' lang='lat' dir='ltr'>inpendere.</span> <span class='ocrx_word' id='word_1_83' title='bbox 710 1797 923 1883; x_wconf 88' lang='lat' dir='ltr'>Orantemque</span> <span class='ocrx_word' id='word_1_84' title='bbox 945 1820 1004 1886; x_wconf 90' lang='lat' dir='ltr'>pro</span> <span class='ocrx_word' id='word_1_85' title='bbox 1026 1800 1119 1869; x_wconf 90' lang='lat' dir='ltr'>nobis</span> <span class='ocrx_word' id='word_1_86' title='bbox 1135 1801 1364 1869; x_wconf 83' lang='lat' dir='ltr'>beatitudinem</span> <span class='ocrx_word' id='word_1_87' title='bbox 1379 1807 1518 1869; x_wconf 84' lang='lat' dir='ltr'>vestram</span> 
     </span>
    </p>

    <p class='ocr_par' dir='ltr' id='par_1_9' title="bbox 361 1913 914 2001">
     <span class='ocr_line' id='line_1_11' title="bbox 361 1913 914 2001; baseline -0.004 -20"><span class='ocrx_word' id='word_1_88' title='bbox 361 1913 453 1981; x_wconf 86' lang='lat' dir='ltr'>divina</span> <span class='ocrx_word' id='word_1_89' title='bbox 473 1918 600 1983; x_wconf 74' lang='lat' dir='ltr'>noant</span> <span class='ocrx_word' id='word_1_90' title='bbox 622 1913 805 1997; x_wconf 85' lang='lat' dir='ltr'>elementia,</span> <span class='ocrx_word' id='word_1_91' title='bbox 829 1920 914 2001; x_wconf 90' lang='lat' dir='ltr'>opto.</span> 
     </span>
    </p>
   </div>
   <div class='ocr_carea' id='block_1_3' title="bbox 351 2124 1688 4207">
    <p class='ocr_par' dir='ltr' id='par_1_10' title="bbox 362 2124 1520 2215">
     <span class='ocr_line' id='line_1_12' title="bbox 362 2124 1520 2215; baseline 0.001 -19"><span class='ocrx_word' id='word_1_92' title='bbox 362 2124 412 2197; x_wconf 88' lang='grc'>99.</span> <span class='ocrx_word' id='word_1_93' title='bbox 433 2128 474 2195; x_wconf 88' lang='grc' dir='ltr'>Ν.</span> <span class='ocrx_word' id='word_1_94' title='bbox 498 2130 702 2215; x_wconf 74' lang='lat' dir='ltr'>Bonifatium</span> <span class='ocrx_word' id='word_1_95' title='bbox 729 2142 837 2215; x_wconf 77' lang='lat' dir='ltr'>repat,</span> <span class='ocrx_word' id='word_1_96' title='bbox 874 2132 1114 2197; x_wconf 69' lang='lat' dir='ltr'>melodiorum</span> <span class='ocrx_word' id='word_1_97' title='bbox 1142 2153 1239 2197; x_wconf 78' lang='lat' dir='ltr'>cauca</span> <span class='ocrx_word' id='word_1_98' title='bbox 1268 2132 1331 2196; x_wconf 80' lang='lat' dir='ltr'>cibi</span> <span class='ocrx_word' id='word_1_99' title='bbox 1360 2131 1520 2197; x_wconf 58' lang='lat' dir='ltr'>dicaciam</span> 
     </span>
    </p>

    <p class='ocr_par' dir='ltr' id='par_1_11' title="bbox 434 2244 1517 2331">
     <span class='ocr_line' id='line_1_13' title="bbox 434 2244 1517 2331; baseline 0.002 -20"><span class='ocrx_word' id='word_1_100' title='bbox 434 2247 552 2312; x_wconf 71' lang='lat' dir='ltr'>diatim</span> <span class='ocrx_word' id='word_1_101' title='bbox 567 2248 602 2311; x_wconf 78' lang='lat' dir='ltr'>ia</span> <span class='ocrx_word' id='word_1_102' title='bbox 621 2244 800 2331; x_wconf 70' lang='lat' dir='ltr'>Tburdnpe&#39;a</span> <span class='ocrx_word' id='word_1_103' title='bbox 814 2248 965 2311; x_wconf 76' lang='lat' dir='ltr'>meaersdc&#39;</span> <span class='ocrx_word' id='word_1_104' title='bbox 984 2245 1161 2313; x_wconf 64' lang='lat' dir='ltr'>concedat</span> <span class='ocrx_word' id='word_1_105' title='bbox 1185 2245 1220 2326; x_wconf 86' lang='lat' dir='ltr'>(S</span> <span class='ocrx_word' id='word_1_106' title='bbox 1233 2247 1287 2330; x_wconf 87' lang='grc'>98,</span> <span class='ocrx_word' id='word_1_107' title='bbox 1302 2244 1343 2313; x_wconf 85' lang='lat' dir='ltr'>W</span> <span class='ocrx_word' id='word_1_108' title='bbox 1355 2248 1409 2331; x_wconf 82' lang='lat'>96,</span> <span class='ocrx_word' id='word_1_109' title='bbox 1422 2245 1449 2313; x_wconf 89' lang='lat' dir='ltr'><strong>G</strong></span> <span class='ocrx_word' id='word_1_110' title='bbox 1463 2248 1517 2329; x_wconf 83' lang='lat'>85)</span> 
     </span>
    </p>

    <p class='ocr_par' dir='ltr' id='par_1_12' title="bbox 357 2376 1688 2583">
     <span class='ocr_line' id='line_1_14' title="bbox 379 2376 1688 2461; baseline -0.002 -16"><span class='ocrx_word' id='word_1_111' title='bbox 379 2377 404 2461; x_wconf 72' lang='lat' dir='ltr'>ll</span> <span class='ocrx_word' id='word_1_112' title='bbox 433 2378 569 2445; x_wconf 91' lang='lat' dir='ltr'>Domino</span> <span class='ocrx_word' id='word_1_113' title='bbox 596 2397 668 2445; x_wconf 91' lang='lat' dir='ltr'>meo</span> <span class='ocrx_word' id='word_1_114' title='bbox 696 2376 987 2445; x_wconf 86' lang='lat' dir='ltr'>desiderantissimo</span> <span class='ocrx_word' id='word_1_115' title='bbox 1018 2383 1050 2445; x_wconf 92' lang='lat' dir='ltr'>et</span> <span class='ocrx_word' id='word_1_116' title='bbox 1072 2380 1106 2445; x_wconf 92' lang='lat' dir='ltr'>in</span> <span class='ocrx_word' id='word_1_117' title='bbox 1128 2378 1306 2447; x_wconf 83' lang='lat' dir='ltr'>litterarum</span> <span class='ocrx_word' id='word_1_118' title='bbox 1329 2380 1434 2447; x_wconf 89' lang='lat' dir='ltr'>studio</span> <span class='ocrx_word' id='word_1_119' title='bbox 1464 2380 1551 2447; x_wconf 88' lang='lat' dir='ltr'>de-c.</span> <span class='ocrx_word' id='word_1_120' title='bbox 1567 2386 1688 2443; x_wconf 74' lang='lat' dir='ltr'>cau-soc</span> 
     </span>
     <span class='ocr_line' id='line_1_15' title="bbox 357 2493 1518 2583; baseline 0.006 -26"><span class='ocrx_word' id='word_1_121' title='bbox 357 2495 505 2563; x_wconf 73' lang='lat' dir='ltr'>uobmimo</span> <span class='ocrx_word' id='word_1_122' title='bbox 529 2495 698 2563; x_wconf 86' lang='lat' dir='ltr'>eruditori·</span> <span class='ocrx_word' id='word_1_123' title='bbox 720 2494 894 2578; x_wconf 76' lang='lat' dir='ltr'>Bonifatio,</span> <span class='ocrx_word' id='word_1_124' title='bbox 923 2494 1055 2559; x_wconf 81' lang='lat' dir='ltr'>summi‘</span> <span class='ocrx_word' id='word_1_125' title='bbox 1077 2493 1280 2581; x_wconf 88' lang='lat' dir='ltr'>pontificatus</span> <span class='ocrx_word' id='word_1_126' title='bbox 1303 2496 1404 2563; x_wconf 81' lang='lat' dir='ltr'>insula</span> <span class='ocrx_word' id='word_1_127' title='bbox 1425 2516 1518 2583; x_wconf 88' lang='lat' dir='ltr'>prae-</span> 
     </span>
    </p>

    <p class='ocr_par' dir='ltr' id='par_1_13' title="bbox 357 2608 1518 2795">
     <span class='ocr_line' id='line_1_16' title="bbox 357 2608 1518 2697; baseline 0.004 -22"><span class='ocrx_word' id='word_1_128' title='bbox 357 2608 428 2693; x_wconf 87' lang='lat' dir='ltr'>dito,</span> <span class='ocrx_word' id='word_1_129' title='bbox 457 2611 518 2696; x_wconf 87' lang='lat' dir='ltr'><strong>.N.‚</strong></span> <span class='ocrx_word' id='word_1_130' title='bbox 549 2632 589 2677; x_wconf 83' lang='lat' dir='ltr'>ex</span> <span class='ocrx_word' id='word_1_131' title='bbox 620 2610 727 2677; x_wconf 88' lang='lat' dir='ltr'>multis</span> <span class='ocrx_word' id='word_1_132' title='bbox 755 2610 912 2696; x_wconf 83' lang='lat' dir='ltr'>quoddam</span> <span class='ocrx_word' id='word_1_133' title='bbox 941 2611 1069 2696; x_wconf 88' lang='lat' dir='ltr'>pietatis</span> <span class='ocrx_word' id='word_1_134' title='bbox 1100 2611 1238 2679; x_wconf 70' lang='lat' dir='ltr'>vmbae‘</span> <span class='ocrx_word' id='word_1_135' title='bbox 1261 2612 1518 2697; x_wconf 81' lang='lat' dir='ltr'>emolumentum,</span> 
     </span>
     <span class='ocr_line' id='line_1_17' title="bbox 357 2726 1202 2795; baseline -0.004 0"><span class='ocrx_word' id='word_1_136' title='bbox 357 2726 510 2795; x_wconf 84' lang='lat' dir='ltr'>amabilem</span> <span class='ocrx_word' id='word_1_137' title='bbox 534 2727 666 2795; x_wconf 68' lang='lat' dir='ltr'>devotae</span> <span class='ocrx_word' id='word_1_138' title='bbox 688 2727 829 2795; x_wconf 63' lang='lat' dir='ltr'>canatis</span> <span class='ocrx_word' id='word_1_139' title='bbox 852 2727 886 2793; x_wconf 90' lang='lat' dir='ltr'>in</span> <span class='ocrx_word' id='word_1_140' title='bbox 909 2726 1034 2795; x_wconf 82' lang='lat' dir='ltr'>Christo</span> <span class='ocrx_word' id='word_1_141' title='bbox 1058 2727 1202 2795; x_wconf 90' lang='lat' dir='ltr'>salutem.</span> 
     </span>
    </p>

    <p class='ocr_par' dir='ltr' id='par_1_14' title="bbox 351 2840 1520 4207">
     <span class='ocr_line' id='line_1_18' title="bbox 433 2840 1519 2931; baseline 0.001 -20"><span class='ocrx_word' id='word_1_142' title='bbox 433 2840 531 2911; x_wconf 87' lang='lat' dir='ltr'>Sacra</span> <span class='ocrx_word' id='word_1_143' title='bbox 560 2844 719 2931; x_wconf 87' lang='lat' dir='ltr'>scriptura</span> <span class='ocrx_word' id='word_1_144' title='bbox 747 2843 980 2927; x_wconf 78' lang='lat' dir='ltr'>admonemur⁸,</span> <span class='ocrx_word' id='word_1_145' title='bbox 1016 2864 1056 2911; x_wconf 92' lang='lat' dir='ltr'>ne</span> <span class='ocrx_word' id='word_1_146' title='bbox 1086 2844 1154 2909; x_wconf 87' lang='lat' dir='ltr'>sine</span> <span class='ocrx_word' id='word_1_147' title='bbox 1184 2843 1314 2911; x_wconf 86' lang='lat' dir='ltr'>oonsilio</span> <span class='ocrx_word' id='word_1_148' title='bbox 1342 2844 1519 2911; x_wconf 89' lang='lat' dir='ltr'>inconsulte</span> 
     </span>
     <span class='ocr_line' id='line_1_19' title="bbox 354 2956 1520 3047; baseline 0.003 -23"><span class='ocrx_word' id='word_1_149' title='bbox 354 2956 462 3043; x_wconf 83' lang='lat' dir='ltr'>aliquid</span> <span class='ocrx_word' id='word_1_150' title='bbox 485 2978 633 3044; x_wconf 89' lang='lat' dir='ltr'>agamus;</span> <span class='ocrx_word' id='word_1_151' title='bbox 657 2960 739 3027; x_wconf 91' lang='lat' dir='ltr'>sicut</span> <span class='ocrx_word' id='word_1_152' title='bbox 761 2959 914 3046; x_wconf 88' lang='lat' dir='ltr'>scripturn</span> <span class='ocrx_word' id='word_1_153' title='bbox 937 2964 1000 3025; x_wconf 91' lang='lat' dir='ltr'>est:</span> <span class='ocrx_word' id='word_1_154' title='bbox 1028 2960 1146 3026; x_wconf 75' lang='lat' dir='ltr'>Omnia</span> <span class='ocrx_word' id='word_1_155' title='bbox 1169 2982 1239 3025; x_wconf 72' lang='lat' dir='ltr'>acm</span> <span class='ocrx_word' id='word_1_156' title='bbox 1254 2958 1471 3047; x_wconf 71' lang='lat' dir='ltr'>corsaa’liofue²</span> <span class='ocrx_word' id='word_1_157' title='bbox 1487 2966 1520 3027; x_wconf 88' lang='lat' dir='ltr'>et</span> 
     </span>
     <span class='ocr_line' id='line_1_20' title="bbox 355 3075 1518 3159; baseline 0.002 -18"><span class='ocrx_word' id='word_1_158' title='bbox 355 3080 455 3141; x_wconf 73' lang='lat' dir='ltr'>caten.</span> <span class='ocrx_word' id='word_1_159' title='bbox 491 3075 628 3159; x_wconf 85' lang='lat' dir='ltr'>Ideoque</span> <span class='ocrx_word' id='word_1_160' title='bbox 651 3075 718 3143; x_wconf 88' lang='lat' dir='ltr'>fore</span> <span class='ocrx_word' id='word_1_161' title='bbox 740 3080 845 3141; x_wconf 87' lang='lat' dir='ltr'>ratum</span> <span class='ocrx_word' id='word_1_162' title='bbox 868 3076 1050 3159; x_wconf 88' lang='lat' dir='ltr'>aestimans,</span> <span class='ocrx_word' id='word_1_163' title='bbox 1073 3075 1262 3141; x_wconf 76' lang='lat' dir='ltr'>rusticitatis</span> <span class='ocrx_word' id='word_1_164' title='bbox 1285 3095 1375 3142; x_wconf 90' lang='lat' dir='ltr'>meae</span> <span class='ocrx_word' id='word_1_165' title='bbox 1395 3075 1518 3143; x_wconf 86' lang='lat' dir='ltr'>litteras</span> 
     </span>
     <span class='ocr_line' id='line_1_21' title="bbox 352 3190 1518 3279; baseline 0.004 -22"><span class='ocrx_word' id='word_1_166' title='bbox 352 3192 525 3273; x_wconf 59' lang='lat' dir='ltr'>menube</span> <span class='ocrx_word' id='word_1_167' title='bbox 548 3196 674 3259; x_wconf 87' lang='lat' dir='ltr'>vestrae</span> <span class='ocrx_word' id='word_1_168' title='bbox 695 3190 876 3257; x_wconf 87' lang='lat' dir='ltr'>celsitudini</span> <span class='ocrx_word' id='word_1_169' title='bbox 899 3192 1035 3275; x_wconf 85' lang='lat' dir='ltr'>dirigere</span> <span class='ocrx_word' id='word_1_170' title='bbox 1057 3190 1170 3275; x_wconf 85' lang='lat' dir='ltr'>hisque</span> <span class='ocrx_word' id='word_1_171' title='bbox 1192 3192 1389 3259; x_wconf 82' lang='lat' dir='ltr'>occasionem</span> <span class='ocrx_word' id='word_1_172' title='bbox 1411 3192 1518 3279; x_wconf 89' lang='lat' dir='ltr'>petiti·</span> 
     </span>
     <span class='ocr_line' id='line_1_22' title="bbox 355 3306 1518 3393; baseline 0.003 -22"><span class='ocrx_word' id='word_1_173' title='bbox 355 3306 423 3391; x_wconf 76' lang='lat' dir='ltr'>cuiq</span> <span class='ocrx_word' id='word_1_174' title='bbox 446 3308 523 3393; x_wconf 91' lang='lat' dir='ltr'>quin</span> <span class='ocrx_word' id='word_1_175' title='bbox 546 3307 709 3393; x_wconf 83' lang='lat' dir='ltr'>petitionis</span> <span class='ocrx_word' id='word_1_176' title='bbox 731 3326 821 3374; x_wconf 89' lang='lat' dir='ltr'>meae</span> <span class='ocrx_word' id='word_1_177' title='bbox 836 3306 1027 3375; x_wconf 87' lang='lat' dir='ltr'>desiderium</span> <span class='ocrx_word' id='word_1_178' title='bbox 1045 3307 1210 3389; x_wconf 88' lang='lat' dir='ltr'>intimare;</span> <span class='ocrx_word' id='word_1_179' title='bbox 1233 3312 1399 3393; x_wconf 87' lang='lat' dir='ltr'>quatenus,</span> <span class='ocrx_word' id='word_1_180' title='bbox 1422 3308 1518 3374; x_wconf 85' lang='lat' dir='ltr'>utris-</span> 
     </span>
     <span class='ocr_line' id='line_1_23' title="bbox 354 3422 1519 3510; baseline 0.002 -21"><span class='ocrx_word' id='word_1_181' title='bbox 354 3422 421 3506; x_wconf 78' lang='lat' dir='ltr'>quel</span> <span class='ocrx_word' id='word_1_182' title='bbox 443 3424 635 3509; x_wconf 74' lang='lat' dir='ltr'>persuadite,</span> <span class='ocrx_word' id='word_1_183' title='bbox 664 3423 815 3509; x_wconf 86' lang='lat' dir='ltr'>providus</span> <span class='ocrx_word' id='word_1_184' title='bbox 837 3428 1024 3509; x_wconf 86' lang='lat' dir='ltr'>praeceptor</span> <span class='ocrx_word' id='word_1_185' title='bbox 1047 3442 1136 3489; x_wconf 89' lang='lat' dir='ltr'>mens</span> <span class='ocrx_word' id='word_1_186' title='bbox 1159 3423 1322 3507; x_wconf 88' lang='lat' dir='ltr'>decernat,</span> <span class='ocrx_word' id='word_1_187' title='bbox 1351 3423 1435 3510; x_wconf 93' lang='lat' dir='ltr'>quod</span> <span class='ocrx_word' id='word_1_188' title='bbox 1457 3423 1519 3491; x_wconf 91' lang='lat' dir='ltr'>sibi</span> 
     </span>
     <span class='ocr_line' id='line_1_24' title="bbox 351 3538 1518 3626; baseline 0.002 -23"><span class='ocrx_word' id='word_1_189' title='bbox 351 3538 499 3624; x_wconf 85' lang='lat' dir='ltr'>optimum</span> <span class='ocrx_word' id='word_1_190' title='bbox 524 3538 683 3624; x_wconf 79' lang='lat' dir='ltr'>videatur,</span> <span class='ocrx_word' id='word_1_191' title='bbox 707 3538 888 3625; x_wconf 80' lang='lat' dir='ltr'>famuloque</span> <span class='ocrx_word' id='word_1_192' title='bbox 911 3559 968 3605; x_wconf 91' lang='lat' dir='ltr'>suo</span> <span class='ocrx_word' id='word_1_193' title='bbox 991 3559 1067 3606; x_wconf 86' lang='lat' dir='ltr'>suae</span> <span class='ocrx_word' id='word_1_194' title='bbox 1089 3539 1261 3606; x_wconf 87' lang='lat' dir='ltr'>voluntatis</span> <span class='ocrx_word' id='word_1_195' title='bbox 1284 3540 1518 3626; x_wconf 86' lang='lat' dir='ltr'>nutumplaei-</span> 
     </span>
     <span class='ocr_line' id='line_1_25' title="bbox 353 3652 1518 3741; baseline 0.003 -22"><span class='ocrx_word' id='word_1_196' title='bbox 353 3652 404 3719; x_wconf 90' lang='lat' dir='ltr'>dus</span> <span class='ocrx_word' id='word_1_197' title='bbox 425 3654 560 3736; x_wconf 88' lang='lat' dir='ltr'>indicet;</span> <span class='ocrx_word' id='word_1_198' title='bbox 589 3656 641 3721; x_wconf 91' lang='lat' dir='ltr'>cni</span> <span class='ocrx_word' id='word_1_199' title='bbox 663 3654 828 3721; x_wconf 79' lang='lat' dir='ltr'>subnixusi</span> <span class='ocrx_word' id='word_1_200' title='bbox 851 3654 986 3721; x_wconf 88' lang='lat' dir='ltr'>libenter</span> <span class='ocrx_word' id='word_1_201' title='bbox 1009 3660 1235 3741; x_wconf 84' lang='lat' dir='ltr'>optemperem.</span> <span class='ocrx_word' id='word_1_202' title='bbox 1273 3654 1388 3723; x_wconf 87' lang='lat' dir='ltr'>Fateor</span> <span class='ocrx_word' id='word_1_203' title='bbox 1410 3657 1518 3741; x_wconf 88' lang='lat' dir='ltr'>itaque</span> 
     </span>
     <span class='ocr_line' id='line_1_26' title="bbox 353 3768 1518 3857; baseline 0.002 -22"><span class='ocrx_word' id='word_1_204' title='bbox 353 3768 413 3853; x_wconf 87' lang='lat' dir='ltr'>tibi,</span> <span class='ocrx_word' id='word_1_205' title='bbox 434 3770 661 3855; x_wconf 86' lang='lat' dir='ltr'>magistrorum</span> <span class='ocrx_word' id='word_1_206' title='bbox 683 3771 861 3839; x_wconf 70' lang='lat' dir='ltr'>carismme:</span> <span class='ocrx_word' id='word_1_207' title='bbox 884 3776 1053 3857; x_wconf 90' lang='lat' dir='ltr'>postquam</span> <span class='ocrx_word' id='word_1_208' title='bbox 1078 3777 1203 3837; x_wconf 84' lang='lat' dir='ltr'>vestrae</span> <span class='ocrx_word' id='word_1_209' title='bbox 1225 3772 1403 3839; x_wconf 78' lang='lat' dir='ltr'>sanctitatis</span> <span class='ocrx_word' id='word_1_210' title='bbox 1420 3771 1518 3839; x_wconf 87' lang='lat' dir='ltr'>licen·</span> 
     </span>
     <span class='ocr_line' id='line_1_27' title="bbox 353 3884 1518 3972; baseline 0.002 -21"><span class='ocrx_word' id='word_1_211' title='bbox 353 3884 554 3955; x_wconf 80' lang='lat' dir='ltr'>delectionis</span> <span class='ocrx_word' id='word_1_212' title='bbox 577 3886 801 3972; x_wconf 83' lang='lat' dir='ltr'>scrutandique</span> <span class='ocrx_word' id='word_1_213' title='bbox 823 3904 974 3953; x_wconf 86' lang='lat' dir='ltr'>causa-</span> <span class='ocrx_word' id='word_1_214' title='bbox 992 3887 1020 3953; x_wconf 94' lang='lat' dir='ltr'>si</span> <span class='ocrx_word' id='word_1_215' title='bbox 1043 3887 1119 3971; x_wconf 91' lang='lat' dir='ltr'>quid</span> <span class='ocrx_word' id='word_1_216' title='bbox 1141 3893 1247 3954; x_wconf 88' lang='lat' dir='ltr'>tamen</span> <span class='ocrx_word' id='word_1_217' title='bbox 1268 3886 1441 3971; x_wconf 68' lang='lat' dir='ltr'>ingeniolik</span> <span class='ocrx_word' id='word_1_218' title='bbox 1453 3887 1518 3955; x_wconf 88' lang='lat' dir='ltr'>mei</span> 
     </span>
     <span class='ocr_line' id='line_1_28' title="bbox 353 4002 1518 4087; baseline 0.001 -18"><span class='ocrx_word' id='word_1_219' title='bbox 353 4018 443 4084; x_wconf 81' lang='lat' dir='ltr'>parva</span> <span class='ocrx_word' id='word_1_220' title='bbox 464 4002 604 4069; x_wconf 86' lang='lat' dir='ltr'>scintilla</span> <span class='ocrx_word' id='word_1_221' title='bbox 624 4002 807 4087; x_wconf 89' lang='lat' dir='ltr'>intellegere</span> <span class='ocrx_word' id='word_1_222' title='bbox 830 4002 881 4069; x_wconf 81' lang='lat' dir='ltr'>uel</span> <span class='ocrx_word' id='word_1_223' title='bbox 902 4002 1094 4085; x_wconf 87' lang='lat' dir='ltr'>investigare</span> <span class='ocrx_word' id='word_1_224' title='bbox 1109 4002 1204 4085; x_wconf 69' lang='lat' dir='ltr'>vala,</span> <span class='ocrx_word' id='word_1_225' title='bbox 1227 4002 1378 4071; x_wconf 89' lang='lat' dir='ltr'>bonitatis</span> <span class='ocrx_word' id='word_1_226' title='bbox 1393 4008 1518 4071; x_wconf 69' lang='lat' dir='ltr'>emmae</span> 
     </span>
     <span class='ocr_line' id='line_1_29' title="bbox 353 4118 1516 4207; baseline 0.002 -24"><span class='ocrx_word' id='word_1_227' title='bbox 353 4118 480 4187; x_wconf 87' lang='lat' dir='ltr'>mercedi</span> <span class='ocrx_word' id='word_1_228' title='bbox 514 4119 663 4205; x_wconf 89' lang='lat' dir='ltr'>primitus</span> <span class='ocrx_word' id='word_1_229' title='bbox 697 4124 770 4205; x_wconf 87' lang='lat' dir='ltr'>post</span> <span class='ocrx_word' id='word_1_230' title='bbox 796 4118 899 4185; x_wconf 91' lang='lat' dir='ltr'>Deum</span> <span class='ocrx_word' id='word_1_231' title='bbox 927 4119 1039 4204; x_wconf 93' lang='lat' dir='ltr'>inputo</span> <span class='ocrx_word' id='word_1_232' title='bbox 1069 4154 1110 4163; x_wconf 89' lang='lat'>—</span> <span class='ocrx_word' id='word_1_233' title='bbox 1141 4118 1348 4202; x_wconf 84' lang='lat' dir='ltr'>Thiringiam&#39;</span> <span class='ocrx_word' id='word_1_234' title='bbox 1377 4119 1516 4207; x_wconf 76' lang='lat' dir='ltr'>perrexi,</span> 
     </span>
    </p>
   </div>
   <div class='ocr_carea' id='block_1_4' title="bbox 352 4252 1518 4807">
    <p class='ocr_par' dir='ltr' id='par_1_15' title="bbox 352 4252 1517 4629">
     <span class='ocr_line' id='line_1_30' title="bbox 417 4252 1517 4311; baseline 0 -14"><span class='ocrx_word' id='word_1_235' title='bbox 417 4264 436 4297; x_wconf 80' lang='lat' dir='ltr'>a.</span> <span class='ocrx_word' id='word_1_236' title='bbox 457 4254 481 4299; x_wconf 77' lang='lat' dir='ltr'>st</span> <span class='ocrx_word' id='word_1_237' title='bbox 496 4254 559 4300; x_wconf 74' lang='lat' dir='ltr'>inc.</span> <span class='ocrx_word' id='word_1_238' title='bbox 622 4252 644 4297; x_wconf 93' lang='lat' dir='ltr'>b.</span> <span class='ocrx_word' id='word_1_239' title='bbox 666 4262 738 4299; x_wconf 73' lang='lat' dir='ltr'>ceusu</span> <span class='ocrx_word' id='word_1_240' title='bbox 755 4253 835 4299; x_wconf 63' lang='lat' dir='ltr'>&amp;ruat</span> <span class='ocrx_word' id='word_1_241' title='bbox 848 4255 874 4300; x_wconf 87' lang='lat' dir='ltr'>C.</span> <span class='ocrx_word' id='word_1_242' title='bbox 937 4264 956 4298; x_wconf 89' lang='lat' dir='ltr'>c.</span> <span class='ocrx_word' id='word_1_243' title='bbox 975 4254 1001 4299; x_wconf 82' lang='lat' dir='ltr'>ut</span> <span class='ocrx_word' id='word_1_244' title='bbox 1016 4252 1083 4298; x_wconf 82' lang='lat' dir='ltr'>detur</span> <span class='ocrx_word' id='word_1_245' title='bbox 1098 4252 1165 4298; x_wconf 89' lang='lat' dir='ltr'>nobis</span> <span class='ocrx_word' id='word_1_246' title='bbox 1181 4252 1273 4298; x_wconf 80' lang='lat' dir='ltr'>addidi.</span> <span class='ocrx_word' id='word_1_247' title='bbox 1299 4253 1429 4311; x_wconf 70' lang='lat' dir='ltr'>Ofilpba.</span> <span class='ocrx_word' id='word_1_248' title='bbox 1441 4254 1464 4309; x_wconf 78' lang='grc'>6,</span> <span class='ocrx_word' id='word_1_249' title='bbox 1476 4252 1517 4299; x_wconf 76' lang='grc' dir='ltr'>19ε</span> 
     </span>
     <span class='ocr_line' id='line_1_31' title="bbox 356 4330 1514 4391; baseline 0.003 -16"><span class='ocrx_word' id='word_1_250' title='bbox 356 4332 387 4384; x_wconf 84' lang='lat' dir='ltr'>‚st</span> <span class='ocrx_word' id='word_1_251' title='bbox 399 4344 439 4391; x_wconf 90' lang='lat' dir='ltr'>pro</span> <span class='ocrx_word' id='word_1_252' title='bbox 454 4346 499 4389; x_wconf 86' lang='lat' dir='ltr'>me,</span> <span class='ocrx_word' id='word_1_253' title='bbox 516 4334 542 4377; x_wconf 85' lang='lat' dir='ltr'>ut</span> <span class='ocrx_word' id='word_1_254' title='bbox 557 4332 624 4378; x_wconf 82' lang='lat' dir='ltr'>detur</span> <span class='ocrx_word' id='word_1_255' title='bbox 639 4332 695 4379; x_wconf 89' lang='lat' dir='ltr'>mibi</span> <span class='ocrx_word' id='word_1_256' title='bbox 711 4344 785 4379; x_wconf 86' lang='lat' dir='ltr'>sermo</span> <span class='ocrx_word' id='word_1_257' title='bbox 801 4332 825 4377; x_wconf 89' lang='lat' dir='ltr'>iu</span> <span class='ocrx_word' id='word_1_258' title='bbox 841 4332 958 4391; x_wconf 84' lang='lat' dir='ltr'>apertione</span> <span class='ocrx_word' id='word_1_259' title='bbox 975 4330 1045 4377; x_wconf 85' lang='lat' dir='ltr'>orls&#39;.</span> <span class='ocrx_word' id='word_1_260' title='bbox 1124 4332 1147 4377; x_wconf 88' lang='lat' dir='ltr'>d.</span> <span class='ocrx_word' id='word_1_261' title='bbox 1168 4350 1196 4377; x_wconf 75' lang='lat' dir='ltr'>cx</span> <span class='ocrx_word' id='word_1_262' title='bbox 1208 4336 1236 4378; x_wconf 82' lang='grc' dir='ltr'><em>Μ</em></span> <span class='ocrx_word' id='word_1_263' title='bbox 1251 4332 1385 4386; x_wconf 68' lang='grc'>119-120,</span> <span class='ocrx_word' id='word_1_264' title='bbox 1403 4332 1514 4379; x_wconf 72' lang='lat' dir='ltr'>csso-</span> 
     </span>
     <span class='ocr_line' id='line_1_32' title="bbox 352 4408 1517 4469; baseline 0.002 -14"><span class='ocrx_word' id='word_1_265' title='bbox 352 4408 407 4464; x_wconf 72' lang='lat' dir='ltr'>tte,</span> <span class='ocrx_word' id='word_1_266' title='bbox 428 4412 514 4459; x_wconf 68' lang='lat'>701-</span> <span class='ocrx_word' id='word_1_267' title='bbox 526 4414 612 4459; x_wconf 64' lang='lat' dir='ltr'>-bbm</span> <span class='ocrx_word' id='word_1_268' title='bbox 636 4414 689 4460; x_wconf 79' lang='lat' dir='ltr'>Sine</span> <span class='ocrx_word' id='word_1_269' title='bbox 704 4414 814 4458; x_wconf 75' lang='lat' dir='ltr'>lmese.</span> <span class='ocrx_word' id='word_1_270' title='bbox 897 4424 918 4457; x_wconf 86' lang='lat' dir='ltr'>e.</span> <span class='ocrx_word' id='word_1_271' title='bbox 938 4422 1026 4457; x_wconf 79' lang='lat' dir='ltr'>summo</span> <span class='ocrx_word' id='word_1_272' title='bbox 1046 4412 1105 4459; x_wconf 77' lang='lat' dir='ltr'>add.</span> <span class='ocrx_word' id='word_1_273' title='bbox 1122 4413 1148 4459; x_wconf 82' lang='lat' dir='ltr'>C.</span> <span class='ocrx_word' id='word_1_274' title='bbox 1231 4410 1247 4457; x_wconf 78' lang='lat' dir='ltr'>l.</span> <span class='ocrx_word' id='word_1_275' title='bbox 1267 4428 1310 4457; x_wconf 72' lang='lat' dir='ltr'>on.</span> <span class='ocrx_word' id='word_1_276' title='bbox 1328 4414 1355 4459; x_wconf 83' lang='lat' dir='ltr'>C.</span> <span class='ocrx_word' id='word_1_277' title='bbox 1434 4424 1457 4469; x_wconf 67' lang='lat'>3.</span> <span class='ocrx_word' id='word_1_278' title='bbox 1476 4410 1517 4457; x_wconf 72' lang='lat' dir='ltr'>ul·</span> 
     </span>
     <span class='ocr_line' id='line_1_33' title="bbox 354 4490 1517 4550; baseline -0.002 -13"><span class='ocrx_word' id='word_1_279' title='bbox 354 4492 448 4537; x_wconf 71' lang='lat' dir='ltr'>meur</span> <span class='ocrx_word' id='word_1_280' title='bbox 459 4494 486 4547; x_wconf 83' lang='lat' dir='ltr'>C,</span> <span class='ocrx_word' id='word_1_281' title='bbox 503 4508 561 4538; x_wconf 75' lang='lat' dir='ltr'>corr.</span> <span class='ocrx_word' id='word_1_282' title='bbox 577 4494 600 4537; x_wconf 67' lang='grc' dir='ltr'>ἀι</span> <span class='ocrx_word' id='word_1_283' title='bbox 616 4490 723 4538; x_wconf 80' lang='lat' dir='ltr'>admouet</span> <span class='ocrx_word' id='word_1_284' title='bbox 734 4495 775 4548; x_wconf 65' lang='lat' dir='ltr'>m</span> <span class='ocrx_word' id='word_1_285' title='bbox 791 4492 938 4537; x_wconf 79' lang='lat' dir='ltr'>admonemur</span> <span class='ocrx_word' id='word_1_286' title='bbox 951 4490 978 4537; x_wconf 81' lang='lat' dir='ltr'>V.</span> <span class='ocrx_word' id='word_1_287' title='bbox 1040 4490 1063 4535; x_wconf 87' lang='lat' dir='ltr'>lu.</span> <span class='ocrx_word' id='word_1_288' title='bbox 1084 4490 1204 4550; x_wconf 78' lang='lat' dir='ltr'>utriunque</span> <span class='ocrx_word' id='word_1_289' title='bbox 1221 4494 1255 4537; x_wconf 76' lang='lat' dir='ltr'>dr.</span> <span class='ocrx_word' id='word_1_290' title='bbox 1317 4491 1332 4537; x_wconf 80' lang='lat' dir='ltr'>‘a</span> <span class='ocrx_word' id='word_1_291' title='bbox 1354 4490 1471 4537; x_wconf 81' lang='lat' dir='ltr'>subuixlus</span> <span class='ocrx_word' id='word_1_292' title='bbox 1482 4490 1517 4536; x_wconf 70' lang='lat' dir='ltr'>M.</span> 
     </span>
     <span class='ocr_line' id='line_1_34' title="bbox 353 4566 853 4629; baseline -0.004 -10"><span class='ocrx_word' id='word_1_293' title='bbox 353 4566 504 4629; x_wconf 75' lang='lat' dir='ltr'>bngmlolii</span> <span class='ocrx_word' id='word_1_294' title='bbox 521 4572 548 4618; x_wconf 76' lang='lat' dir='ltr'>V.</span> <span class='ocrx_word' id='word_1_295' title='bbox 626 4571 643 4617; x_wconf 83' lang='lat' dir='ltr'>l.</span> <span class='ocrx_word' id='word_1_296' title='bbox 664 4568 810 4629; x_wconf 80' lang='lat' dir='ltr'>&#39;l&#39;burlngium</span> <span class='ocrx_word' id='word_1_297' title='bbox 827 4574 853 4619; x_wconf 84' lang='lat' dir='ltr'>C.</span> 
     </span>
    </p>

    <p class='ocr_par' dir='ltr' id='par_1_16' title="bbox 355 4646 1518 4807">
     <span class='ocr_line' id='line_1_35' title="bbox 419 4646 1518 4717; baseline -0.002 -14"><span class='ocrx_word' id='word_1_298' title='bbox 419 4650 442 4705; x_wconf 90' lang='lat' dir='ltr'>l.</span> <span class='ocrx_word' id='word_1_299' title='bbox 464 4648 623 4705; x_wconf 80' lang='lat' dir='ltr'>abbatissae</span> <span class='ocrx_word' id='word_1_300' title='bbox 639 4648 835 4705; x_wconf 83' lang='lat' dir='ltr'>Wiubumeusi</span> <span class='ocrx_word' id='word_1_301' title='bbox 853 4646 993 4715; x_wconf 88' lang='lat' dir='ltr'>(coenobii</span> <span class='ocrx_word' id='word_1_302' title='bbox 1011 4646 1156 4703; x_wconf 87' lang='lat' dir='ltr'>Wimburn</span> <span class='ocrx_word' id='word_1_303' title='bbox 1178 4648 1206 4701; x_wconf 90' lang='lat' dir='ltr'>in</span> <span class='ocrx_word' id='word_1_304' title='bbox 1229 4660 1302 4717; x_wconf 77' lang='lat' dir='ltr'>pago</span> <span class='ocrx_word' id='word_1_305' title='bbox 1319 4646 1518 4715; x_wconf 86' lang='lat' dir='ltr'>Dorceatrensi,</span> 
     </span>
     <span class='ocr_line' id='line_1_36' title="bbox 355 4733 1517 4807; baseline -0.004 -14"><span class='ocrx_word' id='word_1_306' title='bbox 355 4734 546 4795; x_wconf 71' lang='lat' dir='ltr'>ellorebester</span> <span class='ocrx_word' id='word_1_307' title='bbox 563 4739 634 4793; x_wconf 87' lang='lat' dir='ltr'>iuter</span> <span class='ocrx_word' id='word_1_308' title='bbox 650 4738 783 4795; x_wconf 72' lang='lat' dir='ltr'>omenoem</span> <span class='ocrx_word' id='word_1_309' title='bbox 802 4741 830 4791; x_wconf 87' lang='lat' dir='ltr'>et</span> <span class='ocrx_word' id='word_1_310' title='bbox 848 4736 1097 4807; x_wconf 79' lang='lat' dir='ltr'>septemtrionem);</span> <span class='ocrx_word' id='word_1_311' title='bbox 1116 4736 1152 4791; x_wconf 89' lang='lat' dir='ltr'>de</span> <span class='ocrx_word' id='word_1_312' title='bbox 1169 4751 1225 4805; x_wconf 87' lang='lat' dir='ltr'>qua</span> <span class='ocrx_word' id='word_1_313' title='bbox 1242 4754 1268 4791; x_wconf 89' lang='lat' dir='ltr'>v.</span> <span class='ocrx_word' id='word_1_314' title='bbox 1282 4736 1338 4789; x_wconf 84' lang='lat' dir='ltr'>vit.</span> <span class='ocrx_word' id='word_1_315' title='bbox 1352 4733 1456 4789; x_wconf 87' lang='lat' dir='ltr'>Liobae</span> <span class='ocrx_word' id='word_1_316' title='bbox 1473 4749 1517 4803; x_wconf 85' lang='lat' dir='ltr'>ap.</span> 
     </span>
    </p>
   </div>
   <div class='ocr_carea' id='block_1_5' title="bbox 355 4822 1332 4893">
    <p class='ocr_par' dir='ltr' id='par_1_17' title="bbox 355 4822 1332 4893">
     <span class='ocr_line' id='line_1_37' title="bbox 355 4822 1332 4893; baseline 0 -16"><span class='ocrx_word' id='word_1_317' title='bbox 355 4822 473 4883; x_wconf 80' lang='lat' dir='ltr'>llablllon</span> <span class='ocrx_word' id='word_1_318' title='bbox 491 4827 564 4883; x_wconf 80' lang='lat' dir='ltr'>Acta</span> <span class='ocrx_word' id='word_1_319' title='bbox 582 4825 630 4882; x_wconf 88' lang='lat' dir='ltr'>SS.</span> <span class='ocrx_word' id='word_1_320' title='bbox 649 4841 722 4881; x_wconf 86' lang='lat' dir='ltr'>saec.</span> <span class='ocrx_word' id='word_1_321' title='bbox 735 4826 774 4880; x_wconf 85' lang='grc' dir='ltr'>ΠΙ</span> <span class='ocrx_word' id='word_1_322' title='bbox 792 4826 823 4881; x_wconf 89' lang='lat' dir='ltr'>P.</span> <span class='ocrx_word' id='word_1_323' title='bbox 836 4826 862 4879; x_wconf 93' lang='lat' dir='ltr'>II</span> <span class='ocrx_word' id='word_1_324' title='bbox 875 4826 935 4879; x_wconf 77' lang='lat'>247.</span> <span class='ocrx_word' id='word_1_325' title='bbox 1026 4827 1051 4879; x_wconf 79' lang='lat'>2.</span> <span class='ocrx_word' id='word_1_326' title='bbox 1074 4822 1118 4880; x_wconf 81' lang='lat' dir='ltr'>cf.</span> <span class='ocrx_word' id='word_1_327' title='bbox 1135 4824 1220 4879; x_wconf 88' lang='lat' dir='ltr'>Eccli.</span> <span class='ocrx_word' id='word_1_328' title='bbox 1233 4825 1276 4893; x_wconf 81' lang='lat'>32,</span> <span class='ocrx_word' id='word_1_329' title='bbox 1289 4823 1332 4878; x_wconf 79' lang='lat'>24.</span> 
     </span>
    </p>
   </div>
   <div class='ocr_carea' id='block_1_6' title="bbox 0 0 2176 6034">
    <p class='ocr_par' dir='ltr' id='par_1_18' title="bbox 0 0 2176 6034">
     <span class='ocr_line' id='line_1_38' title="bbox 0 0 2176 6034; baseline 0 0"><span class='ocrx_word' id='word_1_330' title='bbox 0 0 2176 6034; x_wconf 95' lang='lat' dir='ltr'> </span> 
     </span>
    </p>
   </div>
  </div>
 </body>
</html>
