4342 6034
551 944 621 999 noe

520 1016 578 1064 lior.
586 1017 642 1064 Dee

583 1991 639 2039 Dec.

660 774 726 844 638
863 794 942 841 vrrs
966 794 1120 841 aaaonnr
1143 794 1405 842 eeousrscour
1425 794 1623 842 nocuuumr

658 937 793 1003 sentiam
814 936 915 1023 ipsius
936 936 1137 1002 fruebantur·
1158 934 1302 1001 tuitionis
1326 934 1451 1001 ducatu
1542 934 1697 1021 implebat
1714 934 1808 1019 itaque

658 1052 847 1119 venerabilis
860 1050 1064 1134 Maguntinus
1086 1072 1268 1118 mensuram
1292 1051 1509 1137 apostolicam,
1533 1050 1655 1118 factrusb
1670 1056 1752 1116 une
1766 1050 1813 1116 ed·

658 1168 818 1235 versitatis
837 1168 1018 1234 discrimine
1035 1166 1140 1234 actori
1157 1166 1320 1254 apostolici
1336 1166 1435 1249 verbi,
1460 1166 1608 1233 dicentis:
1634 1167 1675 1234 Si
1689 1168 1815 1231 mmet

657 1288 806 1350 inimicus
821 1297 902 1364 tuac,
927 1286 998 1349 eido
1013 1286 1122 1361 illam5
1145 1288 1176 1350 aa'
1191 1288 1267 1365 sitit,
1288 1298 1401 1371 potum
1416 1284 1459 1349 de
1473 1284 1526 1349 illi
1533 1280 1551 1348 ¹.
1586 1283 1737 1348 Animum
1751 1300 1816 1365 quo-

659 1420 720 1483 que
742 1398 861 1482 David,
890 1398 1140 1466 Bethleemitidis
1169 1400 1253 1483 regis
1280 1406 1374 1485 atque
1396 1398 1565 1486 prophete,
1594 1398 1734 1464 induisse
1754 1416 1818 1463 oon·

659 1516 793 1601 spicitur
820 1516 957 1582 viriste
986 1517 1145 1600 egregium
1175 1516 1227 1582 eui
1255 1534 1326 1581 cum
1354 1519 1589 1601 persecutorem
1617 1534 1726 1596 suum,
1754 1513 1819 1580 Saul

657 1631 881 1717 impiissimum
902 1652 1020 1715 regem,
1043 1632 1199 1699 Dominus
1220 1631 1255 1697 in
1269 1650 1366 1698 mauu
1382 1650 1439 1696 sue
1453 1632 1486 1695 in
1502 1630 1655 1717 spelunca
1669 1629 1818 1697 Odullam·

658 1746 851 1830 tradidisset,
874 1746 1016 1813 abscisai
1038 1747 1183 1813 clamidis
1205 1747 1322 1832 ipsius·
1339 1743 1423 1830 ora¹‚
1446 1746 1550 1812 noluit
1572 1746 1743 1813 extendere
1763 1766 1819 1811 ms

658 1882 733 1928 nam
756 1863 791 1928 in
812 1864 928 1949 ipsum,
950 1862 1072 1929 dicens:
1098 1864 1220 1929 iudicet
1242 1864 1331 1929 Deae
1353 1866 1435 1929 inter
1457 1877 1486 1929 ee
1508 1877 1538 1929 et
1558 1856 1640 1939 met

747 1976 871 2056 Quanto
894 1984 1000 2044 autem
1023 1983 1180 2064 apparatu
1203 1976 1372 2063 quantove‘
1393 1978 1544 2064 tripudio,
1569 1982 1739 2063 postquam
1760 1996 1819 2062 pre

659 2094 760 2159 sentio
782 2112 838 2159 suo
859 2114 967 2160 rumor
988 2099 1094 2161 castra
1111 2094 1227 2160 cesaris
1241 2094 1328 2159 fama
1344 2094 1487 2160 evolante
1502 2094 1667 2181 respersit,
1691 2099 1725 2159 et
1739 2112 1818 2177 quam

659 2207 887 2275 officiosissime
916 2210 957 2275 ed
978 2230 1076 2275 unum
1100 2210 1225 2276 circiter
1247 2208 1371 2276 miliare
1393 2246 1434 2255 -
1456 2215 1563 2295 preter
1584 2208 1660 2293 bos,
1691 2210 1746 2293 qui
1766 2207 1819 2294 pri·

659 2324 752 2390 dem⁸
773 2325 814 2390 ud
840 2344 937 2391 unam
965 2325 1016 2391 vel
1047 2326 1183 2411 amplius
1213 2326 1330 2391 dietam
1357 2325 1575 2391 occurrerant'¹
1598 2360 1642 2371 --
1673 2325 1820 2410 principa

659 2460 768 2506 omnes
794 2440 921 2507 obviam
943 2439 1128 2524 Magantino
1151 2440 1321 2527 procedere
1344 2441 1383 2507 eii
1407 2460 1550 2507 cerneres
1573 2445 1605 2506 et
1627 2440 1820 2507 certatimin

660 2556 767 2622 oscula
794 2555 904 2622 ruerek
931 2562 964 2623 et
992 2557 1032 2623 ab
1059 2576 1114 2622 ore
1142 2557 1301 2623 narrentis
1330 2557 1467 2643 pendere
1496 2556 1672 2639 inviseres¹‚
1709 2556 1821 2643 pulchri

659 2671 831 2758 spectaculi
851 2671 908 2737 illa
929 2672 996 2738 dies
1018 2672 1110 2738 foret.
1203 2672 1344 2759 Stipatus
1366 2672 1465 2756 igitur
1487 2672 1560 2738 binc
1582 2672 1657 2738 inde
1680 2672 1822 2759 principi·

660 2788 729 2872 bus,
750 2788 890 2871 undique
912 2794 945 2854 et
966 2788 1094 2854 fulcitus
1117 2789 1300 2875 proceribus
1324 2792 1356 2855 ct
1378 2786 1448 2853 aliis
1473 2807 1605 2871 quorum
1629 2788 1694 2853 uo'n
1710 2794 1759 2854 est
1774 2808 1821 2853 nu-

659 2924 782 2987 merus,
806 2904 910 2969 aulam
933 2904 1131 2990 imperialem
1153 2904 1298 2990 preconis
1321 2904 1380 2970 sub
1402 2924 1478 2969 voce
1500 2902 1705 2987 Magantinus
1728 2905 1821 2987 ingre-

660 3020 755 3086 ditur.
790 3019 891 3087 Tante
913 3020 1049 3106 presulis
1072 3021 1246 3085 reverentie
1268 3020 1418 3085 maiestas
1440 3018 1615 3105 imperialis
1639 3020 1777 3104 assurgit
1795 3024 1821 3084 et

660 3136 831 3202 Teutonico
852 3146 965 3201 more'·
986 3136 1194 3203 resalutatum
1217 3137 1379 3202 considere
1401 3134 1497 3202 iubet

748 3252 794 3317 At
814 3252 893 3337 ipse,
917 3251 1062 3318 omnibus
1084 3252 1281 3338 principibus
1304 3250 1365 3318 sibi
1388 3250 1603 3317 constantibus
1627 3272 1743 3335 magno
1757 3250 1820 3317 dsto

661 3367 797 3451 silentio,
819 3368 935 3434 iniurie
958 3387 1014 3435 sue
1038 3367 1199 3452 querelam
1221 3366 1420 3454 presentibus
1442 3366 1631 3433 adversariis
1655 3386 1761 3433 coram
1775 3368 1821 3433 de·

660 3485 791 3571 promit3
814 3484 1027 3550 curiosissime
1048 3484 1228 3549 sciscitans:
1254 3502 1294 3548 an
1317 3484 1433 3549 cesaris
1456 3482 1569 3549 throno
1593 3482 1651 3549 bec
1673 3490 1819 3549 tumuere

660 3604 839 3665 emanasset
859 3601 1026 3683 sententia,
1050 3600 1152 3684 quod'·
1167 3598 1388 3665 ministeriales
1413 3600 1463 3665 sui
1485 3618 1592 3665 coram
1614 3600 1711 3685 positi
1726 3600 1819 3665 sedem

661 3712 888 3799 lieguutinam,
911 3716 1017 3801 patrie
1037 3716 1132 3782 rebus
1155 3714 1327 3781 ethonore
1348 3716 1419 3801 ipso
1442 3714 1583 3801 depulso,
1606 3716 1717 3801 rapaci
1733 3715 1818 3782 sacri·

660 3830 743 3914 lamo
764 3836 798 3897 et
817 3830 1036 3898 latrocinanti⁰
1058 3830 1225 3917 tyrannide
1248 3831 1430 3897 debuissent
1451 3830 1616 3912 invadere3
1648 3838 1681 3898 et
1703 3832 1816 3897 domun

661 3946 827 4030 emtionis,
856 3947 962 4033 ipsum
987 3946 1127 4013 tribunal
1149 3946 1210 4013 Dei
1232 3948 1383 4031 viventis,
1413 3946 1596 4033 speluncam
1618 3946 1816 4013 latronumet

662 4064 765 4128 omnis
787 4064 937 4149 spurcitie
957 4064 1101 4130 lacunam
1126 4062 1273 4129 exhibere
1296 4062 1491 4143 mandasset3
1514 4070 1548 4129 et
1569 4084 1609 4129 au
1629 4064 1756 4131 servitio
1769 4080 1814 4129 suo

663 4179 747 4265 apud
768 4178 966 4265 imperialem
987 4180 1185 4246 maiestatem
1208 4179 1240 4244 id
1263 4178 1498 4265 promeruisset.

822 4295 912 4362 Talia
933 4296 1097 4382 perstabat
1118 4315 1307 4379 memorans,
1330 4294 1473 4380 fixusque
1495 4292 1671 4363 manebat⁴.

734 4467 754 4500 a
774 4452 907 4501 terebantur
922 4456 944 4501 1.
1010 4455 1031 4502 b.
1052 4455 1126 4501 taetus
1141 4478 1165 4487 -
1178 4459 1241 4501 aeter
1256 4458 1339 4514 scripse·
1351 4472 1393 4514 pro
1410 4457 1474 4501 actus
1489 4455 1597 4501 -isetor
1614 4458 1635 4513 1,
1653 4458 1675 4503 2.
1736 4468 1754 4501 e.
1774 4452 1811 4498 llo

662 4532 709 4580 olis
723 4536 746 4590 1,
761 4534 844 4581 bisalis
859 4537 882 4581 t.
948 4534 971 4581 d
991 4534 1094 4581 abscissa
1110 4538 1132 4581 2.
1198 4550 1218 4581 e.
1239 4552 1283 4582 om.
1299 4536 1321 4582 2.
1388 4534 1555 4595 iquantoque
1571 4536 1593 4581 ².
1656 4550 1677 4594 g.
1698 4535 1781 4596 predeu
1794 4534 1811 4577 l·

661 4612 912 4664 boccumreruntl.
973 4616 1134 4663 euadat
1195 4614 1321 4663 kmrel.
1382 4614 1537 4663 iudaeae.
1599 4612 1809 4672 nemetum

661 4693 799 4754 nunide
876 4694 1104 4744 streames.

733 4800 758 4853 1.
777 4798 968 4868 Romimo,
1051 4798 1288 4868 2.1Reg.24,t'a
1368 4800 1394 4854 3.
1416 4800 1568 4869 tReg.24,
1582 4800 1623 4853 13.
1705 4800 1729 4854 4.
1746 4796 1806 4863 Vrrg.

661 4886 732 4942 deu.
745 4886 843 4941 nouo.
