4342 6034
552 942 604 997 748

542 1016 596 1064 idei.
605 1016 618 1063 l

638 777 703 843 190
885 792 912 841 s.
929 792 1106 841 romanu
1126 794 1173 839 no
1193 792 1298 840 nuum
1317 790 1507 839 nrrsronsn
1529 791 1561 837 es

630 922 813 1022 ‘seripteme
863 933 965 1001 Valde
997 933 1089 1000 nobis
1120 932 1314 1019 acceptabile
1342 952 1413 999 esse
1440 950 1628 1017 eognosoas3
1659 933 1809 1016 quoniam

635 1072 692 1138 per
716 1050 853 1137 Spiritus
876 1050 978 1115 saneti
999 1049 1137 1133 gratiam
1158 1049 1193 1115 in
1215 1052 1248 1115 te
1270 1046 1429 1132 diffusam,
1453 1048 1632 1132 karissime,
1656 1047 1717 1113 hoo
1732 1066 1807 1134 ope-

635 1168 701 1234 rari
723 1165 882 1232 studuisti.

725 1282 809 1348 Inter
837 1302 875 1347 ea
895 1300 954 1367 per
977 1279 1041 1345 alia
1063 1280 1184 1365 soripta
1203 1280 1365 1347 fraternae
1387 1279 1564 1346 sanctitatis
1586 1284 1662 1345 tuae
1682 1278 1809 1365 petisti:

636 1403 672 1463 ut
694 1397 840 1463 sacerdos
868 1417 887 1463 a
914 1395 1005 1462 nobis
1034 1395 1191 1478 dirigatur
1218 1396 1253 1462 in
1280 1396 1425 1482 pertibus
1448 1394 1603 1461 Franoiae
1630 1400 1665 1461 et
1686 1392 1809 1461 Galliae

636 1514 677 1580 od
706 1512 841 1579 ooneilia
868 1510 1063 1579 eelebranda.
1111 1510 1174 1577 Sed
1202 1511 1279 1577 dam
1307 1510 1376 1578 Deo
1404 1511 1543 1598 propitio
1573 1515 1630 1575 tna
1657 1510 1810 1576 sanctitas

636 1627 808 1716 superstis⁵
827 1627 944 1711 existit,
969 1626 1023 1711 qui
1045 1626 1131 1692 sedis
1154 1626 1345 1712 apostolieae
1367 1632 1399 1693 et
1420 1632 1564 1693 nostram
1577 1626 1646 1692 illio
1659 1644 1811 1712 praesen·

636 1750 700 1811 tat⁸
722 1745 838 1827 vioern,
863 1742 960 1809 alium
982 1742 1048 1807 illio
1071 1742 1207 1824 dirigere
1228 1744 1442 1809 neeessariam
1464 1762 1530 1808 non
1552 1748 1610 1808 est

725 1859 809 1938 Quos
832 1864 938 1925 autern
959 1858 1151 1944 reppereris,
1174 1858 1392 1926 amantissime
1406 1858 1515 1942 freter,
1539 1857 1694 1924 hebentes
1709 1857 1812 1924 seian-

636 1977 722 2042 tiam
738 1995 845 2041 saeros
868 1974 1030 2041 doetrinae
1053 1977 1086 2039 et
1108 1980 1251 2039 sanctam
1279 1979 1423 2040 tenemes
1450 1974 1553 2057 legem
1581 1979 1676 2057 atque
1705 1972 1813 2039 ortho-

637 2092 752 2157 doxam
775 2092 843 2157 sino
867 2090 961 2157 dubio
984 2090 1188 2157 defendentes
1210 2088 1316 2175 fidem,
1339 2090 1397 2159 hos
1419 2088 1547 2157 mittere
1568 2088 1670 2172 stude,
1693 2089 1729 2155 in
1744 2088 1813 2172 qni-

637 2206 696 2273 bus
718 2205 912 2293 praevideris
936 2204 1013 2272 loois
1037 2205 1077 2271 ad
1099 2204 1347 2291 praedioandum
1368 2206 1502 2272 verbum
1524 2204 1647 2270 salutis.

726 2320 867 2387 Goneilia
887 2340 979 2404 vero,
1009 2323 1188 2405 aggregatis
1217 2321 1375 2408 episeopis
1402 2319 1665 2408 provincialibus,
1695 2323 1733 2385 ut
1754 2318 1814 2385 tibi

638 2442 671 2503 et
692 2436 746 2503 ubi
768 2436 828 2503 tibi
849 2441 971 2502 reotum
994 2436 1129 2520 ridetur,
1152 2436 1341 2504 celebranda
1362 2455 1513 2523 proouro3
1536 2440 1569 2502 et
1589 2454 1668 2521 quos
1683 2433 1813 2501 desim·

636 2558 684 2619 tes
707 2552 880 2635 inveneris,
904 2552 1060 2619 confunde
1081 2553 1179 2619 faoies
1201 2572 1312 2619 eorum
1333 2552 1509 2636 ignominia
1516 2548 1534 2635 ¹,
1557 2556 1595 2617 nt
1615 2551 1682 2617 sint
1703 2568 1812 2617 eoram

638 2668 783 2734 omnibns
806 2667 874 2733 sine
896 2667 1024 2735 honore.
1070 2667 1226 2735 Dominus
1254 2669 1339 2735 onim
1362 2667 1450 2734 Deus
1476 2673 1586 2735 noster
1612 2666 1675 2733 erit
1695 2671 1811 2733 teoum
1927 2743 1928 2746 Ἴ

728 2783 930 2871 Suseepimns
953 2804 1028 2850 vero
1052 2790 1084 2851 et
1106 2784 1249 2850 chartam
1271 2784 1483 2870 oonsoriptam
1505 2804 1580 2851 vere
1595 2789 1690 2868 etque
1705 2784 1813 2851 ortho-

638 2899 739 2966 doxae
762 2900 966 2986 professionis
991 2905 1023 2967 ot
1045 2899 1219 2967 ostholioae
1247 2900 1395 2984 unitatis,
1426 2920 1523 2985 quam
1551 2919 1624 2965 oum
1645 2898 1813 2966 dileetissi-

638 3016 698 3081 mis
721 3014 811 3082 nobis
835 3016 992 3103 episeopis
1015 3016 1117 3103 partis
1132 3014 1326 3082 Franoomm
1349 3022 1406 3081 tua
1427 3014 1545 3081 direxit
1557 3014 1734 3082 reverenda
1747 3015 1812 3081 fra·

638 3133 780 3199 ternitas.
826 3131 927 3209 Quam
949 3136 1145 3215 reserentes,
1175 3132 1274 3197 nimio
1295 3131 1411 3215 gaudio
1433 3150 1543 3197 sumus
1565 3130 1696 3218 repleti,
1718 3132 1813 3197 innu-

639 3246 806 3314 merabiles
829 3248 948 3330 gratim
979 3251 1108 3331 agentes
1131 3246 1200 3313 Deo
1227 3248 1313 3335 patri
1339 3248 1565 3335 omnipotenti:
1597 3246 1671 3331 quia
1699 3246 1813 3313 unani·

638 3362 781 3427 mitatem
805 3382 915 3429 eornm
938 3362 979 3429 ed
1000 3364 1184 3429 societatem
1205 3369 1348 3429 nostram
1367 3382 1517 3429 reroesre
1531 3362 1679 3446 dignatus
1694 3367 1754 3446 est,
1777 3368 1814 3428 ut

639 3476 792 3563 spiritalis
815 3498 924 3545 eornm
945 3482 1048 3543 mater
1071 3484 1181 3545 saneta
1202 3478 1338 3545 laetetur
1359 3478 1520 3545 aeeclesia
1565 3477 1684 3545 Nostro
1705 3482 1813 3544 autem

639 3594 718 3677 vioe,
741 3593 937 3678 karissimo,
961 3612 1070 3660 omnes
1093 3594 1128 3660 in
1150 3594 1256 3661 osoulo
1279 3595 1367 3681 paeis
1382 3594 1502 3660 Ohmsti
1524 3593 1638 3660 saluta
1676 3591 1761 3671 Quia
1782 3597 1813 3659 et

639 3728 696 3775 nos
731 3708 892 3776 dilectioni
926 3729 1052 3793 eorum,
1094 3710 1213 3794 gratim
1247 3716 1392 3795 agentes,
1427 3708 1617 3797 apostolieae
1650 3708 1812 3775 misimus·

639 3820 788 3891 littoras¹.

727 3939 810 4006 Nam
833 3944 865 4007 et
887 3939 947 4006 hoe
968 3940 1151 4007 intimatum
1173 3945 1224 4007 est
1245 3962 1266 4007 a
1287 3946 1344 4007 tua
1365 3940 1507 4008 fraterna
1520 3941 1705 4008 sanetitate:
1729 3940 1812 4027 quod

639 4055 792 4139 Virgilius
818 4051 889 4122 ille³
913 4090 955 4101 -
979 4057 1138 4123 nesoirnus
1160 4058 1188 4123 si
1216 4057 1341 4123 dicatur
1363 4056 1521 4143 presbiter
1541 4092 1583 4103 -
1605 4054 1812 4141 malignator‘

641 4171 808 4238 adversum
831 4176 863 4239 te
885 4192 944 4258 pro
968 4192 1015 4257 oo,
1039 4172 1124 4257 quod
1138 4172 1388 4239 confundebatur
1403 4178 1479 4257 ate,
1503 4192 1671 4239 erroneum
1692 4193 1728 4239 se
1743 4192 1813 4240 esse

641 4308 661 4353 a
683 4286 837 4355 catholiea
859 4288 1017 4371 dootrine3
1041 4289 1242 4355 inmissiones
1263 4288 1383 4355 fatiens
1398 4288 1518 4355 Otiloni
1540 4289 1613 4355 duoi
1626 4287 1812 4355 Baiubario-

640 4413 741 4486 rum⁸,
764 4408 801 4469 ut
823 4404 930 4470 odium
951 4404 1034 4471 inter
1059 4410 1092 4471 te
1113 4404 1259 4471 stillum
1281 4405 1467 4509 sominaret3
1491 4404 1608 4489 aiens¹¹‚
1632 4404 1717 4490 quod
1739 4409 1774 4471 et
1794 4424 1813 4469 a

714 4550 735 4583 s,
757 4554 813 4583 corr.
831 4540 854 4584 s'a
870 4537 974 4585 doctrine
990 4536 1117 4597 apostoliea
1131 4538 1241 4597 seriptum
1258 4540 1285 4586 C.
1346 4537 1370 4585 b.
1390 4541 1479 4584 conde
1495 4541 1613 4599 superstes
1630 4540 1657 4586 C·
1719 4550 1740 4585 o.
1756 4554 1811 4584 corr.

641 4620 664 4663 r'a
680 4618 813 4677 prsesentas
825 4620 851 4666 C.
904 4617 927 4663 d.
942 4616 1076 4663 karissimos
1089 4621 1123 4664 M.
1186 4632 1206 4665 e.
1222 4617 1338 4663 missimus
1351 4621 1385 4663 Μ.
1445 4617 1463 4664 f.
1478 4618 1615 4677 indigestus
1627 4620 1653 4666 ι’.
1716 4630 1740 4676 g.
1755 4634 1811 4664 eon.

641 4698 664 4743 ie
680 4696 834 4745 Baiusriorum
852 4700 878 4745 C.
956 4696 980 4743 h.
1000 4710 1069 4754 agens
1088 4701 1122 4751 M,
1137 4714 1195 4743 corr.
1210 4700 1234 4743 is
1249 4696 1313 4743 siens
1329 4700 1356 4744 C.

714 4793 738 4847 1.
762 4792 807 4847 Ps.
820 4792 863 4862 82,
879 4792 925 4846 17:
950 4791 1057 4863 „Impia
1080 4790 1166 4847 fooies
1188 4806 1283 4847 eorum
1306 4791 1488 4863 ignominfa“.
1577 4794 1603 4849 2.
1627 4807 1671 4863 op.
1689 4794 1725 4849 67
1742 4790 1812 4849 infra

640 4896 667 4949 p.
683 4882 742 4936 193.
831 4882 857 4937 3.
880 4894 926 4951 ep.
944 4878 1163 4950 Saiaburgensia
