<?xml version="1.0" encoding="UTF-8"?>
<!DOCTYPE html PUBLIC "-//W3C//DTD XHTML 1.0 Transitional//EN"
    "http://www.w3.org/TR/xhtml1/DTD/xhtml1-transitional.dtd">
<html xmlns="http://www.w3.org/1999/xhtml" xml:lang="en" lang="en">
 <head>
  <title>
</title>
<meta http-equiv="Content-Type" content="text/html;charset=utf-8" />
  <meta name='ocr-system' content='tesseract 3.04.00' />
  <meta name='ocr-capabilities' content='ocr_page ocr_carea ocr_par ocr_line ocrx_word'/>
</head>
<body>
  <div class='ocr_page' id='page_1' title='image "./monumentamogunt00lulgoog/monumentamogunt00lulgoog_0707.png"; bbox 0 0 4342 6034; ppageno 0'>
   <div class='ocr_carea' id='block_1_1' title="bbox 596 816 1518 884">
    <p class='ocr_par' dir='ltr' id='par_1_1' title="bbox 596 816 1518 884">
     <span class='ocr_line' id='line_1_1' title="bbox 596 816 1518 884; baseline 0 -1"><span class='ocrx_word' id='word_1_1' title='bbox 596 834 795 884; x_wconf 75' lang='lat' dir='ltr'>quamnim</span> <span class='ocrx_word' id='word_1_2' title='bbox 816 834 1019 884; x_wconf 80' lang='lat' dir='ltr'>cnaomoos</span> <span class='ocrx_word' id='word_1_3' title='bbox 1041 834 1278 884; x_wconf 81' lang='lat' dir='ltr'>uouuunmuu</span> <span class='ocrx_word' id='word_1_4' title='bbox 1453 816 1518 883; x_wconf 83' lang='grc'>689</span> 
     </span>
    </p>
   </div>
   <div class='ocr_carea' id='block_1_2' title="bbox 333 974 1764 4877">
    <p class='ocr_par' dir='ltr' id='par_1_2' title="bbox 333 974 1627 2572">
     <span class='ocr_line' id='line_1_2' title="bbox 335 974 1617 1061; baseline -0.004 -20"><span class='ocrx_word' id='word_1_5' title='bbox 335 974 549 1061; x_wconf 70' lang='lat' dir='ltr'>quaerebant</span> <span class='ocrx_word' id='word_1_6' title='bbox 583 975 650 1043; x_wconf 91' lang='lat' dir='ltr'>Iam</span> <span class='ocrx_word' id='word_1_7' title='bbox 678 977 785 1061; x_wconf 88' lang='lat' dir='ltr'>ignem</span> <span class='ocrx_word' id='word_1_8' title='bbox 813 976 854 1043; x_wconf 89' lang='lat' dir='ltr'>ad</span> <span class='ocrx_word' id='word_1_9' title='bbox 881 974 1023 1043; x_wconf 90' lang='lat' dir='ltr'>officinas</span> <span class='ocrx_word' id='word_1_10' title='bbox 1051 976 1271 1043; x_wconf 79' lang='lat' dir='ltr'>admovebant.</span> <span class='ocrx_word' id='word_1_11' title='bbox 1308 974 1369 1042; x_wconf 84' lang='lat' dir='ltr'>Vix</span> <span class='ocrx_word' id='word_1_12' title='bbox 1393 980 1518 1043; x_wconf 90' lang='lat' dir='ltr'>etcum</span> <span class='ocrx_word' id='word_1_13' title='bbox 1548 982 1617 1037; x_wconf 79' lang='lat'>1160</span> 
     </span>
     <span class='ocr_line' id='line_1_3' title="bbox 334 1056 1627 1162; baseline 0.002 -6"><span class='ocrx_word' id='word_1_14' title='bbox 334 1090 448 1157; x_wconf 81' lang='lat' dir='ltr'>multa</span> <span class='ocrx_word' id='word_1_15' title='bbox 468 1090 653 1159; x_wconf 86' lang='lat' dir='ltr'>difficultate</span> <span class='ocrx_word' id='word_1_16' title='bbox 675 1094 820 1161; x_wconf 89' lang='lat' dir='ltr'>monachi</span> <span class='ocrx_word' id='word_1_17' title='bbox 842 1114 1002 1162; x_wconf 88' lang='lat' dir='ltr'>recessum</span> <span class='ocrx_word' id='word_1_18' title='bbox 1023 1093 1235 1160; x_wconf 90' lang='lat' dir='ltr'>obtinuerunt.</span> <span class='ocrx_word' id='word_1_19' title='bbox 1304 1092 1348 1159; x_wconf 89' lang='lat' dir='ltr'>Et</span> <span class='ocrx_word' id='word_1_20' title='bbox 1362 1092 1436 1159; x_wconf 95' lang='lat' dir='ltr'>dum</span> <span class='ocrx_word' id='word_1_21' title='bbox 1452 1112 1518 1158; x_wconf 80' lang='lat' dir='ltr'>mo</span> <span class='ocrx_word' id='word_1_22' title='bbox 1536 1056 1627 1103; x_wconf 58' lang='lat' dir='ltr'><em>m</em></span> 
     </span>
     <span class='ocr_line' id='line_1_4' title="bbox 334 1208 1518 1296; baseline 0.001 -23"><span class='ocrx_word' id='word_1_23' title='bbox 334 1208 530 1292; x_wconf 78' lang='lat' dir='ltr'>nestorium,</span> <span class='ocrx_word' id='word_1_24' title='bbox 552 1209 639 1275; x_wconf 85' lang='lat' dir='ltr'>fumo</span> <span class='ocrx_word' id='word_1_25' title='bbox 661 1209 790 1295; x_wconf 90' lang='lat' dir='ltr'>plenum</span> <span class='ocrx_word' id='word_1_26' title='bbox 812 1208 1022 1296; x_wconf 86' lang='lat' dir='ltr'>flammisque,</span> <span class='ocrx_word' id='word_1_27' title='bbox 1045 1228 1104 1296; x_wconf 87' lang='lat' dir='ltr'>per</span> <span class='ocrx_word' id='word_1_28' title='bbox 1124 1210 1291 1277; x_wconf 91' lang='lat' dir='ltr'>circuitum</span> <span class='ocrx_word' id='word_1_29' title='bbox 1312 1212 1518 1295; x_wconf 87' lang='lat' dir='ltr'>premeretur,</span> 
     </span>
     <span class='ocr_line' id='line_1_5' title="bbox 333 1322 1519 1411; baseline 0.003 -24"><span class='ocrx_word' id='word_1_30' title='bbox 333 1322 411 1409; x_wconf 91' lang='lat' dir='ltr'>ipse</span> <span class='ocrx_word' id='word_1_31' title='bbox 435 1324 575 1410; x_wconf 88' lang='lat' dir='ltr'>praesul,</span> <span class='ocrx_word' id='word_1_32' title='bbox 597 1325 711 1391; x_wconf 87' lang='lat' dir='ltr'>turrim</span> <span class='ocrx_word' id='word_1_33' title='bbox 733 1328 918 1393; x_wconf 84' lang='lat' dir='ltr'>monasterii</span> <span class='ocrx_word' id='word_1_34' title='bbox 937 1326 1120 1410; x_wconf 87' lang='lat' dir='ltr'>ascendens,</span> <span class='ocrx_word' id='word_1_35' title='bbox 1143 1324 1393 1393; x_wconf 87' lang='lat' dir='ltr'>misericordiam</span> <span class='ocrx_word' id='word_1_36' title='bbox 1408 1324 1519 1411; x_wconf 89' lang='lat' dir='ltr'>depre-</span> 
     </span>
     <span class='ocr_line' id='line_1_6' title="bbox 334 1440 1520 1527; baseline 0.002 -24"><span class='ocrx_word' id='word_1_37' title='bbox 334 1444 436 1505; x_wconf 90' lang='lat' dir='ltr'>catur</span> <span class='ocrx_word' id='word_1_38' title='bbox 459 1444 505 1523; x_wconf 89' lang='lat' dir='ltr'>et,</span> <span class='ocrx_word' id='word_1_39' title='bbox 534 1440 563 1506; x_wconf 90' lang='lat' dir='ltr'>si</span> <span class='ocrx_word' id='word_1_40' title='bbox 585 1460 680 1525; x_wconf 90' lang='lat' dir='ltr'>quem</span> <span class='ocrx_word' id='word_1_41' title='bbox 702 1440 885 1509; x_wconf 81' lang='lat' dir='ltr'>offendisset</span> <span class='ocrx_word' id='word_1_42' title='bbox 905 1443 1002 1510; x_wconf 82' lang='lat' dir='ltr'>verbo</span> <span class='ocrx_word' id='word_1_43' title='bbox 1024 1442 1076 1510; x_wconf 85' lang='lat' dir='ltr'>vel</span> <span class='ocrx_word' id='word_1_44' title='bbox 1098 1442 1198 1527; x_wconf 82' lang='lat' dir='ltr'>facco,</span> <span class='ocrx_word' id='word_1_45' title='bbox 1227 1441 1463 1509; x_wconf 78' lang='lat' dir='ltr'>sadefactmum</span> <span class='ocrx_word' id='word_1_46' title='bbox 1486 1460 1520 1506; x_wconf 89' lang='lat' dir='ltr'>se</span> 
     </span>
     <span class='ocr_line' id='line_1_7' title="bbox 334 1553 1521 1646; baseline 0.002 -27"><span class='ocrx_word' id='word_1_47' title='bbox 334 1553 533 1641; x_wconf 65' lang='lat' dir='ltr'>suppliciter</span> <span class='ocrx_word' id='word_1_48' title='bbox 552 1556 729 1643; x_wconf 87' lang='lat' dir='ltr'>pollicetur.</span> <span class='ocrx_word' id='word_1_49' title='bbox 764 1557 828 1625; x_wconf 86' lang='lat' dir='ltr'>Sed</span> <span class='ocrx_word' id='word_1_50' title='bbox 850 1560 955 1643; x_wconf 90' lang='lat' dir='ltr'>turba,</span> <span class='ocrx_word' id='word_1_51' title='bbox 978 1560 1046 1625; x_wconf 83' lang='lat' dir='ltr'>riso</span> <span class='ocrx_word' id='word_1_52' title='bbox 1068 1557 1233 1646; x_wconf 86' lang='lat' dir='ltr'>pontifice,</span> <span class='ocrx_word' id='word_1_53' title='bbox 1257 1556 1393 1624; x_wconf 88' lang='lat' dir='ltr'>clamare</span> <span class='ocrx_word' id='word_1_54' title='bbox 1415 1556 1521 1642; x_wconf 91' lang='lat' dir='ltr'>coepit</span> 
     </span>
     <span class='ocr_line' id='line_1_8' title="bbox 334 1670 1520 1762; baseline 0.004 -28"><span class='ocrx_word' id='word_1_55' title='bbox 334 1670 479 1755; x_wconf 78' lang='lat' dir='ltr'>furiose,</span> <span class='ocrx_word' id='word_1_56' title='bbox 508 1691 566 1737; x_wconf 92' lang='lat' dir='ltr'>nec</span> <span class='ocrx_word' id='word_1_57' title='bbox 593 1679 742 1759; x_wconf 88' lang='lat' dir='ltr'>poterant</span> <span class='ocrx_word' id='word_1_58' title='bbox 764 1675 972 1762; x_wconf 87' lang='lat' dir='ltr'>supplicantis</span> <span class='ocrx_word' id='word_1_59' title='bbox 996 1675 1093 1742; x_wconf 80' lang='lat' dir='ltr'>verba</span> <span class='ocrx_word' id='word_1_60' title='bbox 1113 1694 1191 1761; x_wconf 85' lang='lat' dir='ltr'>prae</span> <span class='ocrx_word' id='word_1_61' title='bbox 1213 1673 1351 1740; x_wconf 82' lang='lat' dir='ltr'><strong>tumultu</strong></span> <span class='ocrx_word' id='word_1_62' title='bbox 1373 1672 1520 1739; x_wconf 87' lang='lat' dir='ltr'>turbatae</span> 
     </span>
     <span class='ocr_line' id='line_1_9' title="bbox 334 1786 1520 1874; baseline 0.003 -22"><span class='ocrx_word' id='word_1_63' title='bbox 334 1786 458 1853; x_wconf 87' lang='lat' dir='ltr'>turbae</span> <span class='ocrx_word' id='word_1_64' title='bbox 478 1787 614 1873; x_wconf 75' lang='lat' dir='ltr'>intelligi</span> <span class='ocrx_word' id='word_1_65' title='bbox 636 1790 686 1857; x_wconf 86' lang='lat' dir='ltr'>vel</span> <span class='ocrx_word' id='word_1_66' title='bbox 709 1790 821 1857; x_wconf 86' lang='lat' dir='ltr'>audiri</span> <span class='ocrx_word' id='word_1_67' title='bbox 856 1790 919 1858; x_wconf 86' lang='lat' dir='ltr'>Sed</span> <span class='ocrx_word' id='word_1_68' title='bbox 943 1791 1070 1857; x_wconf 90' lang='lat' dir='ltr'>admoto</span> <span class='ocrx_word' id='word_1_69' title='bbox 1092 1791 1166 1873; x_wconf 89' lang='lat' dir='ltr'>igne</span> <span class='ocrx_word' id='word_1_70' title='bbox 1189 1790 1230 1856; x_wconf 92' lang='lat' dir='ltr'>ad</span> <span class='ocrx_word' id='word_1_71' title='bbox 1252 1789 1377 1873; x_wconf 90' lang='lat' dir='ltr'>turrim,</span> <span class='ocrx_word' id='word_1_72' title='bbox 1399 1790 1433 1855; x_wconf 93' lang='lat' dir='ltr'>in</span> <span class='ocrx_word' id='word_1_73' title='bbox 1457 1808 1520 1874; x_wconf 87' lang='lat' dir='ltr'>qua</span> 
     </span>
     <span class='ocr_line' id='line_1_10' title="bbox 335 1902 1519 1993; baseline 0.001 -25"><span class='ocrx_word' id='word_1_74' title='bbox 335 1902 467 1987; x_wconf 89' lang='lat' dir='ltr'>stabat,</span> <span class='ocrx_word' id='word_1_75' title='bbox 495 1904 602 1990; x_wconf 91' lang='lat' dir='ltr'>ipsum</span> <span class='ocrx_word' id='word_1_76' title='bbox 631 1904 670 1972; x_wconf 90' lang='lat' dir='ltr'>de</span> <span class='ocrx_word' id='word_1_77' title='bbox 698 1907 781 1973; x_wconf 89' lang='lat' dir='ltr'>turri</span> <span class='ocrx_word' id='word_1_78' title='bbox 802 1906 992 1974; x_wconf 78' lang='lat' dir='ltr'>descendere</span> <span class='ocrx_word' id='word_1_79' title='bbox 1013 1904 1253 1993; x_wconf 76' lang='lat' dir='ltr'>compellebant.</span> <span class='ocrx_word' id='word_1_80' title='bbox 1288 1904 1433 1971; x_wconf 85' lang='lat' dir='ltr'>Flamma</span> <span class='ocrx_word' id='word_1_81' title='bbox 1454 1905 1519 1970; x_wconf 93' lang='lat' dir='ltr'>iam</span> 
     </span>
     <span class='ocr_line' id='line_1_11' title="bbox 335 2019 1519 2108; baseline 0.002 -23"><span class='ocrx_word' id='word_1_82' title='bbox 335 2020 537 2086; x_wconf 86' lang='lat' dir='ltr'>monasterio</span> <span class='ocrx_word' id='word_1_83' title='bbox 560 2019 749 2087; x_wconf 88' lang='lat' dir='ltr'>dominatur.</span> <span class='ocrx_word' id='word_1_84' title='bbox 835 2022 954 2090; x_wconf 84' lang='lat' dir='ltr'>Videns</span> <span class='ocrx_word' id='word_1_85' title='bbox 977 2043 1062 2108; x_wconf 89' lang='lat' dir='ltr'>ergo,</span> <span class='ocrx_word' id='word_1_86' title='bbox 1084 2022 1256 2089; x_wconf 87' lang='lat' dir='ltr'>monachos</span> <span class='ocrx_word' id='word_1_87' title='bbox 1280 2021 1409 2088; x_wconf 87' lang='lat' dir='ltr'>obtenta</span> <span class='ocrx_word' id='word_1_88' title='bbox 1431 2040 1519 2087; x_wconf 92' lang='lat' dir='ltr'>aecn-</span> 
     </span>
     <span class='ocr_line' id='line_1_12' title="bbox 335 2135 1519 2225; baseline 0.002 -24"><span class='ocrx_word' id='word_1_89' title='bbox 335 2135 440 2202; x_wconf 91' lang='lat' dir='ltr'>ritate</span> <span class='ocrx_word' id='word_1_90' title='bbox 470 2135 652 2221; x_wconf 80' lang='lat' dir='ltr'>abscedam,</span> <span class='ocrx_word' id='word_1_91' title='bbox 680 2143 798 2223; x_wconf 88' lang='lat' dir='ltr'>tentat,</span> <span class='ocrx_word' id='word_1_92' title='bbox 828 2140 856 2204; x_wconf 90' lang='lat' dir='ltr'>si</span> <span class='ocrx_word' id='word_1_93' title='bbox 883 2140 966 2206; x_wconf 82' lang='lat' dir='ltr'>forte</span> <span class='ocrx_word' id='word_1_94' title='bbox 994 2144 1027 2205; x_wconf 87' lang='lat' dir='ltr'>et</span> <span class='ocrx_word' id='word_1_95' title='bbox 1047 2139 1117 2225; x_wconf 91' lang='lat' dir='ltr'>ipse</span> <span class='ocrx_word' id='word_1_96' title='bbox 1140 2156 1213 2205; x_wconf 89' lang='lat' dir='ltr'>cnm</span> <span class='ocrx_word' id='word_1_97' title='bbox 1236 2138 1282 2205; x_wconf 90' lang='lat' dir='ltr'>eis</span> <span class='ocrx_word' id='word_1_98' title='bbox 1304 2143 1337 2204; x_wconf 91' lang='lat' dir='ltr'>et</span> <span class='ocrx_word' id='word_1_99' title='bbox 1359 2137 1442 2204; x_wconf 90' lang='lat' dir='ltr'>inter</span> <span class='ocrx_word' id='word_1_100' title='bbox 1466 2156 1519 2203; x_wconf 90' lang='lat' dir='ltr'>eos</span> 
     </span>
     <span class='ocr_line' id='line_1_13' title="bbox 337 2245 1520 2341; baseline 0.001 -24"><span class='ocrx_word' id='word_1_101' title='bbox 337 2252 447 2336; x_wconf 88' lang='lat' dir='ltr'>possit</span> <span class='ocrx_word' id='word_1_102' title='bbox 482 2245 625 2319; x_wconf 85' lang='lat' dir='ltr'>eradere.</span> <span class='ocrx_word' id='word_1_103' title='bbox 665 2254 840 2341; x_wconf 82' lang='lat' dir='ltr'>Assumpto</span> <span class='ocrx_word' id='word_1_104' title='bbox 867 2255 975 2340; x_wconf 90' lang='lat' dir='ltr'>itaque</span> <span class='ocrx_word' id='word_1_105' title='bbox 1003 2254 1113 2321; x_wconf 85' lang='lat' dir='ltr'>babitu</span> <span class='ocrx_word' id='word_1_106' title='bbox 1142 2254 1333 2336; x_wconf 87' lang='lat' dir='ltr'>monastico,</span> <span class='ocrx_word' id='word_1_107' title='bbox 1369 2252 1520 2319; x_wconf 86' lang='lat' dir='ltr'>occultari</span> 
     </span>
     <span class='ocr_line' id='line_1_14' title="bbox 337 2368 1518 2455; baseline 0.002 -23"><span class='ocrx_word' id='word_1_108' title='bbox 337 2372 463 2451; x_wconf 89' lang='lat' dir='ltr'>tentat,</span> <span class='ocrx_word' id='word_1_109' title='bbox 493 2374 530 2434; x_wconf 89' lang='lat' dir='ltr'>nt</span> <span class='ocrx_word' id='word_1_110' title='bbox 557 2373 590 2435; x_wconf 86' lang='lat' dir='ltr'>et</span> <span class='ocrx_word' id='word_1_111' title='bbox 618 2369 725 2452; x_wconf 83' lang='lat' dir='ltr'>ignem</span> <span class='ocrx_word' id='word_1_112' title='bbox 755 2370 809 2455; x_wconf 90' lang='lat' dir='ltr'>qni</span> <span class='ocrx_word' id='word_1_113' title='bbox 836 2371 1016 2437; x_wconf 82' lang='lat' dir='ltr'>invaluerat</span> <span class='ocrx_word' id='word_1_114' title='bbox 1037 2375 1070 2437; x_wconf 89' lang='lat' dir='ltr'>et</span> <span class='ocrx_word' id='word_1_115' title='bbox 1092 2370 1232 2454; x_wconf 78' lang='lat' dir='ltr'>gladium</span> <span class='ocrx_word' id='word_1_116' title='bbox 1255 2368 1404 2436; x_wconf 86' lang='lat' dir='ltr'>evaderet</span> <span class='ocrx_word' id='word_1_117' title='bbox 1425 2388 1518 2454; x_wconf 88' lang='lat' dir='ltr'>quem</span> 
     </span>
     <span class='ocr_line' id='line_1_15' title="bbox 335 2483 1520 2572; baseline 0.003 -24"><span class='ocrx_word' id='word_1_118' title='bbox 335 2483 486 2551; x_wconf 87' lang='lat' dir='ltr'>timebat</span> <span class='ocrx_word' id='word_1_119' title='bbox 520 2484 651 2571; x_wconf 78' lang='lat' dir='ltr'>Apertis</span> <span class='ocrx_word' id='word_1_120' title='bbox 674 2485 825 2553; x_wconf 89' lang='lat' dir='ltr'>ecclesiae</span> <span class='ocrx_word' id='word_1_121' title='bbox 848 2487 966 2572; x_wconf 70' lang='lat' dir='ltr'>valum,</span> <span class='ocrx_word' id='word_1_122' title='bbox 990 2506 1062 2553; x_wconf 92' lang='lat' dir='ltr'>cum</span> <span class='ocrx_word' id='word_1_123' title='bbox 1084 2484 1248 2553; x_wconf 90' lang='lat' dir='ltr'>monachis</span> <span class='ocrx_word' id='word_1_124' title='bbox 1270 2486 1337 2553; x_wconf 85' lang='lat' dir='ltr'>iere</span> <span class='ocrx_word' id='word_1_125' title='bbox 1360 2484 1520 2552; x_wconf 89' lang='lat' dir='ltr'>abscesse-</span> 
     </span>
    </p>

    <p class='ocr_par' dir='ltr' id='par_1_3' title="bbox 337 2598 1521 2804">
     <span class='ocr_line' id='line_1_16' title="bbox 337 2598 1521 2686; baseline 0.003 -21"><span class='ocrx_word' id='word_1_126' title='bbox 337 2604 400 2665; x_wconf 89' lang='lat' dir='ltr'>rat.</span> <span class='ocrx_word' id='word_1_127' title='bbox 439 2598 504 2666; x_wconf 88' lang='lat' dir='ltr'>Sed</span> <span class='ocrx_word' id='word_1_128' title='bbox 527 2602 705 2685; x_wconf 91' lang='lat' dir='ltr'>aquodam</span> <span class='ocrx_word' id='word_1_129' title='bbox 729 2610 777 2668; x_wconf 88' lang='lat' dir='ltr'>est</span> <span class='ocrx_word' id='word_1_130' title='bbox 799 2604 942 2686; x_wconf 88' lang='lat' dir='ltr'>cognitus</span> <span class='ocrx_word' id='word_1_131' title='bbox 966 2608 998 2669; x_wconf 90' lang='lat' dir='ltr'>et</span> <span class='ocrx_word' id='word_1_132' title='bbox 1012 2603 1158 2669; x_wconf 88' lang='lat' dir='ltr'>detentus</span> <span class='ocrx_word' id='word_1_133' title='bbox 1173 2602 1294 2669; x_wconf 84' lang='lat' dir='ltr'>infelix.</span> <span class='ocrx_word' id='word_1_134' title='bbox 1385 2600 1521 2679; x_wconf 86' lang='lat' dir='ltr'>Quidam</span> 
     </span>
     <span class='ocr_line' id='line_1_17' title="bbox 337 2714 1520 2804; baseline 0.003 -23"><span class='ocrx_word' id='word_1_135' title='bbox 337 2716 448 2801; x_wconf 92' lang='lat' dir='ltr'>primo</span> <span class='ocrx_word' id='word_1_136' title='bbox 471 2714 611 2799; x_wconf 77' lang='lat' dir='ltr'>gladium</span> <span class='ocrx_word' id='word_1_137' title='bbox 634 2717 762 2783; x_wconf 81' lang='lat' dir='ltr'>vibrans</span> <span class='ocrx_word' id='word_1_138' title='bbox 785 2717 866 2784; x_wconf 92' lang='lat' dir='ltr'>collo</span> <span class='ocrx_word' id='word_1_139' title='bbox 883 2718 1023 2804; x_wconf 88' lang='lat' dir='ltr'>episcopi</span> <span class='ocrx_word' id='word_1_140' title='bbox 1041 2718 1207 2785; x_wconf 87' lang='lat' dir='ltr'>immersit</span> <span class='ocrx_word' id='word_1_141' title='bbox 1241 2718 1342 2802; x_wconf 80' lang='lat' dir='ltr'>Alter,</span> <span class='ocrx_word' id='word_1_142' title='bbox 1365 2718 1399 2783; x_wconf 93' lang='lat' dir='ltr'>iu</span> <span class='ocrx_word' id='word_1_143' title='bbox 1416 2718 1520 2784; x_wconf 83' lang='lat' dir='ltr'>fronte</span> 
     </span>
    </p>

    <p class='ocr_par' dir='ltr' id='par_1_4' title="bbox 337 2832 1520 3153">
     <span class='ocr_line' id='line_1_18' title="bbox 337 2832 1520 2921; baseline 0.002 -24"><span class='ocrx_word' id='word_1_144' title='bbox 337 2832 408 2897; x_wconf 88' lang='lat' dir='ltr'>cius</span> <span class='ocrx_word' id='word_1_145' title='bbox 439 2832 620 2918; x_wconf 89' lang='lat' dir='ltr'>percutiens</span> <span class='ocrx_word' id='word_1_146' title='bbox 647 2852 814 2917; x_wconf 91' lang='lat' dir='ltr'>mucrone,</span> <span class='ocrx_word' id='word_1_147' title='bbox 844 2833 884 2899; x_wconf 88' lang='lat' dir='ltr'>ab</span> <span class='ocrx_word' id='word_1_148' title='bbox 907 2852 983 2899; x_wconf 85' lang='lat' dir='ltr'>aure</span> <span class='ocrx_word' id='word_1_149' title='bbox 1006 2852 1105 2919; x_wconf 89' lang='lat' dir='ltr'>usqne</span> <span class='ocrx_word' id='word_1_150' title='bbox 1129 2834 1169 2899; x_wconf 90' lang='lat' dir='ltr'>ad</span> <span class='ocrx_word' id='word_1_151' title='bbox 1192 2854 1301 2901; x_wconf 87' lang='lat' dir='ltr'>aurem</span> <span class='ocrx_word' id='word_1_152' title='bbox 1324 2835 1520 2921; x_wconf 90' lang='lat' dir='ltr'>superiorem</span> 
     </span>
     <span class='ocr_line' id='line_1_19' title="bbox 337 2948 1520 3035; baseline 0.001 -21"><span class='ocrx_word' id='word_1_153' title='bbox 337 2953 470 3033; x_wconf 86' lang='lat' dir='ltr'>partem</span> <span class='ocrx_word' id='word_1_154' title='bbox 497 2950 613 3034; x_wconf 89' lang='lat' dir='ltr'>capitis</span> <span class='ocrx_word' id='word_1_155' title='bbox 641 2950 683 3015; x_wconf 88' lang='lat' dir='ltr'>ad</span> <span class='ocrx_word' id='word_1_156' title='bbox 710 2950 843 3015; x_wconf 80' lang='lat' dir='ltr'>inferius</span> <span class='ocrx_word' id='word_1_157' title='bbox 871 2949 989 3015; x_wconf 81' lang='lat' dir='ltr'>divisit.</span> <span class='ocrx_word' id='word_1_158' title='bbox 1032 2948 1146 3035; x_wconf 83' lang='lat' dir='ltr'>Sisque</span> <span class='ocrx_word' id='word_1_159' title='bbox 1175 2956 1280 3016; x_wconf 87' lang='lat' dir='ltr'>actum</span> <span class='ocrx_word' id='word_1_160' title='bbox 1310 2954 1373 3035; x_wconf 90' lang='lat' dir='ltr'>est,</span> <span class='ocrx_word' id='word_1_161' title='bbox 1401 2956 1438 3016; x_wconf 86' lang='lat' dir='ltr'>ut</span> <span class='ocrx_word' id='word_1_162' title='bbox 1466 2950 1520 3015; x_wconf 89' lang='lat' dir='ltr'>alii</span> 
     </span>
     <span class='ocr_line' id='line_1_20' title="bbox 338 3064 1518 3153; baseline 0.002 -24"><span class='ocrx_word' id='word_1_163' title='bbox 338 3064 457 3149; x_wconf 86' lang='lat' dir='ltr'>contis,</span> <span class='ocrx_word' id='word_1_164' title='bbox 481 3064 535 3133; x_wconf 90' lang='lat' dir='ltr'>alii</span> <span class='ocrx_word' id='word_1_165' title='bbox 557 3064 709 3149; x_wconf 87' lang='lat' dir='ltr'>fustibus,</span> <span class='ocrx_word' id='word_1_166' title='bbox 733 3065 788 3131; x_wconf 87' lang='lat' dir='ltr'>alii</span> <span class='ocrx_word' id='word_1_167' title='bbox 810 3065 934 3150; x_wconf 87' lang='lat' dir='ltr'>gladiis,</span> <span class='ocrx_word' id='word_1_168' title='bbox 960 3066 1014 3133; x_wconf 88' lang='lat' dir='ltr'>alii</span> <span class='ocrx_word' id='word_1_169' title='bbox 1036 3066 1197 3153; x_wconf 75' lang='lat' dir='ltr'>lapidibus</span> <span class='ocrx_word' id='word_1_170' title='bbox 1221 3076 1310 3132; x_wconf 88' lang='lat' dir='ltr'>eum·</span> <span class='ocrx_word' id='word_1_171' title='bbox 1333 3071 1518 3151; x_wconf 80' lang='lat' dir='ltr'>mactantes,</span> 
     </span>
    </p>

    <p class='ocr_par' dir='ltr' id='par_1_5' title="bbox 337 3179 1520 3617">
     <span class='ocr_line' id='line_1_21' title="bbox 338 3179 1520 3267; baseline 0.003 -23"><span class='ocrx_word' id='word_1_172' title='bbox 338 3179 408 3247; x_wconf 91' lang='lat' dir='ltr'>solo</span> <span class='ocrx_word' id='word_1_173' title='bbox 430 3186 527 3247; x_wconf 82' lang='lat' dir='ltr'>tenus</span> <span class='ocrx_word' id='word_1_174' title='bbox 549 3181 805 3267; x_wconf 76' lang='lat' dir='ltr'>praecipitarent.</span> <span class='ocrx_word' id='word_1_175' title='bbox 897 3182 1056 3249; x_wconf 88' lang='lat' dir='ltr'>lucentem</span> <span class='ocrx_word' id='word_1_176' title='bbox 1079 3182 1126 3249; x_wconf 93' lang='lat' dir='ltr'>sic</span> <span class='ocrx_word' id='word_1_177' title='bbox 1149 3187 1181 3248; x_wconf 91' lang='lat' dir='ltr'>et</span> <span class='ocrx_word' id='word_1_178' title='bbox 1202 3181 1384 3248; x_wconf 87' lang='lat' dir='ltr'>vulneribus</span> <span class='ocrx_word' id='word_1_179' title='bbox 1401 3186 1433 3248; x_wconf 89' lang='lat' dir='ltr'>et</span> <span class='ocrx_word' id='word_1_180' title='bbox 1447 3202 1520 3248; x_wconf 88' lang='lat' dir='ltr'>san·</span> 
     </span>
     <span class='ocr_line' id='line_1_22' title="bbox 338 3296 1519 3385; baseline 0.002 -23"><span class='ocrx_word' id='word_1_181' title='bbox 338 3296 437 3379; x_wconf 89' lang='lat' dir='ltr'>guine</span> <span class='ocrx_word' id='word_1_182' title='bbox 462 3297 672 3364; x_wconf 84' lang='lat' dir='ltr'>deformatum</span> <span class='ocrx_word' id='word_1_183' title='bbox 694 3297 806 3381; x_wconf 88' lang='lat' dir='ltr'>vulgus</span> <span class='ocrx_word' id='word_1_184' title='bbox 828 3318 964 3383; x_wconf 85' lang='lat' dir='ltr'>nequam</span> <span class='ocrx_word' id='word_1_185' title='bbox 988 3304 1020 3365; x_wconf 89' lang='lat' dir='ltr'>et</span> <span class='ocrx_word' id='word_1_186' title='bbox 1041 3318 1226 3385; x_wconf 87' lang='lat' dir='ltr'>perversum</span> <span class='ocrx_word' id='word_1_187' title='bbox 1247 3298 1387 3365; x_wconf 87' lang='lat' dir='ltr'>vestibus</span> <span class='ocrx_word' id='word_1_188' title='bbox 1402 3298 1519 3385; x_wconf 86' lang='lat' dir='ltr'>spolia·</span> 
     </span>
     <span class='ocr_line' id='line_1_23' title="bbox 337 3412 1518 3499; baseline 0.001 -21"><span class='ocrx_word' id='word_1_189' title='bbox 337 3418 426 3479; x_wconf 87' lang='lat' dir='ltr'>runt.</span> <span class='ocrx_word' id='word_1_190' title='bbox 463 3412 597 3491; x_wconf 85' lang='lat' dir='ltr'>Quidam</span> <span class='ocrx_word' id='word_1_191' title='bbox 622 3414 732 3480; x_wconf 88' lang='lat' dir='ltr'>anulos</span> <span class='ocrx_word' id='word_1_192' title='bbox 755 3414 794 3480; x_wconf 89' lang='lat' dir='ltr'>de</span> <span class='ocrx_word' id='word_1_193' title='bbox 809 3414 916 3498; x_wconf 81' lang='lat' dir='ltr'>digitis</span> <span class='ocrx_word' id='word_1_194' title='bbox 933 3414 1140 3481; x_wconf 87' lang='lat' dir='ltr'>abstulerunt.</span> <span class='ocrx_word' id='word_1_195' title='bbox 1175 3412 1337 3498; x_wconf 87' lang='lat' dir='ltr'>Reliquiae</span> <span class='ocrx_word' id='word_1_196' title='bbox 1353 3414 1518 3499; x_wconf 89' lang='lat' dir='ltr'>quaedam,</span> 
     </span>
     <span class='ocr_line' id='line_1_24' title="bbox 339 3528 1517 3617; baseline 0.001 -23"><span class='ocrx_word' id='word_1_197' title='bbox 339 3548 421 3613; x_wconf 89' lang='lat' dir='ltr'>quae</span> <span class='ocrx_word' id='word_1_198' title='bbox 450 3529 532 3595; x_wconf 91' lang='lat' dir='ltr'>collo</span> <span class='ocrx_word' id='word_1_199' title='bbox 559 3530 734 3617; x_wconf 86' lang='lat' dir='ltr'>pendentes</span> <span class='ocrx_word' id='word_1_200' title='bbox 762 3529 873 3596; x_wconf 88' lang='lat' dir='ltr'>solitus</span> <span class='ocrx_word' id='word_1_201' title='bbox 902 3536 972 3597; x_wconf 90' lang='lat' dir='ltr'>erat</span> <span class='ocrx_word' id='word_1_202' title='bbox 996 3530 1096 3613; x_wconf 84' lang='lat' dir='ltr'>ferre,</span> <span class='ocrx_word' id='word_1_203' title='bbox 1125 3529 1164 3597; x_wconf 88' lang='lat' dir='ltr'>ab</span> <span class='ocrx_word' id='word_1_204' title='bbox 1193 3528 1264 3597; x_wconf 83' lang='lat' dir='ltr'>aliis</span> <span class='ocrx_word' id='word_1_205' title='bbox 1287 3535 1362 3595; x_wconf 91' lang='lat' dir='ltr'>sunt</span> <span class='ocrx_word' id='word_1_206' title='bbox 1384 3530 1517 3596; x_wconf 86' lang='lat' dir='ltr'>ablatae.</span> 
     </span>
    </p>

    <p class='ocr_par' dir='ltr' id='par_1_6' title="bbox 339 3641 1519 3965">
     <span class='ocr_line' id='line_1_25' title="bbox 339 3641 1519 3733; baseline 0.003 -23"><span class='ocrx_word' id='word_1_207' title='bbox 339 3641 408 3711; x_wconf 88' lang='lat' dir='ltr'>Hoc</span> <span class='ocrx_word' id='word_1_208' title='bbox 431 3650 539 3711; x_wconf 88' lang='lat' dir='ltr'>autem</span> <span class='ocrx_word' id='word_1_209' title='bbox 562 3646 647 3713; x_wconf 91' lang='lat' dir='ltr'>circa</span> <span class='ocrx_word' id='word_1_210' title='bbox 668 3646 779 3713; x_wconf 88' lang='lat' dir='ltr'>horam</span> <span class='ocrx_word' id='word_1_211' title='bbox 800 3666 928 3731; x_wconf 86' lang='lat' dir='ltr'>nonam,</span> <span class='ocrx_word' id='word_1_212' title='bbox 951 3666 1065 3733; x_wconf 89' lang='lat' dir='ltr'>parum</span> <span class='ocrx_word' id='word_1_213' title='bbox 1089 3650 1162 3712; x_wconf 87' lang='lat' dir='ltr'>ante</span> <span class='ocrx_word' id='word_1_214' title='bbox 1177 3666 1336 3733; x_wconf 86' lang='lat' dir='ltr'>vesperas,</span> <span class='ocrx_word' id='word_1_215' title='bbox 1358 3650 1434 3712; x_wconf 89' lang='lat' dir='ltr'>sunt</span> <span class='ocrx_word' id='word_1_216' title='bbox 1447 3666 1519 3733; x_wconf 87' lang='lat' dir='ltr'>per-</span> 
     </span>
     <span class='ocr_line' id='line_1_26' title="bbox 340 3760 1518 3849; baseline 0.003 -23"><span class='ocrx_word' id='word_1_217' title='bbox 340 3766 422 3827; x_wconf 85' lang='lat' dir='ltr'>acta</span> <span class='ocrx_word' id='word_1_218' title='bbox 492 3760 559 3828; x_wconf 91' lang='lat' dir='ltr'>Nec</span> <span class='ocrx_word' id='word_1_219' title='bbox 579 3768 728 3849; x_wconf 85' lang='lat' dir='ltr'>poterant</span> <span class='ocrx_word' id='word_1_220' title='bbox 749 3762 856 3829; x_wconf 91' lang='lat' dir='ltr'>clerici</span> <span class='ocrx_word' id='word_1_221' title='bbox 879 3762 918 3829; x_wconf 88' lang='lat' dir='ltr'>ab</span> <span class='ocrx_word' id='word_1_222' title='bbox 940 3762 1019 3849; x_wconf 88' lang='lat' dir='ltr'>ipsis</span> <span class='ocrx_word' id='word_1_223' title='bbox 1041 3762 1297 3829; x_wconf 80' lang='lat' dir='ltr'>malefactoribus</span> <span class='ocrx_word' id='word_1_224' title='bbox 1321 3762 1518 3847; x_wconf 84' lang='lat' dir='ltr'>aliquatenus</span> 
     </span>
     <span class='ocr_line' id='line_1_27' title="bbox 339 3875 1516 3965; baseline 0.003 -24"><span class='ocrx_word' id='word_1_225' title='bbox 339 3875 496 3962; x_wconf 89' lang='lat' dir='ltr'>obtinere,</span> <span class='ocrx_word' id='word_1_226' title='bbox 518 3884 556 3945; x_wconf 91' lang='lat' dir='ltr'>ut</span> <span class='ocrx_word' id='word_1_227' title='bbox 576 3878 690 3945; x_wconf 88' lang='lat' dir='ltr'>saltem</span> <span class='ocrx_word' id='word_1_228' title='bbox 713 3880 834 3946; x_wconf 89' lang='lat' dir='ltr'>occisus</span> <span class='ocrx_word' id='word_1_229' title='bbox 855 3880 890 3945; x_wconf 91' lang='lat' dir='ltr'>in</span> <span class='ocrx_word' id='word_1_230' title='bbox 912 3878 981 3945; x_wconf 91' lang='lat' dir='ltr'>loco</span> <span class='ocrx_word' id='word_1_231' title='bbox 1004 3878 1183 3945; x_wconf 78' lang='lat' dir='ltr'>baderetnr</span> <span class='ocrx_word' id='word_1_232' title='bbox 1204 3878 1309 3946; x_wconf 91' lang='lat' dir='ltr'>debito</span> <span class='ocrx_word' id='word_1_233' title='bbox 1325 3876 1516 3965; x_wconf 84' lang='lat' dir='ltr'>sepulturae.</span> 
     </span>
    </p>

    <p class='ocr_par' dir='ltr' id='par_1_7' title="bbox 340 3988 1517 4082">
     <span class='ocr_line' id='line_1_28' title="bbox 340 3988 1517 4082; baseline 0.003 -24"><span class='ocrx_word' id='word_1_234' title='bbox 340 3988 394 4059; x_wconf 84' lang='lat' dir='ltr'>Sic</span> <span class='ocrx_word' id='word_1_235' title='bbox 423 4012 499 4076; x_wconf 89' lang='lat' dir='ltr'>orgo</span> <span class='ocrx_word' id='word_1_236' title='bbox 529 3992 653 4061; x_wconf 89' lang='lat' dir='ltr'>iacebat</span> <span class='ocrx_word' id='word_1_237' title='bbox 679 3995 715 4061; x_wconf 91' lang='lat' dir='ltr'>in</span> <span class='ocrx_word' id='word_1_238' title='bbox 743 4016 855 4082; x_wconf 93' lang='lat' dir='ltr'>campo</span> <span class='ocrx_word' id='word_1_239' title='bbox 884 4014 980 4081; x_wconf 89' lang='lat' dir='ltr'>super</span> <span class='ocrx_word' id='word_1_240' title='bbox 1000 3994 1119 4061; x_wconf 86' lang='lat' dir='ltr'>fossam</span> <span class='ocrx_word' id='word_1_241' title='bbox 1142 3994 1296 4080; x_wconf 83' lang='lat' dir='ltr'>civitatis,</span> <span class='ocrx_word' id='word_1_242' title='bbox 1326 3994 1381 4062; x_wconf 94' lang='lat' dir='ltr'>ubi</span> <span class='ocrx_word' id='word_1_243' title='bbox 1403 4014 1517 4062; x_wconf 89' lang='lat' dir='ltr'>canum</span> 
     </span>
    </p>

    <p class='ocr_par' dir='ltr' id='par_1_8' title="bbox 340 4108 1685 4428">
     <span class='ocr_line' id='line_1_29' title="bbox 340 4108 1517 4195; baseline 0.003 -21"><span class='ocrx_word' id='word_1_244' title='bbox 340 4114 373 4174; x_wconf 88' lang='lat' dir='ltr'>et</span> <span class='ocrx_word' id='word_1_245' title='bbox 394 4108 544 4195; x_wconf 90' lang='lat' dir='ltr'>lnporum</span> <span class='ocrx_word' id='word_1_246' title='bbox 565 4112 720 4177; x_wconf 86' lang='lat' dir='ltr'>transitus</span> <span class='ocrx_word' id='word_1_247' title='bbox 742 4110 932 4192; x_wconf 82' lang='lat' dir='ltr'>habebatur3</span> <span class='ocrx_word' id='word_1_248' title='bbox 956 4110 1182 4195; x_wconf 87' lang='lat' dir='ltr'>desiderantes,</span> <span class='ocrx_word' id='word_1_249' title='bbox 1206 4132 1277 4178; x_wconf 92' lang='lat' dir='ltr'>enm</span> <span class='ocrx_word' id='word_1_250' title='bbox 1302 4120 1335 4178; x_wconf 88' lang='lat' dir='ltr'>et</span> <span class='ocrx_word' id='word_1_251' title='bbox 1354 4111 1394 4178; x_wconf 90' lang='lat' dir='ltr'>ab</span> <span class='ocrx_word' id='word_1_252' title='bbox 1408 4112 1517 4179; x_wconf 92' lang='lat' dir='ltr'>buius·</span> 
     </span>
     <span class='ocr_line' id='line_1_30' title="bbox 340 4224 1685 4315; baseline 0.004 -25"><span class='ocrx_word' id='word_1_253' title='bbox 340 4224 429 4291; x_wconf 89' lang='lat' dir='ltr'>modi</span> <span class='ocrx_word' id='word_1_254' title='bbox 452 4225 561 4293; x_wconf 87' lang='lat' dir='ltr'>bestiis</span> <span class='ocrx_word' id='word_1_255' title='bbox 583 4226 738 4293; x_wconf 81' lang='lat' dir='ltr'>devorari.</span> <span class='ocrx_word' id='word_1_256' title='bbox 830 4226 945 4293; x_wconf 88' lang='lat' dir='ltr'>Tribus</span> <span class='ocrx_word' id='word_1_257' title='bbox 968 4226 1077 4293; x_wconf 89' lang='lat' dir='ltr'>diebus</span> <span class='ocrx_word' id='word_1_258' title='bbox 1101 4228 1147 4294; x_wconf 88' lang='lat' dir='ltr'>sic</span> <span class='ocrx_word' id='word_1_259' title='bbox 1170 4227 1273 4293; x_wconf 90' lang='lat' dir='ltr'>nudus</span> <span class='ocrx_word' id='word_1_260' title='bbox 1296 4232 1362 4294; x_wconf 91' lang='lat' dir='ltr'>toto</span> <span class='ocrx_word' id='word_1_261' title='bbox 1385 4246 1517 4315; x_wconf 88' lang='lat' dir='ltr'>corpore</span> <span class='ocrx_word' id='word_1_262' title='bbox 1536 4239 1685 4287; x_wconf 70' lang='lat' dir='ltr'>nam-m</span> 
     </span>
     <span class='ocr_line' id='line_1_31' title="bbox 340 4342 1517 4428; baseline 0.003 -23"><span class='ocrx_word' id='word_1_263' title='bbox 340 4356 485 4425; x_wconf 87' lang='lat' dir='ltr'>manens,</span> <span class='ocrx_word' id='word_1_264' title='bbox 507 4342 640 4409; x_wconf 81' lang='lat' dir='ltr'>veniunt</span> <span class='ocrx_word' id='word_1_265' title='bbox 662 4343 787 4428; x_wconf 87' lang='lat' dir='ltr'>aliquae</span> <span class='ocrx_word' id='word_1_266' title='bbox 809 4342 997 4410; x_wconf 86' lang='lat' dir='ltr'>maledictae</span> <span class='ocrx_word' id='word_1_267' title='bbox 1018 4343 1173 4428; x_wconf 85' lang='lat' dir='ltr'>feminae,</span> <span class='ocrx_word' id='word_1_268' title='bbox 1202 4362 1365 4409; x_wconf 89' lang='lat' dir='ltr'>caseorum</span> <span class='ocrx_word' id='word_1_269' title='bbox 1388 4349 1421 4409; x_wconf 91' lang='lat' dir='ltr'>et</span> <span class='ocrx_word' id='word_1_270' title='bbox 1443 4364 1517 4409; x_wconf 87' lang='lat' dir='ltr'>ovo·</span> 
     </span>
    </p>

    <p class='ocr_par' dir='ltr' id='par_1_9' title="bbox 340 4445 1764 4877">
     <span class='ocr_line' id='line_1_32' title="bbox 340 4445 1517 4545; baseline 0.003 -22"><span class='ocrx_word' id='word_1_271' title='bbox 340 4475 413 4523; x_wconf 88' lang='lat' dir='ltr'>rum</span> <span class='ocrx_word' id='word_1_272' title='bbox 437 4445 531 4545; x_wconf 73' lang='lat' dir='ltr'>atqu&#39;e</span> <span class='ocrx_word' id='word_1_273' title='bbox 554 4458 674 4526; x_wconf 87' lang='lat' dir='ltr'>olerum</span> <span class='ocrx_word' id='word_1_274' title='bbox 696 4458 896 4545; x_wconf 84' lang='lat' dir='ltr'>venditrices,</span> <span class='ocrx_word' id='word_1_275' title='bbox 919 4460 1131 4545; x_wconf 86' lang='lat' dir='ltr'>mercatrices,</span> <span class='ocrx_word' id='word_1_276' title='bbox 1154 4458 1346 4543; x_wconf 82' lang='lat' dir='ltr'>meretrices,</span> <span class='ocrx_word' id='word_1_277' title='bbox 1369 4460 1517 4544; x_wconf 83' lang='lat' dir='ltr'>saxisque</span> 
     </span>
     <span class='ocr_line' id='line_1_33' title="bbox 341 4570 1518 4662; baseline 0.006 -26"><span class='ocrx_word' id='word_1_278' title='bbox 341 4570 453 4641; x_wconf 60' lang='lat' dir='ltr'>denus</span> <span class='ocrx_word' id='word_1_279' title='bbox 481 4573 640 4661; x_wconf 85' lang='lat' dir='ltr'>pontificis</span> <span class='ocrx_word' id='word_1_280' title='bbox 669 4575 889 4642; x_wconf 81' lang='lat' dir='ltr'>contuderunt</span> <span class='ocrx_word' id='word_1_281' title='bbox 930 4576 1024 4643; x_wconf 88' lang='lat' dir='ltr'>Aliae</span> <span class='ocrx_word' id='word_1_282' title='bbox 1052 4596 1127 4643; x_wconf 87' lang='lat' dir='ltr'>vero</span> <span class='ocrx_word' id='word_1_283' title='bbox 1158 4574 1283 4662; x_wconf 88' lang='lat' dir='ltr'>stipites</span> <span class='ocrx_word' id='word_1_284' title='bbox 1313 4574 1457 4642; x_wconf 84' lang='lat' dir='ltr'>ardentes</span> <span class='ocrx_word' id='word_1_285' title='bbox 1486 4580 1518 4643; x_wconf 86' lang='lat' dir='ltr'>et</span> 
     </span>
     <span class='ocr_line' id='line_1_34' title="bbox 342 4684 1518 4777; baseline 0.004 -25"><span class='ocrx_word' id='word_1_286' title='bbox 342 4684 470 4756; x_wconf 86' lang='lat' dir='ltr'>titiones</span> <span class='ocrx_word' id='word_1_287' title='bbox 496 4691 654 4758; x_wconf 68' lang='lat' dir='ltr'>lamantm</span> <span class='ocrx_word' id='word_1_288' title='bbox 683 4692 750 4758; x_wconf 89' lang='lat' dir='ltr'>eius</span> <span class='ocrx_word' id='word_1_289' title='bbox 778 4692 899 4777; x_wconf 88' lang='lat' dir='ltr'>gutturi</span> <span class='ocrx_word' id='word_1_290' title='bbox 926 4691 1115 4774; x_wconf 82' lang='lat' dir='ltr'>infixerunt3</span> <span class='ocrx_word' id='word_1_291' title='bbox 1148 4690 1319 4758; x_wconf 86' lang='lat' dir='ltr'>adicientes</span> <span class='ocrx_word' id='word_1_292' title='bbox 1346 4690 1462 4776; x_wconf 90' lang='lat' dir='ltr'>linguis</span> <span class='ocrx_word' id='word_1_293' title='bbox 1486 4696 1518 4758; x_wconf 89' lang='lat' dir='ltr'>et</span> 
     </span>
     <span class='ocr_line' id='line_1_35' title="bbox 342 4798 1764 4877; baseline 0.006 -12"><span class='ocrx_word' id='word_1_294' title='bbox 342 4798 435 4872; x_wconf 90' lang='lat' dir='ltr'>labiis</span> <span class='ocrx_word' id='word_1_295' title='bbox 457 4804 634 4875; x_wconf 82' lang='lat' dir='ltr'>maledicta</span> <span class='ocrx_word' id='word_1_296' title='bbox 723 4806 801 4875; x_wconf 93' lang='lat' dir='ltr'>Post</span> <span class='ocrx_word' id='word_1_297' title='bbox 822 4808 908 4876; x_wconf 90' lang='lat' dir='ltr'>diem</span> <span class='ocrx_word' id='word_1_298' title='bbox 929 4809 1060 4877; x_wconf 89' lang='lat' dir='ltr'>tertium</span> <span class='ocrx_word' id='word_1_299' title='bbox 1081 4808 1226 4875; x_wconf 86' lang='lat' dir='ltr'>canonici</span> <span class='ocrx_word' id='word_1_300' title='bbox 1247 4806 1382 4877; x_wconf 85' lang='lat' dir='ltr'>Sanctae</span> <span class='ocrx_word' id='word_1_301' title='bbox 1395 4807 1516 4875; x_wconf 85' lang='lat' dir='ltr'>Mariae</span> <span class='ocrx_word' id='word_1_302' title='bbox 1532 4824 1622 4873; x_wconf 72' lang='lat' dir='ltr'>nnuc</span> <span class='ocrx_word' id='word_1_303' title='bbox 1762 4848 1764 4853; x_wconf 67' lang='lat'>,</span> 
     </span>
    </p>
   </div>
   <div class='ocr_carea' id='block_1_3' title="bbox 386 4948 1302 5092">
    <p class='ocr_par' dir='ltr' id='par_1_10' title="bbox 386 4948 1302 5092">
     <span class='ocr_line' id='line_1_36' title="bbox 414 4948 616 4997; baseline 0.01 -2"><span class='ocrx_word' id='word_1_304' title='bbox 414 4960 436 4995; x_wconf 85' lang='grc' dir='ltr'>ι.</span> <span class='ocrx_word' id='word_1_305' title='bbox 456 4962 507 4996; x_wconf 80' lang='lat' dir='ltr'>eum</span> <span class='ocrx_word' id='word_1_306' title='bbox 523 4948 616 4997; x_wconf 73' lang='lat' dir='ltr'>addidi.</span> 
     </span>
     <span class='ocr_line' id='line_1_37' title="bbox 386 5032 1302 5092; baseline 0.015 -14"><span class='ocrx_word' id='word_1_307' title='bbox 386 5032 464 5086; x_wconf 64' lang='lat' dir='ltr'>inssi.</span> <span class='ocrx_word' id='word_1_308' title='bbox 480 5037 622 5081; x_wconf 76' lang='lat' dir='ltr'>Bibliotheca</span> <span class='ocrx_word' id='word_1_309' title='bbox 637 5037 676 5081; x_wconf 86' lang='lat' dir='ltr'>Ill.</span> <span class='ocrx_word' id='word_1_310' title='bbox 1265 5038 1302 5092; x_wconf 82' lang='grc'>44</span> 
     </span>
    </p>
   </div>
   <div class='ocr_carea' id='block_1_4' title="bbox 0 0 2185 6034">
    <p class='ocr_par' dir='ltr' id='par_1_11' title="bbox 0 0 2185 6034">
     <span class='ocr_line' id='line_1_38' title="bbox 0 0 2185 6034; baseline 0 0"><span class='ocrx_word' id='word_1_311' title='bbox 0 0 2185 6034; x_wconf 95' lang='lat' dir='ltr'> </span> 
     </span>
    </p>
   </div>
  </div>
 </body>
</html>
