4342 6034
740 761 821 809 VITA
843 764 1039 811 sonuerim
1059 764 1088 811 11

438 906 471 969 et
491 902 570 969 tube
590 903 762 969 mensis
784 904 905 986 sonuit,
927 902 966 970 fit
986 923 1094 991 pugne
1116 904 1289 973 Romsusis.

437 1016 572 1084 Tollitur
592 1019 626 1086 iu
650 1018 771 1087 eoelum
793 1019 923 1087 elamor.
962 1019 1057 1086 Volet
1078 1020 1218 1106 undique
1240 1022 1339 1089 tolum

437 1134 477 1201 de
498 1134 573 1200 nive
594 1140 808 1221 conuentum,
831 1154 894 1201 non
915 1135 994 1201 feni
1014 1135 1156 1221 pondere
1177 1137 1312 1221 tanturm

436 1250 484 1316 sio
505 1250 578 1317 nire
600 1256 755 1335 certetur,
778 1270 837 1317 neo
858 1251 942 1317 ferro
965 1272 1073 1337 pugno
1094 1256 1249 1339 patratur.

362 1384 412 1431 see
435 1364 481 1432 Et
501 1387 577 1453 pers
598 1366 704 1453 primu
724 1367 786 1433 iooi
807 1366 929 1451 geritur
950 1367 1019 1433 sine
1041 1367 1098 1435 lite
1119 1368 1226 1435 ierooi.

480 1481 565 1549 Proh
586 1484 709 1549 ieeinus
730 1482 897 1549 miserunt
920 1480 1085 1549 Mutantur
1106 1504 1260 1571 prospero
1281 1506 1388 1555 rerum

434 1598 470 1664 in
490 1599 640 1665 miserem
664 1604 792 1665 sortem.
827 1597 995 1663 Tumidum
1018 1598 1106 1665 subit
1125 1600 1177 1666 iro
1198 1600 1369 1669 eohortem*

436 1714 566 1781 ulterius
588 1715 689 1801 portis
710 1714 779 1780 veri
800 1712 859 1779 snb
881 1712 1165 1799 imaginationis,
1193 1782 1195 1785 ,

437 1849 518 1914 quse
541 1850 603 1896 nou
626 1836 696 1896 tutu
717 1847 830 1915 purum
854 1829 886 1894 ri
908 1829 1052 1895 constitit
1072 1829 1333 1914 Angligeuorum.

361 1964 412 2010 oso
434 1944 486 2011 Ex
508 1966 640 2013 nurnero
662 1964 796 2029 qnorum
818 1944 880 2011 init
901 1964 982 2011 unus
1005 1945 1095 2029 origo
1117 1946 1289 2029 mulorum

434 2062 490 2146 qui
511 2062 585 2127 nive
607 2060 766 2127 convolvit
786 2060 942 2146 lapidem,
965 2080 1140 2147 penemque
1161 2062 1302 2147 resolvit,

433 2184 467 2244 et
486 2177 625 2264 lapidem
646 2176 731 2260 ieeit,
755 2196 818 2261 quo
839 2176 937 2241 irouti
960 2176 1093 2255 vulnero
1114 2178 1199 2261 feeit,

433 2294 598 2359 Teutonici
619 2293 740 2357 vultum
762 2291 889 2357 feriens.
921 2292 1010 2371 Quod
1032 2312 1097 2359 uon
1119 2290 1157 2359 fit
1177 2293 1323 2361 inultum.

433 2408 543 2475 Olenus
565 2408 751 2490 inardescit,
775 2409 852 2493 quis
872 2413 960 2475 terre
981 2428 1093 2475 eruore
1115 2409 1278 2495 madonis,

358 2544 409 2591 see
433 2524 519 2591 unde
539 2524 627 2591 reiut
647 2524 745 2591 fontis
767 2524 822 2607 qui
843 2522 936 2590 fluxit
957 2524 1088 2591 vulune
1109 2525 1234 2592 ironis.

432 2640 550 2725 Linque
571 2639 609 2706 iit
631 2638 681 2705 hie
702 2640 811 2722 fortis,
834 2640 928 2705 iustis
950 2638 1146 2706 noniiiotibns
1169 2642 1265 2724 ortis3

431 2776 491 2823 neo
511 2776 563 2823 res
584 2756 720 2822 infestes
741 2760 816 2821 suut
838 2774 900 2839 quo
922 2755 1012 2841 prius
1035 2754 1145 2824 ordine
1167 2762 1285 2842 gestau

431 2876 592 2957 gestaret
613 2872 665 2938 hio
687 2891 760 2937 vere
782 2870 889 2936 eiviliu
910 2868 993 2937 belle
1013 2870 1111 2937 inere.

475 2987 537 3055 Res
560 2986 675 3071 gladiis
696 2986 831 3069 geritnr3
854 2986 928 3052 nive
950 2986 1006 3070 qui
1026 2986 1132 3072 prius,
1157 3006 1231 3055 ense
1252 2988 1374 3055 feritur.

359 3124 408 3171 eno
432 3104 583 3191 lustrepit
605 3122 764 3169 orreorum
787 3102 894 3185 fruger
916 3108 950 3168 et
970 3121 1116 3169 murmur
1137 3102 1303 3186 lituorum3

431 3220 546 3287 bueius
566 3218 746 3303 elongebot,
770 3238 851 3303 quse
872 3217 985 3301 vulgus
1008 3218 1050 3283 ud
1071 3238 1162 3285 ormo
1184 3219 1296 3304 oiebst

430 3356 494 3402 non
516 3336 586 3403 ioen
608 3334 769 3402 eudendo
791 3340 842 3401 set
863 3333 967 3420 prelis
987 3354 1064 3401 veru
1084 3335 1250 3401 movendo.

431 3451 610 3519 Teutoniois
631 3452 730 3535 igitur
751 3451 803 3516 iu·
826 3450 909 3517 belin
929 3450 1111 3517 cohortibus
1133 3450 1213 3531 itur3

429 3566 578 3651 Francis,
603 3587 681 3652 quos
703 3568 794 3633 novit
814 3565 955 3649 validos,
977 3566 1011 3632 in
1033 3566 1136 3653 prelio
1157 3566 1271 3649 morit3

359 3704 407 3749 sos
429 3684 599 3750 fulmineos
621 3702 713 3749 enses
735 3683 820 3749 eires
843 3682 1001 3749 strinxere
1021 3681 1210 3765 Remeueos3

430 3800 524 3867 ordor
546 3805 580 3865 et
599 3800 719 3865 irorum
742 3817 841 3881 genus
864 3798 984 3864 excitet
1005 3798 1265 3883 Angligensrurn.

475 3916 531 3983 Set
552 3915 627 3981 dum
649 3914 737 3981 Mors
759 3916 923 3998 fremeret,
947 3913 1024 3979 dum
1046 3934 1116 3981 sors
1141 3920 1284 3982 extreme
1304 3921 1448 3983 muneret

428 4032 599 4116 ingenuum
621 4030 742 4099 elerum
763 4049 886 4097 summo
909 4029 1092 4097 discrimine
1115 4050 1231 4114 rerum,

427 4168 536 4215 rumor
556 4146 729 4214 Adelbsrto
750 4146 909 4232 perfertur
932 4146 971 4213 ob
993 4146 1097 4213 indies
1119 4150 1219 4213 serto:

360 4283 406 4330 ero
428 4266 494 4332 inm
515 4262 774 4345 munitiorem,
796 4263 862 4329 ium
884 4262 965 4329 velle
987 4262 1094 4349 perire
1116 4261 1261 4329 denotem

428 4380 619 4449 Teutonicus
640 4380 744 4463 gentis
765 4379 800 4444 in
820 4380 941 4445 ferrum
963 4383 1075 4465 sponte
1098 4379 1235 4461 ruentis3

428 4502 461 4565 et
483 4496 559 4583 quio
580 4495 758 4581 pretiorum
779 4495 863 4561 foret
885 4514 999 4578 agmen
1021 4493 1288 4577 Fronoigenurnm

426 4613 488 4681 hen
509 4613 646 4679 misereo
668 4611 762 4679 sortis
785 4629 951 4696 passurum
974 4610 1107 4677 vnlnere
1128 4612 1255 4692 mortis3

427 4736 460 4795 et
481 4730 557 4815 quio
577 4734 705 4795 mnturu
725 4746 803 4793 uene
824 4726 868 4791 sit
888 4746 1001 4792 manue
1022 4727 1192 4794 interitura

390 4868 923 4919 neocoreaer'siaoodtmlr'mmuu
