4342 6034
575 831 736 879 uouscnr
755 830 943 879 sunnnusrs
966 832 1047 878 vrrs
1069 830 1243 879 nsnnosrs
1427 812 1492 879 545

410 970 561 1039 Senator·
583 992 658 1056 ergo
686 972 793 1039 curiae
814 971 956 1056 celestis,
987 973 1038 1039 cui
1061 992 1134 1039 oum
1157 971 1301 1059 apostolo
1324 972 1397 1039 date
1420 978 1494 1039 sunt
1513 978 1582 1035 1081

330 1088 425 1155 clares
452 1089 543 1173 regni
577 1088 751 1172 caelorum,
786 1092 928 1174 potestas
955 1088 1112 1173 siquidem
1141 1087 1263 1172 ligandi
1291 1092 1324 1155 et
1352 1086 1493 1155 solvendi

329 1210 425 1272 terrae
447 1224 485 1270 ae
506 1204 596 1289 caeli,
619 1222 818 1289 nequaquam
840 1209 997 1290 potestate
1019 1224 1107 1288 usus,
1131 1210 1166 1269 ut
1188 1204 1312 1271 luderet
1332 1204 1366 1270 in
1382 1202 1493 1271 avibus

329 1321 401 1387 eseli
423 1321 534 1386 autin
556 1319 665 1387 bestiis
687 1324 807 1400 terrae;
832 1319 887 1385 sed
910 1340 982 1385 cum
1005 1320 1216 1406 piscatoribus
1240 1320 1438 1407 apostolicis,
1461 1320 1495 1385 in

328 1437 407 1502 omni
440 1436 580 1523 piscatus
608 1440 715 1501 monte
743 1434 914 1501 secundum
944 1435 1132 1522 prophetam
1161 1440 1194 1502 et
1221 1436 1255 1501 in
1285 1436 1371 1501 omni
1399 1430 1496 1502 colle¹

328 1552 527 1636 quodcunque
541 1550 712 1637 superbum
726 1551 858 1634 invenit,
878 1557 946 1617 rete
962 1551 1168 1617 circumdedit
1182 1551 1387 1634 humilitatis3
1412 1550 1496 1637 quod

327 1687 378 1753 pro
402 1668 539 1754 peccatis
561 1666 680 1732 humile
694 1667 826 1751 invenit,
850 1688 906 1753 spe
920 1668 1058 1733 irretivit
1072 1667 1315 1751 consolationis;
1339 1667 1399 1733 hoo
1414 1686 1496 1734 sern-

327 1802 378 1867 per
399 1783 543 1869 cupidus,
565 1788 602 1848 ut
623 1789 697 1849 ante
713 1789 914 1869 conspectum
930 1784 1047 1848 summi
1061 1782 1302 1869 patrisfamilias
1317 1802 1381 1849 non
1398 1802 1495 1870 appa·

326 1904 405 1965 reret
430 1894 575 1965 racuus¹.
621 1898 760 1983 Deinde,
793 1898 934 1965 thesauri
960 1918 1025 1964 non
1051 1918 1166 1985 parcus
1195 1918 1289 1983 quem
1313 1898 1494 1983 uigiliarum
1582 1967 1584 1971 ,

327 2015 489 2100 acquisivit
519 2015 739 2098 mercimonio,
777 2016 951 2087 aerarium.
962 2014 1137 2100 sapientiae
1165 2015 1305 2100 aperuit3
1340 2032 1496 2100 pauperes

326 2131 446 2215 spiritu,
469 2129 529 2195 hoc
551 2134 600 2196 est
621 2130 851 2216 pusillanimes,
875 2128 1089 2196 consolatione
1110 2130 1216 2216 pavit3
1240 2130 1342 2195 nudos
1357 2131 1495 2217 peccatis

325 2246 496 2331 penitentia
516 2245 721 2326 induciavit⁴3
744 2266 834 2312 cecos
856 2244 1029 2329 illecebris,
1059 2244 1189 2312 monitis
1213 2244 1401 2313 caelestibus
1423 2244 1496 2311 illu·

325 2362 469 2443 minavit;
492 2361 620 2428 claudos
642 2362 676 2426 in
697 2362 833 2445 itenere,
857 2361 941 2447 quod
963 2360 1051 2427 ducit
1073 2360 1112 2427 ad
1137 2361 1276 2446 caelum,
1301 2382 1356 2427 suo
1380 2362 1497 2428 ducatu

325 2478 493 2563 preriavit,
521 2482 558 2542 nt
585 2482 669 2543 esset
693 2477 864 2544 carnaliter
892 2497 928 2543 ac
958 2477 1161 2564 spiritaliter,
1192 2476 1276 2563 quod
1303 2478 1414 2544 beatus
1440 2477 1495 2544 lob

326 2594 384 2659 ait:
409 2594 526 2659 Ouolas
540 2594 601 2678 fai
622 2616 690 2659 eece
714 2607 744 2660 et
763 2617 820 2681 pes
842 2588 984 2659 eluado'.

410 2707 508 2775 Venit
535 2708 648 2774 deinde
677 2709 718 2774 ad
740 2706 862 2793 regem⁴
884 2711 918 2774 in
940 2709 1108 2775 nativitate
1131 2708 1250 2774 domini
1273 2714 1305 2776 et
1325 2708 1494 2775 ¹salvatoris
1515 2720 1610 2768 nauso

325 2826 423 2893 nostri
446 2830 479 2891 et
499 2824 669 2890 honorilice
691 2831 855 2911 susceptus
879 2830 935 2891 est
970 2824 1051 2890 Erat
1072 2844 1146 2908 ergo
1163 2830 1256 2891 tunc⁶
1280 2872 1400 2890 ......
1435 2823 1497 2891 Die

327 2960 397 3024 ergo
419 2941 596 3006 nativitatis
610 2940 739 3007 Domini
762 2941 933 3006 secundum
954 2942 1127 3026 primatum
1150 2938 1314 3023 dignitatis
1330 2958 1406 3006 suae
1419 2940 1497 3005 mis-

327 3076 376 3121 sas
397 3056 448 3122 die
470 3056 575 3142 prima
596 3056 681 3142 cepit
703 3076 804 3139 agere.
841 3055 998 3141 Stansque
1019 3060 1092 3143 post
1115 3054 1313 3139 euangelium
1336 3056 1370 3121 in
1391 3054 1497 3139 gradi·

327 3171 393 3255 bus,
415 3191 592 3238 sermonem
614 3170 804 3238 declamavit
823 3172 929 3238 verbis
952 3192 1015 3237 uon
1039 3171 1204 3258 pluribusd
1220 3220 1386 3237 ........
1399 3170 1497 3237 nabs-

327 3293 377 3352 tur
405 3288 445 3353 ad
472 3308 647 3374 uesperam.
685 3286 827 3372 Cumque
856 3288 897 3353 ad
921 3288 1020 3354 altare
1043 3286 1277 3371 regrederetur,
1300 3287 1429 3353 inerunt
1451 3286 1496 3353 ibi

329 3402 438 3487 aliqui,
462 3404 532 3488 qui,
556 3404 646 3487 quasi
669 3403 758 3469 aditu
778 3404 924 3488 invento,
947 3404 1085 3470 invidiae
1108 3423 1184 3469 suae
1206 3402 1249 3469 iel
1273 3410 1495 3485 evomuerunt3

328 3525 489 3585 causantes
515 3524 625 3585 tantae
654 3520 842 3585 rusticitatis
871 3519 1100 3586 humunculum
1127 3524 1194 3585 tam
1224 3516 1384 3604 precelsae
1413 3518 1497 3584 sedis

328 3634 442 3700 iactum
464 3636 663 3721 episeopum3
691 3656 727 3701 re
750 3641 855 3702 autem
878 3656 953 3701 vera
974 3636 1168 3719 invidentes,
1200 3654 1272 3701 eum
1295 3654 1365 3700 esse
1387 3652 1497 3699 mona-

330 3749 427 3816 chum.
454 3736 567 3817 Doluit
581 3766 705 3835 quoque
721 3752 816 3818 etiam
831 3753 1014 3837 imperator,
1037 3757 1129 3817 tanta
1145 3770 1217 3817 eum
1233 3748 1325 3817 laude
1341 3770 1375 3816 se
1391 3768 1497 3816 eoram

329 3864 503 3933 hominibus
519 3866 683 3948 extulisse3
699 3866 926 3952 poenituitque,
941 3887 1091 3952 umquam
1105 3886 1176 3933 eum
1189 3866 1363 3933 antistitem
1374 3864 1495 3933 iecisse.

330 3978 535 4050 celeberrime
555 3982 654 4066 igitur
676 3981 727 4048 die
749 3980 806 4049 illa
829 3982 928 4049 auditi
951 3988 1039 4065 sunt,
1063 3982 1118 4066 qui
1141 3982 1297 4049 dicerent:
1322 3984 1497 4048 Monachus

332 4112 388 4175 θείς
408 4101 534 4185 aliquid
556 4121 620 4163 csse
635 4102 743 4186 potuit
755 4102 790 4165 ia
805 4122 861 4165 sao
876 4100 1108 4179 mammolo,
1132 4122 1334 4185 nequaquam
1350 4100 1409 4164 tuli
1423 4122 1497 4165 coa·

330 4218 412 4296 qma
424 4217 513 4281 solio.
547 4213 592 4280 Et
606 4212 924 4299 quicunquealiquod
937 4214 972 4278 iu
987 4234 1059 4280 eum
1074 4212 1295 4279 iaculabantur
1311 4214 1496 4297 convicium,

333 4326 387 4393 hoc
405 4330 439 4395 in
460 4330 566 4417 prima
587 4335 678 4416 parte
701 4330 827 4413 linguae
849 4330 956 4413 iacuit,
979 4336 1017 4395 ut
1038 4326 1274 4395 dicerent'eum
1290 4329 1496 4411 monachum

399 4502 418 4536 Ι.
438 4493 460 4537 ie
478 4492 670 4553 marginalium
686 4488 702 4536 S
716 4492 794 4549 posita
810 4499 856 4545 atr
877 4489 919 4535 sed
933 4490 1059 4535 rubricator
1074 4490 1166 4547 scripsit
1180 4488 1200 4535 U
1216 4499 1240 4534 ut
1255 4490 1346 4551 legetur
1360 4488 1462 4535 Uenator
1477 4508 1497 4535 c.

333 4564 354 4611 b·
370 4568 492 4616 induravit
506 4580 625 4616 correctum
641 4578 675 4616 at
689 4572 713 4615 ia
728 4568 855 4614 induviavit
870 4586 890 4614 c.
960 4581 980 4614 c·
1000 4571 1099 4629 sequitur
1114 4570 1200 4614 lucrm
1216 4570 1238 4614 ia
1255 4568 1306 4613 ced.
1378 4568 1401 4614 d.
1422 4572 1497 4630 eequi-

334 4653 365 4689 δν
379 4649 468 4695 lama

399 4745 422 4799 1.
444 4744 540 4798 Ierem.
555 4744 597 4812 16,
612 4745 654 4798 16.
730 4744 756 4798 2.
779 4742 867 4797 Exod.
880 4742 924 4811 23,
938 4743 981 4797 15.
1058 4743 1083 4797 3.
1107 4740 1165 4797 lob.
1179 4742 1222 4811 29,
1237 4742 1278 4797 15.
1349 4742 1376 4797 4.
1401 4740 1497 4797 Goele-

334 4828 409 4902 rlam3
425 4832 472 4888 ubi
490 4830 535 4886 die
546 4834 581 4886 25
593 4831 660 4885 Dec.
674 4832 742 4886 1031
755 4830 911 4887 fflnrudum
922 4830 949 4885 11
965 4830 1157 4900 imperatorem
1175 4828 1269 4901 fuisse,
1288 4830 1374 4899 liquet
1391 4844 1426 4885 ex
1441 4829 1498 4885 An·

335 4919 382 4971 uel.
399 4920 573 4975 llildeslreim.
592 4921 671 4975 1032.
1003 4956 1006 4960 J

373 5016 448 5067 lani.
464 5019 607 5073 Bibliotheca
622 5018 659 5062 lll.
1248 5016 1284 5072 35
