4342 6034
548 784 576 830 s
592 782 768 831 nonnam
788 783 834 829 nn
854 782 958 831 nomn
978 780 1167 829 nmssonan
1189 780 1242 825 sao.
1258 780 1302 825 1³1
1441 760 1505 829 aot

350 928 500 1011 patmon
532 922 720 991 infimitati
759 924 797 991 ln
828 923 1024 991 orationibus
1057 924 1122 989 tnia
1155 922 1409 991 oommsndamns
1437 940 1506 1006 nos,
1525 928 1666 983 tto-'186

348 1040 536 1108 sanctissimo
557 1045 658 1127 patos.

413 1156 668 1223 Sanctissimo
698 1157 835 1224 domno
863 1154 979 1222 Lnllo
1008 1155 1194 1241 episeopo
1217 1152 1434 1221 Wiobortns

754 1272 940 1356 indignas
969 1270 1097 1337 abbas.

350 1484 427 1557 131.
447 1488 536 1553 Doto
559 1488 656 1553 abban
680 1486 716 1553 S.
732 1488 825 1553 Patri
840 1486 934 1553 Iasllo
957 1490 1105 1574 epsicopo
1127 1486 1237 1553 soriba't
1251 1488 1289 1551 de
1303 1490 1419 1553 mutuis
1429 1508 1507 1573 pra·

448 1603 624 1670 comibus
638 1604 830 1689 faciondiat
1102 1600 1137 1683 (ὃ
1153 1604 1206 1685 84,
1230 1599 1270 1667 W
1288 1602 1361 1685 121,
1386 1599 1413 1667 G
1432 1603 1507 1683 110)

425 1736 582 1805 bDomino
605 1742 725 1820 sancto,
748 1740 929 1803 sanctornm
951 1734 1026 1820 qnia
1046 1735 1170 1803 moritis
1193 1734 1409 1821 qnooqnando,
1436 1740 1469 1801 ot
1489 1756 1509 1801 a
1527 1744 1668 1800 ton-786

347 1853 428 1919 nobis
456 1874 528 1920 oum
558 1873 684 1919 summa
710 1853 911 1919 veneratione
934 1850 1093 1935 obligando
1116 1853 1149 1917 in
1174 1850 1299 1917 Christo
1321 1856 1412 1937 patro
1433 1848 1509 1917 Lul-

345 1969 410 2036 lono
432 1970 582 2057 opisoopo
604 1965 705 2035 Doto¹
727 1988 837 2035 servus
859 1986 1023 2035 sorvorum
1043 1966 1115 2052 Dei,
1139 1968 1234 2033 etiam
1258 1972 1290 2033 ot
1311 1986 1420 2033 omnes
1441 1986 1510 2033 mo-

345 2086 430 2153 naobi
461 2086 563 2153 sanati
584 2084 671 2151 Patri
695 2084 909 2171 apostolos-nm
932 2084 1086 2170 prinnini,
1115 2083 1295 2167 degentium
1319 2082 1376 2149 sub
1398 2103 1511 2151 norma

346 2207 467 2269 sanotae
495 2200 639 2285 togulae,
674 2206 834 2270 aotomnm
862 2201 897 2265 in
924 2200 1051 2266 domino
1080 2205 1189 2266 nostro
1218 2200 1288 2267 Iesu
1317 2199 1442 2267 Christo
1470 2198 1510 2266 ad

346 2320 541 2385 sanctitatem
562 2322 701 2383 vostram
723 2318 876 2385 distinato
898 2316 1077 2385 curavimus
1101 2316 1244 2383 salntem.

426 2434 501 2501 ldoo
523 2434 732 2521 omnipotenti
751 2433 888 2499 Domino
911 2433 1030 2517 gratias
1052 2414 1229 2517 referimus,
1251 2437 1289 2499 ut
1310 2432 1427 2516 omnia,
1450 2450 1511 2517 qno

345 2551 423 2618 oiroa
445 2570 502 2617 voa
524 2555 615 2634 sunt,
636 2570 791 2637 prospera
811 2570 876 2615 non
898 2549 1001 2617 solnm
1023 2549 1186 2633 habemns,
1210 2548 1266 2615 sod
1288 2554 1321 2615 ot
1342 2547 1402 2615 boo
1422 2548 1511 2615 indo-

345 2666 479 2735 sinsntor
506 2667 633 2735 ssdnlaa
659 2666 783 2754 praoon's
805 2664 935 2731 Domini
963 2666 1213 2733 misericordiam
1234 2664 1447 2752 inploramus:
1475 2670 1512 2733 nt

346 2784 405 2850 nita
431 2789 539 2851 nostra
564 2783 706 2868 longovis
733 2782 831 2849 faoiat
855 2782 907 2849 bio
934 2782 1071 2865 gandera
1099 2781 1295 2869 tompon'bna
1324 2788 1357 2847 ot
1382 2780 1448 2849 illio
1476 2782 1511 2849 in

347 2906 471 2967 astorna
490 2899 685 2967 beatitudins
707 2918 779 2965 oum
801 2898 919 2965 saumis
942 2898 1008 2965 snis
1023 2898 1120 2964 faoist
1132 2898 1253 2984 paritor
1267 2896 1382 2964 lotaro⁶
1399 2899 1511 2965 trium-

345 3016 421 3102 phis.
500 3016 550 3083 Do
572 3020 676 3083 ootoro
698 3010 852 3101 quamvis,
875 3013 1110 3081 amantissimo·¹
1131 3019 1231 3100 pater,
1254 3018 1428 3079 terrarum·
1443 3014 1511 3081 lon·

346 3133 449 3215 gitudo
471 3154 530 3199 nos
552 3138 715 3218 separatos
730 3131 884 3215 videmur,
907 3135 1015 3197 tamon
1032 3128 1205 3196 tomarnm‘
1219 3129 1433 3214 longInquitas
1448 3150 1511 3197 non

347 3248 455 3315 dividit
479 3255 604 3332 monto,
636 3266 715 3333 qnos
743 3247 860 3313 caritas
882 3246 992 3312 divina
1012 3246 1177 3312 coniunxit
1197 3246 1232 3310 in
1255 3245 1357 3311 oordo.
1392 3246 1511 3314 ldoiroo

348 3371 511 3451 oonporaat
532 3366 683 3431 sanctitas
704 3369 821 3447 nostra,
844 3363 919 3447 qnia
939 3382 999 3430 nos
1021 3382 1130 3429 omnes
1152 3382 1211 3449 per
1226 3360 1422 3429 obediontia⁸
1437 3362 1512 3431 almi

348 3482 443 3565 patris
464 3481 567 3549 nostri
579 3480 707 3549 Dodoni
729 3479 838 3547 abbati
860 3484 893 3545 st
913 3498 972 3565 pro
994 3498 1102 3545 amoro
1124 3482 1231 3546 nostra
1252 3478 1339 3545 omni
1361 3478 1512 3547 sollioitn·

348 3595 417 3663 dina
437 3618 496 3685 pro
512 3598 602 3663 vobis
618 3602 650 3663 ot
664 3596 901 3663 devotissimam
916 3600 1058 3663 sanotam
1072 3592 1348 3678 oongrogation'sm
1362 3600 1511 3679 vostram,

350 3712 465 3779 aDoob
478 3713 569 3780 nobis
592 3714 804 3796 commissam,
827 3711 862 3777 in
883 3711 1002 3777 nostris
1025 3711 1160 3777 assiduis
1183 3712 1285 3797 pronis
1300 3710 1430 3778 Domini
1452 3713 1512 3779 mi·

349 3830 546 3897 sarioordiam
567 3848 699 3895 oxoraro
720 3848 784 3894 non
807 3827 995 3893 dosinomna.
1030 3826 1131 3910 Igitur
1152 3846 1223 3893 onm
1247 3826 1445 3895 salutationis
1466 3829 1512 3895 of·

349 3942 424 4010 boiis
443 3944 556 4012 humili
577 3965 672 4032 proso
694 3944 908 4031 doposoimna:
931 3948 967 4009 nt
987 3943 1052 4009 ista
1072 3942 1196 4008 familia
1218 3942 1335 4010 Obsisbi
1358 3950 1390 4011 et
1411 3944 1513 4013 sanoti

349 4058 430 4126 Patri
455 4062 489 4128 in
518 4066 624 4128 anatra
652 4060 949 4127 commemoratione
975 4078 1100 4145 sempor
1122 4058 1279 4141 habeatis3
1309 4064 1341 4125 ot
1362 4060 1434 4147 ipsa
1455 4080 1512 4147 per

350 4196 453 4244 omnos
479 4178 597 4245 amioos
625 4183 747 4243 vostros
771 4212 811 4223 -
835 4181 902 4243 tam
930 4175 1086 4262 opiaoopis
1115 4180 1147 4241 ot
1175 4194 1282 4241 eornm
1310 4175 1394 4243 oloro
1417 4196 1512 4262 quam

351 4290 512 4362 abbatibus
532 4299 566 4360 ot
578 4312 687 4361 oomm
701 4292 864 4359 monnohis
879 4312 935 4358 ssu
949 4297 982 4358 ot
996 4291 1165 4358 abbatissis
1181 4292 1229 4359 vol
1245 4291 1313 4359 Deo
1328 4292 1453 4359 donatas
1469 4328 1510 4339 -

350 4407 411 4474 ista
428 4411 668 4495 congregatione
683 4409 785 4475 annoti
799 4406 897 4492 Patri,
920 4413 1061 4475 oratores
1075 4412 1208 4491 vostros,
1232 4413 1298 4475 tam
1312 4408 1402 4475 vivos
1417 4428 1512 4493 quam

419 4564 438 4597 ι
457 4570 485 4597 κ
502 4554 526 4600 7
532 4552 662 4600 tto-to.
684 4554 738 4601 Saue
752 4552 862 4597 mou.
939 4550 962 4596 b.
979 4551 1098 4609 macedo
1113 4553 1136 4596 ἐκ
1152 4550 1204 4596 cod.
1219 4552 1316 4612 signum,
1333 4550 1424 4597 obtinui
1438 4550 1512 4609 diplo-

353 4638 430 4675 nasu
444 4634 520 4679 abab«.
583 4646 604 4679 c.
624 4632 699 4678 laxans
715 4632 742 4677 V.
804 4630 827 4677 t.
848 4630 1016 4676 amanstiaaimo
1029 4630 1056 4676 V.
1119 4645 1140 4676 a.
1160 4632 1297 4677 astam
1311 4630 1337 4674 V.
1399 4628 1416 4676 f.
1436 4632 1512 4677 umen

355 4711 481 4758 ubuum
499 4714 527 4759 V.
604 4725 627 4770 ς.
646 4728 727 4759 m
740 4712 851 4771 posterior
867 4713 964 4757 carresis
978 4709 1176 4757 inobedientiam.
1254 4708 1277 4755 b.
1298 4707 1358 4757 oddo
1376 4710 1403 4757 V.

357 4880 382 4935 Π
399 4798 445 4938 18lg
467 4797 551 4854 abbas
563 4797 592 4854 8.
601 4798 676 4853 Patri
685 4796 876 4866 Lnxoniansis,
893 4801 926 4851 nt
941 4794 1050 4851 vidntur
1060 4794 1199 4851 btabib'oni
1211 4794 1321 4862 (Annal.
1334 4794 1392 4851 ord.
1405 4794 1433 4851 S.
1442 4796 1510 4851 Bon.

446 4886 534 4956 ‚wb-
911 4908 921 4917 ·
