4342 6034
601 762 800 809 cnarsmanr
821 763 1022 811 canonicos
1045 762 1282 812 moonnrnrnn
1458 748 1524 813 695

334 923 400 989 per
426 889 679 989 asportationem
702 905 873 971 subtracta
963 904 1161 971 Venerabilis
1185 910 1289 971 autem
1310 906 1452 991 pontifex
1469 907 1524 972 do-

334 1020 454 1083 minus
479 1018 642 1085 Conradus
663 1040 779 1086 novam
800 1021 985 1087 monasterii
1007 1021 1160 1087 fabricam
1183 1020 1358 1105 inchoavit,
1383 1022 1438 1087 sed
1460 1042 1525 1089 non

335 1137 591 1201 consummarit
680 1135 717 1201 In
745 1136 795 1201 his
822 1136 966 1201 omnihus
988 1154 1048 1201 nec
1070 1135 1173 1201 clerus
1197 1156 1217 1203 a
1239 1137 1304 1201 suis
1328 1156 1362 1203 so
1384 1136 1523 1203 lasciviis

334 1252 543 1337 temperarit
564 1270 623 1316 nec
643 1250 717 1320 iaici
740 1272 760 1316 a
781 1272 840 1317 sua
861 1251 985 1317 malitia
1006 1250 1213 1336 respiramut.

434 1365 516 1433 Post
536 1386 654 1452 paucos
678 1386 776 1434 annos
799 1372 927 1451 ventus,
952 1367 1081 1433 veniens
1105 1366 1144 1433 ab
1168 1366 1346 1451 occidente,
1370 1368 1524 1453 pinnacu-

335 1483 408 1549 lum
434 1482 551 1569 templi
572 1482 693 1549 deiecit
728 1481 809 1548 Erat
830 1489 937 1549 autem
958 1482 1099 1566 ligneum
1115 1488 1146 1547 et
1161 1504 1256 1569 super
1272 1482 1426 1549 ciborium
1443 1484 1525 1549 anti·

337 1618 446 1683 quum
471 1598 667 1665 collocatum.
697 1597 777 1664 Com
800 1604 888 1665 tanto
908 1603 1013 1663 autem
1027 1598 1150 1682 impetu
1164 1598 1198 1663 in
1213 1598 1318 1683 ipsam
1333 1603 1524 1665 cunctorem

336 1719 462 1781 ventus
486 1713 581 1779 irruit
602 1714 763 1797 occidens,
786 1720 823 1779 ut
845 1714 997 1799 quasdam
1020 1712 1126 1779 trabes
1149 1713 1181 1778 in
1205 1712 1350 1779 Rhenum
1372 1715 1524 1798 mitteret,

336 1828 504 1916 quasdam
538 1829 622 1897 ultra
648 1828 791 1895 Rhenum
830 1829 870 1893 ad
900 1828 1023 1894 miliare
1053 1829 1144 1893 iuxta
1172 1828 1281 1893 villam
1309 1828 1461 1895 Hocheim
1490 1830 1540 1896 in·

337 1967 417 2013 aere
448 1946 641 2030 deportaret
684 1943 903 2011 Cerhssimum
931 1964 952 2009 a
977 1943 1086 2009 multis
1116 1944 1310 2028 famabatur,
1348 1944 1431 2029 quod
1459 1966 1523 2011 non

336 2066 461 2129 ventus
491 2060 548 2127 sed
573 2060 718 2127 diabolus
744 2060 804 2125 hoo
824 2060 961 2125 fecisset
996 2059 1098 2125 Erant
1120 2060 1203 2125 eninr
1228 2060 1334 2125 trahes
1357 2061 1525 2147 queminus

337 2185 372 2245 et
404 2178 563 2259 abiegnae
586 2176 773 2261 quantitatis
794 2175 897 2259 illius,
926 2175 1064 2259 quaein
1085 2174 1296 2241 torcularibus
1320 2176 1423 2243 solent
1445 2197 1522 2243 esse.

336 2294 411 2378 Ego
442 2310 566 2359 mernor
593 2314 663 2358 sum
691 2291 777 2357 istud
806 2290 951 2357 ultimum
980 2290 1142 2356 accidisse.
1233 2290 1269 2356 In
1298 2292 1443 2359 omnibus
1473 2293 1522 2359 his

339 2431 407 2477 non
432 2414 486 2477 est
509 2427 621 2474 aversa
642 2409 691 2473 ira
712 2407 854 2490 Domini,
877 2407 932 2472 scd
956 2406 1058 2471 adhuc
1080 2426 1194 2471 manns
1217 2407 1285 2473 eius
1309 2414 1438 2474 extenta
1447 2404 1464 2474 ¹.

433 2524 516 2591 Post
541 2523 620 2589 haec
646 2524 708 2589 iter
733 2523 855 2609 coepit·
876 2522 961 2588 idem
984 2522 1238 2609 archiepiscopus
1261 2524 1468 2590 transfretare
1492 2530 1524 2591 et
1543 2536 1610 2589 1197

338 2642 380 2707 de
408 2639 561 2707 manibus
585 2638 829 2705 sarracenorum
858 2639 981 2723 eripere
1002 2644 1122 2703 terram
1145 2646 1287 2705 sanctam
1315 2644 1408 2723 atoue
1430 2642 1521 2706 resti-
1552 2608 1599 2655 Μ’

338 2764 434 2823 tuere
458 2756 559 2822 cultui
581 2754 761 2820 christiano.
798 2753 839 2819 Se
861 2754 966 2839 ipsum
989 2759 1023 2818 et
1039 2751 1118 2818 ahos
1134 2754 1250 2819 multos
1267 2774 1358 2821 cruce
1372 2756 1520 2839 signavit,

339 2894 432 2939 mare
462 2870 628 2953 transivit,
656 2870 723 2935 fere
750 2870 852 2935 trihus
881 2868 973 2934 annis
995 2868 1136 2933 militans
1160 2868 1297 2936 Domino
1320 2872 1352 2936 in
1376 2870 1521 2957 partibus

337 2987 578 3055 transmarinis.
668 2985 760 3051 Circa
787 2984 882 3051 finem
906 2984 981 3050 anni
1001 2982 1106 3050 tertii²
1128 2984 1283 3052 Henrious
1304 2986 1440 3052 moritur
1461 2987 1521 3053 im·
1538 3001 1640 3061 Sepsas

338 3110 484 3192 perator.
520 3102 601 3186 Heu,
623 3102 701 3169 hen!
731 3101 798 3167 Vae
819 3106 932 3167 torrae.
1021 3100 1070 3167 De
1092 3100 1237 3186 partibus
1260 3100 1520 3188 Hierosolymita-

338 3222 391 3288 nie
420 3220 509 3287 redit
535 3218 804 3304 archiepiscopus,
832 3222 951 3281 terram
973 3217 1092 3301 reperit
1115 3216 1289 3282 desolatam
1310 3217 1465 3284 incendiis
1489 3225 1521 3285 et
1539 3228 1607 3282 1199

338 3337 477 3423 rapinis.
511 3334 675 3419 Nusquam
697 3332 792 3414 enim,
815 3330 871 3397 uhi
891 3352 950 3397 rex
972 3352 1037 3396 nou
1060 3338 1109 3397 est
1123 3332 1315 3415 gubernator
1331 3332 1381 3399 vel
1396 3340 1518 3419 potens,

339 3472 406 3518 non
429 3456 540 3538 potest
561 3470 581 3515 a
602 3448 719 3535 populo
742 3468 806 3533 pax
829 3446 947 3513 haberi.
982 3447 1189 3514 Desideratur
1213 3448 1252 3514 ab
1276 3449 1421 3515 omnibus
1438 3448 1519 3515 Gon-

339 3568 413 3633 radi
436 3565 666 3653 archiepiscopi
691 3564 854 3629 adventus.
892 3562 936 3628 Et
959 3582 1029 3629 ecee
1052 3564 1140 3629 venit
1162 3563 1373 3647 desideratus,
1401 3570 1433 3630 et
1455 3571 1519 3630 ter-

340 3704 412 3749 ram
434 3682 560 3749 invenit
578 3681 706 3767 proeliis
722 3686 755 3746 et
768 3678 920 3744 incendiis
937 3678 1165 3745 conturbatam.
1204 3679 1418 3765 Studebatque
1433 3682 1518 3745 omni

341 3798 502 3865 desiderio
524 3817 634 3883 paoem
656 3797 749 3862 terris
773 3801 805 3861 et
827 3796 964 3879 quietem
986 3796 1168 3881 provinciae
1184 3796 1366 3862 reformare.
1401 3795 1444 3861 Et
1459 3796 1519 3863 hoc

340 3914 487 3997 iecisset,
516 3915 544 3979 si
571 3914 682 3978 mortis
710 3912 852 3977 debitum
874 3932 937 3975 nou
961 3912 1116 3977 solvisset.
1152 3910 1249 3977 Gravi
1273 3913 1357 3978 enim
1380 3913 1517 3995 aegritu-

341 4030 416 4097 dine
439 4030 592 4112 fatigatus
615 4028 680 4093 est¹¹
697 4033 739 4111 et,
762 4048 833 4092 com
857 4026 896 4091 de
918 4027 970 4091 die
990 4027 1026 4091 in
1049 4027 1132 4092 diem
1155 4048 1189 4093 se
1212 4028 1429 4094 convalescere
1446 4050 1517 4115 spo-

340 4150 438 4231 raret,
463 4146 567 4211 subito
594 4150 627 4211 et
647 4145 810 4229 insperata
831 4148 933 4207 morte
954 4148 1156 4227 praeventus,
1185 4143 1252 4209 Deo
1277 4144 1423 4230 spiritum
1446 4144 1606 4209 red-1200

342 4260 424 4327 didit
448 4263 545 4328 1200.

431 4377 555 4443 Audita
585 4382 688 4441 morte
716 4374 960 4461 archiepiscopi,
996 4374 1061 4439 dux
1087 4370 1252 4459 Bavarie³,
1282 4372 1365 4440 iilius
1392 4370 1518 4439 hatris⁴

344 4492 423 4577 eius,
453 4512 579 4559 omnem
602 4492 785 4557 thesaurum
807 4496 840 4557 et
862 4494 1019 4573 ornatum,
1043 4510 1136 4574 quem
1159 4491 1192 4555 in
1216 4490 1332 4556 casulis
1355 4494 1387 4555 et
1409 4488 1517 4555 infulis

415 4674 438 4707 a.
457 4661 514 4708 Post
529 4661 586 4707 haec
600 4661 645 4707 iter
660 4660 737 4719 eoepit
750 4660 800 4715 ‹d.‚·
817 4676 847 4705 aa
864 4659 919 4705 Post
934 4658 991 4705 haec
1006 4659 1031 4705 iu
1046 4672 1072 4705 sc
1087 4658 1163 4719 oepit?
1240 4658 1263 4704 b.
1285 4660 1321 4705 est
1337 4658 1429 4705 addidi.

414 4766 624 4835 1.1sa·no‚25.
707 4766 732 4817 2.
756 4764 838 4818 immo
857 4764 911 4817 iam
930 4780 955 4818 a.
970 4762 1038 4817 1197
1057 4760 1134 4831 Sept.
1148 4763 1191 4817 28.
1275 4763 1301 4816 3.
1325 4760 1483 4817 Ludovicus
1493 4761 1515 4817 1.

344 4852 369 4905 h
393 4852 502 4909 Ottouia
518 4855 531 4909 1
549 4854 627 4909 ducis
644 4852 788 4908 Bavariae.
