<?xml version="1.0" encoding="UTF-8"?>
<!DOCTYPE html PUBLIC "-//W3C//DTD XHTML 1.0 Transitional//EN"
    "http://www.w3.org/TR/xhtml1/DTD/xhtml1-transitional.dtd">
<html xmlns="http://www.w3.org/1999/xhtml" xml:lang="en" lang="en">
 <head>
  <title>
</title>
<meta http-equiv="Content-Type" content="text/html;charset=utf-8" />
  <meta name='ocr-system' content='tesseract 3.04.00' />
  <meta name='ocr-capabilities' content='ocr_page ocr_carea ocr_par ocr_line ocrx_word'/>
</head>
<body>
  <div class='ocr_page' id='page_1' title='image "./monumentamogunt00lulgoog/monumentamogunt00lulgoog_0654.png"; bbox 0 0 4342 6034; ppageno 0'>
   <div class='ocr_carea' id='block_1_1' title="bbox 673 748 1636 815">
    <p class='ocr_par' dir='ltr' id='par_1_1' title="bbox 673 748 1636 815">
     <span class='ocr_line' id='line_1_1' title="bbox 673 748 1636 815; baseline -0.004 0"><span class='ocrx_word' id='word_1_1' title='bbox 673 748 741 815; x_wconf 79' lang='grc'><strong>636</strong></span> <span class='ocrx_word' id='word_1_2' title='bbox 877 766 959 811; x_wconf 74' lang='lat' dir='ltr'><strong>vrri</strong></span> <span class='ocrx_word' id='word_1_3' title='bbox 979 764 1135 811; x_wconf 76' lang='lat' dir='ltr'><strong>anacam</strong></span> <span class='ocrx_word' id='word_1_4' title='bbox 1157 762 1418 811; x_wconf 78' lang='lat' dir='ltr'><strong>sacmmrscoru</strong></span> <span class='ocrx_word' id='word_1_5' title='bbox 1440 762 1636 811; x_wconf 70' lang='lat' dir='ltr'><strong>uocum</strong></span> 
     </span>
    </p>
   </div>
   <div class='ocr_carea' id='block_1_2' title="bbox 587 902 1823 1224">
    <p class='ocr_par' dir='ltr' id='par_1_2' title="bbox 587 902 1823 1224">
     <span class='ocr_line' id='line_1_2' title="bbox 587 902 1819 991; baseline -0.003 -19"><span class='ocrx_word' id='word_1_6' title='bbox 587 918 657 973; x_wconf 78' lang='lat'>1159</span> <span class='ocrx_word' id='word_1_7' title='bbox 675 906 779 974; x_wconf 84' lang='lat' dir='ltr'><strong>visum</strong></span> <span class='ocrx_word' id='word_1_8' title='bbox 800 908 835 973; x_wconf 90' lang='lat' dir='ltr'><strong>iu</strong></span> <span class='ocrx_word' id='word_1_9' title='bbox 856 906 978 973; x_wconf 90' lang='lat' dir='ltr'><strong>duobus</strong></span> <span class='ocrx_word' id='word_1_10' title='bbox 1000 903 1182 991; x_wconf 89' lang='lat' dir='ltr'><strong>apostolicis</strong></span> <span class='ocrx_word' id='word_1_11' title='bbox 1205 926 1223 971; x_wconf 91' lang='lat' dir='ltr'><strong>e</strong></span> <span class='ocrx_word' id='word_1_12' title='bbox 1244 904 1374 988; x_wconf 75' lang='lat' dir='ltr'><strong>regione</strong></span> <span class='ocrx_word' id='word_1_13' title='bbox 1390 904 1626 988; x_wconf 76' lang='lat' dir='ltr'><strong>dissidentibus,</strong></span> <span class='ocrx_word' id='word_1_14' title='bbox 1649 922 1772 989; x_wconf 87' lang='lat' dir='ltr'><strong>quorum</strong></span> <span class='ocrx_word' id='word_1_15' title='bbox 1784 902 1819 969; x_wconf 90' lang='lat' dir='ltr'><strong>al·</strong></span> 
     </span>
     <span class='ocr_line' id='line_1_3' title="bbox 592 991 1821 1106; baseline -0.005 -15"><span class='ocrx_word' id='word_1_16' title='bbox 592 991 650 1037; x_wconf 53' lang='grc' dir='ltr'><strong>Μ’</strong></span> <span class='ocrx_word' id='word_1_17' title='bbox 674 1024 736 1091; x_wconf 91' lang='lat' dir='ltr'><strong>teri</strong></span> <span class='ocrx_word' id='word_1_18' title='bbox 749 1022 858 1090; x_wconf 87' lang='lat' dir='ltr'><strong>Victor</strong></span> <span class='ocrx_word' id='word_1_19' title='bbox 880 1022 973 1088; x_wconf 87' lang='lat' dir='ltr'><strong>alteri</strong></span> <span class='ocrx_word' id='word_1_20' title='bbox 986 1020 1168 1089; x_wconf 83' lang='lat' dir='ltr'><strong>Alexander</strong></span> <span class='ocrx_word' id='word_1_21' title='bbox 1188 1018 1363 1087; x_wconf 89' lang='lat' dir='ltr'><strong>tradiderat</strong></span> <span class='ocrx_word' id='word_1_22' title='bbox 1380 1020 1575 1106; x_wconf 85' lang='lat' dir='ltr'><strong>pronostica·</strong></span> <span class='ocrx_word' id='word_1_23' title='bbox 1588 1038 1712 1103; x_wconf 87' lang='lat' dir='ltr'><strong>nomeu,</strong></span> <span class='ocrx_word' id='word_1_24' title='bbox 1732 1024 1821 1105; x_wconf 83' lang='lat' dir='ltr'><strong>rapta-</strong></span> 
     </span>
     <span class='ocr_line' id='line_1_4' title="bbox 674 1136 1823 1224; baseline -0.004 -18"><span class='ocrx_word' id='word_1_25' title='bbox 674 1138 767 1206; x_wconf 89' lang='lat' dir='ltr'><strong>batur</strong></span> <span class='ocrx_word' id='word_1_26' title='bbox 793 1140 827 1205; x_wconf 91' lang='lat' dir='ltr'><strong>iu</strong></span> <span class='ocrx_word' id='word_1_27' title='bbox 854 1158 995 1224; x_wconf 88' lang='lat' dir='ltr'><strong>preceps.</strong></span> <span class='ocrx_word' id='word_1_28' title='bbox 1029 1136 1073 1203; x_wconf 89' lang='lat' dir='ltr'><strong>Et</strong></span> <span class='ocrx_word' id='word_1_29' title='bbox 1095 1136 1251 1203; x_wconf 77' lang='lat' dir='ltr'><strong>scismatis</strong></span> <span class='ocrx_word' id='word_1_30' title='bbox 1273 1155 1386 1203; x_wconf 86' lang='lat' dir='ltr'><strong>cancer</strong></span> <span class='ocrx_word' id='word_1_31' title='bbox 1407 1136 1441 1202; x_wconf 91' lang='lat' dir='ltr'><strong>iu</strong></span> <span class='ocrx_word' id='word_1_32' title='bbox 1464 1142 1590 1203; x_wconf 86' lang='lat' dir='ltr'><strong>vastum</strong></span> <span class='ocrx_word' id='word_1_33' title='bbox 1612 1156 1649 1203; x_wconf 93' lang='lat' dir='ltr'><strong>eo</strong></span> <span class='ocrx_word' id='word_1_34' title='bbox 1671 1156 1765 1221; x_wconf 87' lang='lat' dir='ltr'><strong>usque</strong></span> <span class='ocrx_word' id='word_1_35' title='bbox 1784 1154 1823 1201; x_wconf 82' lang='lat' dir='ltr'><strong>eo</strong></span> 
     </span>
    </p>
   </div>
   <div class='ocr_carea' id='block_1_3' title="bbox 672 1251 1833 1804">
    <p class='ocr_par' dir='ltr' id='par_1_3' title="bbox 672 1251 1833 1804">
     <span class='ocr_line' id='line_1_5' title="bbox 673 1251 1825 1341; baseline -0.003 -18"><span class='ocrx_word' id='word_1_36' title='bbox 673 1254 768 1323; x_wconf 84' lang='lat' dir='ltr'><strong>closis</strong></span> <span class='ocrx_word' id='word_1_37' title='bbox 791 1274 904 1341; x_wconf 90' lang='lat' dir='ltr'><strong>corpus</strong></span> <span class='ocrx_word' id='word_1_38' title='bbox 920 1255 1103 1340; x_wconf 78' lang='lat' dir='ltr'><strong>irrepserat,</strong></span> <span class='ocrx_word' id='word_1_39' title='bbox 1127 1251 1210 1337; x_wconf 92' lang='lat' dir='ltr'><strong>quod</strong></span> <span class='ocrx_word' id='word_1_40' title='bbox 1225 1251 1396 1319; x_wconf 76' lang='lat' dir='ltr'><strong>christiane</strong></span> <span class='ocrx_word' id='word_1_41' title='bbox 1409 1252 1541 1319; x_wconf 69' lang='lat' dir='ltr'><strong>unimtis</strong></span> <span class='ocrx_word' id='word_1_42' title='bbox 1556 1251 1746 1319; x_wconf 70' lang='lat' dir='ltr'><strong>soliditatem</strong></span> <span class='ocrx_word' id='word_1_43' title='bbox 1759 1272 1825 1338; x_wconf 87' lang='lat' dir='ltr'><strong>poue</strong></span> 
     </span>
     <span class='ocr_line' id='line_1_6' title="bbox 672 1368 1827 1455; baseline -0.003 -18"><span class='ocrx_word' id='word_1_44' title='bbox 672 1391 732 1437; x_wconf 86' lang='lat' dir='ltr'><strong>sua</strong></span> <span class='ocrx_word' id='word_1_45' title='bbox 744 1370 906 1437; x_wconf 84' lang='lat' dir='ltr'><strong>infecisset</strong></span> <span class='ocrx_word' id='word_1_46' title='bbox 919 1370 1052 1453; x_wconf 82' lang='lat' dir='ltr'><strong>mabtia,</strong></span> <span class='ocrx_word' id='word_1_47' title='bbox 1067 1368 1130 1435; x_wconf 89' lang='lat' dir='ltr'><strong>nisi</strong></span> <span class='ocrx_word' id='word_1_48' title='bbox 1145 1368 1323 1453; x_wconf 84' lang='lat' dir='ltr'><strong>inspirante</strong></span> <span class='ocrx_word' id='word_1_49' title='bbox 1333 1368 1402 1435; x_wconf 88' lang='lat' dir='ltr'><strong>Dec</strong></span> <span class='ocrx_word' id='word_1_50' title='bbox 1417 1368 1563 1435; x_wconf 83' lang='lat' dir='ltr'><strong>catholici</strong></span> <span class='ocrx_word' id='word_1_51' title='bbox 1577 1369 1738 1455; x_wconf 84' lang='lat' dir='ltr'><strong>prinsipes</strong></span> <span class='ocrx_word' id='word_1_52' title='bbox 1750 1368 1827 1434; x_wconf 77' lang='lat' dir='ltr'><strong>huic</strong></span> 
     </span>
     <span class='ocr_line' id='line_1_7' title="bbox 672 1465 1831 1572; baseline -0.003 -20"><span class='ocrx_word' id='word_1_53' title='bbox 672 1485 813 1571; x_wconf 79' lang='lat' dir='ltr'><strong>generali</strong></span> <span class='ocrx_word' id='word_1_54' title='bbox 839 1486 948 1552; x_wconf 87' lang='lat' dir='ltr'><strong>morbo</strong></span> <span class='ocrx_word' id='word_1_55' title='bbox 978 1465 1110 1572; x_wconf 86' lang='lat' dir='ltr'><strong>ancipiti</strong></span> <span class='ocrx_word' id='word_1_56' title='bbox 1138 1482 1243 1567; x_wconf 81' lang='lat' dir='ltr'><strong>gladio</strong></span> <span class='ocrx_word' id='word_1_57' title='bbox 1270 1483 1402 1569; x_wconf 88' lang='lat' dir='ltr'><strong>spiritus</strong></span> <span class='ocrx_word' id='word_1_58' title='bbox 1429 1504 1487 1570; x_wconf 92' lang='lat' dir='ltr'><strong>per</strong></span> <span class='ocrx_word' id='word_1_59' title='bbox 1509 1483 1734 1550; x_wconf 87' lang='lat' dir='ltr'><strong>abscisionem·</strong></span> <span class='ocrx_word' id='word_1_60' title='bbox 1755 1484 1831 1550; x_wconf 77' lang='lat' dir='ltr'><strong>festi</strong></span> 
     </span>
     <span class='ocr_line' id='line_1_8' title="bbox 673 1598 1833 1685; baseline -0.002 -16"><span class='ocrx_word' id='word_1_61' title='bbox 673 1608 803 1669; x_wconf 89' lang='lat' dir='ltr'><strong>uasseut</strong></span> <span class='ocrx_word' id='word_1_62' title='bbox 824 1621 997 1667; x_wconf 79' lang='lat' dir='ltr'><strong>occurrere</strong></span> <span class='ocrx_word' id='word_1_63' title='bbox 1064 1600 1175 1685; x_wconf 88' lang='lat' dir='ltr'><strong>Itaque</strong></span> <span class='ocrx_word' id='word_1_64' title='bbox 1195 1598 1404 1667; x_wconf 86' lang='lat' dir='ltr'><strong>venerabilem</strong></span> <span class='ocrx_word' id='word_1_65' title='bbox 1420 1598 1598 1665; x_wconf 84' lang='lat' dir='ltr'><strong>Arnoldum</strong></span> <span class='ocrx_word' id='word_1_66' title='bbox 1612 1598 1833 1683; x_wconf 64' lang='lat' dir='ltr'><strong>maguntinum,</strong></span> 
     </span>
     <span class='ocr_line' id='line_1_9' title="bbox 672 1714 1833 1804; baseline -0.003 -19"><span class='ocrx_word' id='word_1_67' title='bbox 672 1718 870 1804; x_wconf 86' lang='lat' dir='ltr'><strong>transalpina</strong></span> <span class='ocrx_word' id='word_1_68' title='bbox 891 1722 1062 1802; x_wconf 88' lang='lat' dir='ltr'><strong>petentem,</strong></span> <span class='ocrx_word' id='word_1_69' title='bbox 1084 1716 1266 1803; x_wconf 87' lang='lat' dir='ltr'><strong>imperiales</strong></span> <span class='ocrx_word' id='word_1_70' title='bbox 1285 1715 1394 1801; x_wconf 88' lang='lat' dir='ltr'><strong>apices</strong></span> <span class='ocrx_word' id='word_1_71' title='bbox 1416 1714 1652 1801; x_wconf 87' lang='lat' dir='ltr'><strong>multorumque</strong></span> <span class='ocrx_word' id='word_1_72' title='bbox 1672 1716 1833 1781; x_wconf 86' lang='lat' dir='ltr'><strong>illustrium</strong></span> 
     </span>
    </p>
   </div>
   <div class='ocr_carea' id='block_1_4' title="bbox 670 1832 1835 4241">
    <p class='ocr_par' dir='ltr' id='par_1_4' title="bbox 671 1832 1835 2731">
     <span class='ocr_line' id='line_1_10' title="bbox 673 1832 1834 1922; baseline -0.004 -20"><span class='ocrx_word' id='word_1_73' title='bbox 673 1836 853 1922; x_wconf 80' lang='lat' dir='ltr'><strong>principum</strong></span> <span class='ocrx_word' id='word_1_74' title='bbox 880 1834 915 1899; x_wconf 91' lang='lat' dir='ltr'><strong>iu</strong></span> <span class='ocrx_word' id='word_1_75' title='bbox 941 1833 1065 1899; x_wconf 90' lang='lat' dir='ltr'><strong>itineris</strong></span> <span class='ocrx_word' id='word_1_76' title='bbox 1095 1834 1164 1919; x_wconf 83' lang='lat' dir='ltr'><strong>ipso</strong></span> <span class='ocrx_word' id='word_1_77' title='bbox 1194 1832 1358 1918; x_wconf 87' lang='lat' dir='ltr'><strong>procinctu</strong></span> <span class='ocrx_word' id='word_1_78' title='bbox 1383 1835 1597 1917; x_wconf 84' lang='lat' dir='ltr'><strong>prevenerunt</strong></span> <span class='ocrx_word' id='word_1_79' title='bbox 1618 1832 1753 1917; x_wconf 88' lang='lat' dir='ltr'><strong>epistola</strong></span> <span class='ocrx_word' id='word_1_80' title='bbox 1774 1852 1834 1919; x_wconf 84' lang='lat' dir='ltr'><strong>pra·</strong></span> 
     </span>
     <span class='ocr_line' id='line_1_11' title="bbox 672 1947 1833 2037; baseline -0.003 -20"><span class='ocrx_word' id='word_1_81' title='bbox 672 1952 768 2034; x_wconf 69' lang='lat' dir='ltr'><strong>caria</strong></span> <span class='ocrx_word' id='word_1_82' title='bbox 791 1954 970 2037; x_wconf 84' lang='lat' dir='ltr'><strong>poscentes:</strong></span> <span class='ocrx_word' id='word_1_83' title='bbox 993 1954 1030 2014; x_wconf 93' lang='lat' dir='ltr'><strong>ut</strong></span> <span class='ocrx_word' id='word_1_84' title='bbox 1045 1969 1104 2034; x_wconf 88' lang='lat' dir='ltr'><strong>pro</strong></span> <span class='ocrx_word' id='word_1_85' title='bbox 1120 1948 1308 2015; x_wconf 86' lang='lat' dir='ltr'><strong>necessitate</strong></span> <span class='ocrx_word' id='word_1_86' title='bbox 1322 1947 1511 2013; x_wconf 88' lang='lat' dir='ltr'><strong>universalis</strong></span> <span class='ocrx_word' id='word_1_87' title='bbox 1526 1947 1658 2015; x_wconf 87' lang='lat' dir='ltr'><strong>ecclesie</strong></span> <span class='ocrx_word' id='word_1_88' title='bbox 1672 1948 1720 2014; x_wconf 88' lang='lat' dir='ltr'><strong>eis</strong></span> <span class='ocrx_word' id='word_1_89' title='bbox 1736 1947 1833 2031; x_wconf 75' lang='lat' dir='ltr'><strong>digm-</strong></span> 
     </span>
     <span class='ocr_line' id='line_1_12' title="bbox 671 2060 1834 2150; baseline -0.003 -17"><span class='ocrx_word' id='word_1_90' title='bbox 671 2070 760 2133; x_wconf 87' lang='lat' dir='ltr'><strong>rstur</strong></span> <span class='ocrx_word' id='word_1_91' title='bbox 781 2066 815 2131; x_wconf 88' lang='lat' dir='ltr'><strong>in</strong></span> <span class='ocrx_word' id='word_1_92' title='bbox 837 2064 957 2131; x_wconf 87' lang='lat' dir='ltr'><strong>octavia</strong></span> <span class='ocrx_word' id='word_1_93' title='bbox 980 2060 1166 2150; x_wconf 86' lang='lat' dir='ltr'><strong>epiphanie¹</strong></span> <span class='ocrx_word' id='word_1_94' title='bbox 1181 2064 1470 2131; x_wconf 85' lang='lat' dir='ltr'><strong>reverentissimam</strong></span> <span class='ocrx_word' id='word_1_95' title='bbox 1492 2082 1583 2130; x_wconf 89' lang='lat' dir='ltr'><strong>suam</strong></span> <span class='ocrx_word' id='word_1_96' title='bbox 1606 2063 1757 2130; x_wconf 81' lang='lat' dir='ltr'><strong>exbibete</strong></span> <span class='ocrx_word' id='word_1_97' title='bbox 1774 2084 1834 2149; x_wconf 76' lang='lat' dir='ltr'><strong>per</strong></span> 
     </span>
     <span class='ocr_line' id='line_1_13' title="bbox 673 2178 1834 2266; baseline -0.003 -18"><span class='ocrx_word' id='word_1_98' title='bbox 673 2201 799 2261; x_wconf 80' lang='lat' dir='ltr'><strong>souam3</strong></span> <span class='ocrx_word' id='word_1_99' title='bbox 827 2180 932 2247; x_wconf 90' lang='lat' dir='ltr'><strong>locum</strong></span> <span class='ocrx_word' id='word_1_100' title='bbox 953 2178 1068 2266; x_wconf 86' lang='lat' dir='ltr'><strong>Papia,</strong></span> <span class='ocrx_word' id='word_1_101' title='bbox 1092 2185 1123 2245; x_wconf 89' lang='lat' dir='ltr'><strong>et</strong></span> <span class='ocrx_word' id='word_1_102' title='bbox 1145 2179 1242 2247; x_wconf 91' lang='lat' dir='ltr'><strong>totius</strong></span> <span class='ocrx_word' id='word_1_103' title='bbox 1265 2178 1449 2263; x_wconf 89' lang='lat' dir='ltr'><strong>qualitatem</strong></span> <span class='ocrx_word' id='word_1_104' title='bbox 1471 2180 1625 2247; x_wconf 75' lang='lat' dir='ltr'><strong>memtave</strong></span> <span class='ocrx_word' id='word_1_105' title='bbox 1647 2180 1834 2247; x_wconf 86' lang='lat' dir='ltr'><strong>insinuantes</strong></span> 
     </span>
     <span class='ocr_line' id='line_1_14' title="bbox 672 2294 1833 2382; baseline -0.001 -19"><span class='ocrx_word' id='word_1_106' title='bbox 672 2297 806 2381; x_wconf 80' lang='lat' dir='ltr'><strong>negotii3</strong></span> <span class='ocrx_word' id='word_1_107' title='bbox 835 2300 1124 2382; x_wconf 83' lang='lat' dir='ltr'><strong>proponentesque:</strong></span> <span class='ocrx_word' id='word_1_108' title='bbox 1153 2294 1237 2381; x_wconf 91' lang='lat' dir='ltr'><strong>quod</strong></span> <span class='ocrx_word' id='word_1_109' title='bbox 1266 2296 1334 2361; x_wconf 90' lang='lat' dir='ltr'><strong>siue</strong></span> <span class='ocrx_word' id='word_1_110' title='bbox 1362 2296 1560 2362; x_wconf 89' lang='lat' dir='ltr'><strong>auctoritatis</strong></span> <span class='ocrx_word' id='word_1_111' title='bbox 1588 2316 1645 2362; x_wconf 89' lang='lat' dir='ltr'><strong>sue</strong></span> <span class='ocrx_word' id='word_1_112' title='bbox 1674 2297 1833 2381; x_wconf 81' lang='lat' dir='ltr'><strong>presentia,</strong></span> 
     </span>
     <span class='ocr_line' id='line_1_15' title="bbox 673 2410 1835 2494; baseline -0.003 -14"><span class='ocrx_word' id='word_1_113' title='bbox 673 2413 767 2480; x_wconf 88' lang='lat' dir='ltr'><strong>etiam</strong></span> <span class='ocrx_word' id='word_1_114' title='bbox 791 2410 978 2477; x_wconf 89' lang='lat' dir='ltr'><strong>simundus</strong></span> <span class='ocrx_word' id='word_1_115' title='bbox 1000 2412 1183 2479; x_wconf 87' lang='lat' dir='ltr'><strong>conveniret</strong></span> <span class='ocrx_word' id='word_1_116' title='bbox 1204 2411 1238 2477; x_wconf 90' lang='lat' dir='ltr'><strong>in</strong></span> <span class='ocrx_word' id='word_1_117' title='bbox 1260 2430 1368 2494; x_wconf 91' lang='lat' dir='ltr'><strong>uuum,</strong></span> <span class='ocrx_word' id='word_1_118' title='bbox 1392 2416 1458 2477; x_wconf 88' lang='lat' dir='ltr'><strong>tum</strong></span> <span class='ocrx_word' id='word_1_119' title='bbox 1481 2411 1613 2477; x_wconf 88' lang='lat' dir='ltr'><strong>arduam</strong></span> <span class='ocrx_word' id='word_1_120' title='bbox 1635 2430 1768 2477; x_wconf 86' lang='lat' dir='ltr'><strong>oausam</strong></span> <span class='ocrx_word' id='word_1_121' title='bbox 1786 2411 1835 2477; x_wconf 73' lang='lat' dir='ltr'><strong>nit</strong></span> 
     </span>
     <span class='ocr_line' id='line_1_16' title="bbox 672 2526 1835 2615; baseline -0.001 -21"><span class='ocrx_word' id='word_1_122' title='bbox 672 2526 757 2595; x_wconf 83' lang='lat' dir='ltr'><strong>finiri</strong></span> <span class='ocrx_word' id='word_1_123' title='bbox 784 2547 849 2593; x_wconf 88' lang='lat' dir='ltr'><strong>non</strong></span> <span class='ocrx_word' id='word_1_124' title='bbox 876 2527 1056 2613; x_wconf 86' lang='lat' dir='ltr'><strong>expediret,</strong></span> <span class='ocrx_word' id='word_1_125' title='bbox 1087 2550 1125 2595; x_wconf 88' lang='lat' dir='ltr'><strong>co</strong></span> <span class='ocrx_word' id='word_1_126' title='bbox 1153 2528 1237 2615; x_wconf 91' lang='lat' dir='ltr'><strong>quod</strong></span> <span class='ocrx_word' id='word_1_127' title='bbox 1265 2527 1405 2593; x_wconf 92' lang='lat' dir='ltr'><strong>omnium</strong></span> <span class='ocrx_word' id='word_1_128' title='bbox 1434 2526 1516 2594; x_wconf 91' lang='lat' dir='ltr'><strong>oculi</strong></span> <span class='ocrx_word' id='word_1_129' title='bbox 1543 2527 1646 2614; x_wconf 89' lang='lat' dir='ltr'><strong>ipsius</strong></span> <span class='ocrx_word' id='word_1_130' title='bbox 1669 2548 1767 2615; x_wconf 88' lang='lat' dir='ltr'><strong>super</strong></span> <span class='ocrx_word' id='word_1_131' title='bbox 1787 2527 1835 2593; x_wconf 86' lang='lat' dir='ltr'><strong>hoc</strong></span> 
     </span>
     <span class='ocr_line' id='line_1_17' title="bbox 672 2642 1405 2731; baseline -0.003 -20"><span class='ocrx_word' id='word_1_132' title='bbox 672 2642 841 2711; x_wconf 81' lang='lat' dir='ltr'><strong>consilium</strong></span> <span class='ocrx_word' id='word_1_133' title='bbox 863 2648 1067 2729; x_wconf 87' lang='lat' dir='ltr'><strong>expectarent</strong></span> <span class='ocrx_word' id='word_1_134' title='bbox 1090 2650 1184 2731; x_wconf 88' lang='lat' dir='ltr'><strong>atque</strong></span> <span class='ocrx_word' id='word_1_135' title='bbox 1207 2644 1405 2711; x_wconf 89' lang='lat' dir='ltr'><strong>seutentiam.</strong></span> 
     </span>
    </p>

    <p class='ocr_par' dir='ltr' id='par_1_5' title="bbox 670 2758 1834 4241">
     <span class='ocr_line' id='line_1_18' title="bbox 762 2758 1834 2847; baseline -0.003 -20"><span class='ocrx_word' id='word_1_136' title='bbox 762 2759 799 2827; x_wconf 91' lang='lat' dir='ltr'><strong>lu</strong></span> <span class='ocrx_word' id='word_1_137' title='bbox 821 2759 963 2825; x_wconf 90' lang='lat' dir='ltr'><strong>omnium</strong></span> <span class='ocrx_word' id='word_1_138' title='bbox 985 2779 1109 2846; x_wconf 90' lang='lat' dir='ltr'><strong>quoqne</strong></span> <span class='ocrx_word' id='word_1_139' title='bbox 1132 2760 1337 2847; x_wconf 88' lang='lat' dir='ltr'><strong>epistolarum</strong></span> <span class='ocrx_word' id='word_1_140' title='bbox 1359 2758 1525 2845; x_wconf 73' lang='lat' dir='ltr'><strong>pretextud</strong></span> <span class='ocrx_word' id='word_1_141' title='bbox 1547 2758 1649 2845; x_wconf 90' lang='lat' dir='ltr'><strong>ipsius</strong></span> <span class='ocrx_word' id='word_1_142' title='bbox 1672 2779 1770 2845; x_wconf 90' lang='lat' dir='ltr'><strong>anper</strong></span> <span class='ocrx_word' id='word_1_143' title='bbox 1790 2778 1834 2824; x_wconf 84' lang='lat' dir='ltr'><strong>us</strong></span> 
     </span>
     <span class='ocr_line' id='line_1_19' title="bbox 671 2875 1834 2962; baseline -0.002 -19"><span class='ocrx_word' id='word_1_144' title='bbox 671 2876 768 2961; x_wconf 76' lang='lat' dir='ltr'><strong>gotio,</strong></span> <span class='ocrx_word' id='word_1_145' title='bbox 791 2876 880 2942; x_wconf 90' lang='lat' dir='ltr'><strong>cuius</strong></span> <span class='ocrx_word' id='word_1_146' title='bbox 903 2876 1008 2958; x_wconf 78' lang='lat' dir='ltr'><strong>gratia</strong></span> <span class='ocrx_word' id='word_1_147' title='bbox 1028 2875 1295 2962; x_wconf 88' lang='lat' dir='ltr'><strong>proficiscebatur,</strong></span> <span class='ocrx_word' id='word_1_148' title='bbox 1317 2876 1492 2961; x_wconf 90' lang='lat' dir='ltr'><strong>imperator</strong></span> <span class='ocrx_word' id='word_1_149' title='bbox 1514 2894 1550 2941; x_wconf 88' lang='lat' dir='ltr'><strong>ao</strong></span> <span class='ocrx_word' id='word_1_150' title='bbox 1572 2875 1735 2961; x_wconf 89' lang='lat' dir='ltr'><strong>principes</strong></span> <span class='ocrx_word' id='word_1_151' title='bbox 1756 2894 1834 2941; x_wconf 84' lang='lat' dir='ltr'><strong>aouu</strong></span> 
     </span>
     <span class='ocr_line' id='line_1_20' title="bbox 672 2990 1833 3079; baseline -0.002 -20"><span class='ocrx_word' id='word_1_152' title='bbox 672 2992 831 3059; x_wconf 68' lang='lat' dir='ltr'><strong>mtismuro</strong></span> <span class='ocrx_word' id='word_1_153' title='bbox 844 2991 1068 3077; x_wconf 82' lang='lat' dir='ltr'><strong>loquebantur3</strong></span> <span class='ocrx_word' id='word_1_154' title='bbox 1092 2992 1288 3079; x_wconf 74' lang='lat' dir='ltr'><strong>psoencam,</strong></span> <span class='ocrx_word' id='word_1_155' title='bbox 1312 3010 1407 3076; x_wconf 92' lang='lat' dir='ltr'><strong>quam</strong></span> <span class='ocrx_word' id='word_1_156' title='bbox 1422 2992 1456 3057; x_wconf 91' lang='lat' dir='ltr'><strong>iu</strong></span> <span class='ocrx_word' id='word_1_157' title='bbox 1470 2991 1530 3057; x_wconf 86' lang='lat' dir='ltr'><strong>buc</strong></span> <span class='ocrx_word' id='word_1_158' title='bbox 1545 3010 1640 3057; x_wconf 87' lang='lat' dir='ltr'><strong>causa</strong></span> <span class='ocrx_word' id='word_1_159' title='bbox 1655 2990 1833 3071; x_wconf 73' lang='lat' dir='ltr'><strong>exhibuerit</strong></span> 
     </span>
     <span class='ocr_line' id='line_1_21' title="bbox 672 3106 1832 3194; baseline -0.003 -19"><span class='ocrx_word' id='word_1_160' title='bbox 672 3108 842 3175; x_wconf 89' lang='lat' dir='ltr'><strong>admodum</strong></span> <span class='ocrx_word' id='word_1_161' title='bbox 870 3108 1141 3188; x_wconf 84' lang='lat' dir='ltr'><strong>commendantes3</strong></span> <span class='ocrx_word' id='word_1_162' title='bbox 1170 3114 1203 3177; x_wconf 89' lang='lat' dir='ltr'><strong>et</strong></span> <span class='ocrx_word' id='word_1_163' title='bbox 1229 3128 1320 3175; x_wconf 89' lang='lat' dir='ltr'><strong>suam</strong></span> <span class='ocrx_word' id='word_1_164' title='bbox 1348 3128 1440 3193; x_wconf 89' lang='lat' dir='ltr'><strong>opem</strong></span> <span class='ocrx_word' id='word_1_165' title='bbox 1468 3112 1579 3173; x_wconf 87' lang='lat' dir='ltr'><strong>contra</strong></span> <span class='ocrx_word' id='word_1_166' title='bbox 1597 3106 1717 3194; x_wconf 90' lang='lat' dir='ltr'><strong>impios</strong></span> <span class='ocrx_word' id='word_1_167' title='bbox 1740 3107 1832 3173; x_wconf 86' lang='lat' dir='ltr'><strong>bootes</strong></span> 
     </span>
     <span class='ocr_line' id='line_1_22' title="bbox 672 3222 1832 3311; baseline -0.001 -21"><span class='ocrx_word' id='word_1_168' title='bbox 672 3223 795 3290; x_wconf 92' lang='lat' dir='ltr'><strong>domiui</strong></span> <span class='ocrx_word' id='word_1_169' title='bbox 814 3222 877 3290; x_wconf 87' lang='lat' dir='ltr'><strong>Dei</strong></span> <span class='ocrx_word' id='word_1_170' title='bbox 899 3228 933 3289; x_wconf 88' lang='lat' dir='ltr'><strong>et</strong></span> <span class='ocrx_word' id='word_1_171' title='bbox 952 3242 1027 3289; x_wconf 89' lang='lat' dir='ltr'><strong>suos</strong></span> <span class='ocrx_word' id='word_1_172' title='bbox 1047 3224 1261 3291; x_wconf 89' lang='lat' dir='ltr'><strong>omnimodam</strong></span> <span class='ocrx_word' id='word_1_173' title='bbox 1276 3223 1504 3311; x_wconf 62' lang='lat' dir='ltr'><strong>pollicitantem</strong></span> <span class='ocrx_word' id='word_1_174' title='bbox 1527 3224 1832 3310; x_wconf 83' lang='lat' dir='ltr'><strong>pronunciantesqus,</strong></span> 
     </span>
     <span class='ocr_line' id='line_1_23' title="bbox 673 3337 1833 3427; baseline -0.002 -22"><span class='ocrx_word' id='word_1_175' title='bbox 673 3339 758 3425; x_wconf 88' lang='lat' dir='ltr'><strong>quod</strong></span> <span class='ocrx_word' id='word_1_176' title='bbox 784 3339 831 3405; x_wconf 93' lang='lat' dir='ltr'><strong>uil</strong></span> <span class='ocrx_word' id='word_1_177' title='bbox 857 3338 945 3405; x_wconf 88' lang='lat' dir='ltr'><strong>aliud</strong></span> <span class='ocrx_word' id='word_1_178' title='bbox 971 3337 1108 3426; x_wconf 80' lang='lat' dir='ltr'><strong>perfidos</strong></span> <span class='ocrx_word' id='word_1_179' title='bbox 1138 3346 1170 3407; x_wconf 90' lang='lat' dir='ltr'><strong>et</strong></span> <span class='ocrx_word' id='word_1_180' title='bbox 1196 3338 1430 3407; x_wconf 87' lang='lat' dir='ltr'><strong>infidelissimos</strong></span> <span class='ocrx_word' id='word_1_181' title='bbox 1455 3340 1542 3426; x_wconf 89' lang='lat' dir='ltr'><strong>ipsos</strong></span> <span class='ocrx_word' id='word_1_182' title='bbox 1564 3340 1628 3407; x_wconf 89' lang='lat' dir='ltr'><strong>uisi</strong></span> <span class='ocrx_word' id='word_1_183' title='bbox 1648 3338 1741 3407; x_wconf 88' lang='lat' dir='ltr'><strong>labor</strong></span> <span class='ocrx_word' id='word_1_184' title='bbox 1761 3360 1833 3427; x_wconf 85' lang='lat' dir='ltr'><strong>pena</strong></span> 
     </span>
     <span class='ocr_line' id='line_1_24' title="bbox 672 3455 1832 3543; baseline -0.002 -20"><span class='ocrx_word' id='word_1_185' title='bbox 672 3460 706 3523; x_wconf 88' lang='lat' dir='ltr'><strong>at</strong></span> <span class='ocrx_word' id='word_1_186' title='bbox 726 3475 882 3543; x_wconf 91' lang='lat' dir='ltr'><strong>erumpua</strong></span> <span class='ocrx_word' id='word_1_187' title='bbox 903 3461 997 3540; x_wconf 86' lang='lat' dir='ltr'><strong>atque</strong></span> <span class='ocrx_word' id='word_1_188' title='bbox 1019 3456 1161 3522; x_wconf 84' lang='lat' dir='ltr'><strong>confusio</strong></span> <span class='ocrx_word' id='word_1_189' title='bbox 1183 3461 1336 3539; x_wconf 87' lang='lat' dir='ltr'><strong>maneret,</strong></span> <span class='ocrx_word' id='word_1_190' title='bbox 1360 3456 1509 3541; x_wconf 90' lang='lat' dir='ltr'><strong>quoniam</strong></span> <span class='ocrx_word' id='word_1_191' title='bbox 1524 3455 1584 3523; x_wconf 90' lang='lat' dir='ltr'><strong>hac</strong></span> <span class='ocrx_word' id='word_1_192' title='bbox 1600 3455 1733 3523; x_wconf 80' lang='lat' dir='ltr'><strong>infanda</strong></span> <span class='ocrx_word' id='word_1_193' title='bbox 1746 3462 1832 3524; x_wconf 68' lang='lat' dir='ltr'><strong>mma</strong></span> 
     </span>
     <span class='ocr_line' id='line_1_25' title="bbox 671 3570 1831 3658; baseline -0.002 -19"><span class='ocrx_word' id='word_1_194' title='bbox 671 3572 767 3639; x_wconf 85' lang='lat' dir='ltr'><strong>ritate</strong></span> <span class='ocrx_word' id='word_1_195' title='bbox 787 3592 853 3638; x_wconf 89' lang='lat' dir='ltr'><strong>non</strong></span> <span class='ocrx_word' id='word_1_196' title='bbox 874 3570 977 3639; x_wconf 91' lang='lat' dir='ltr'><strong>solum</strong></span> <span class='ocrx_word' id='word_1_197' title='bbox 991 3570 1223 3656; x_wconf 75' lang='lat' dir='ltr'><strong>Maguutinum,</strong></span> <span class='ocrx_word' id='word_1_198' title='bbox 1246 3591 1357 3639; x_wconf 87' lang='lat' dir='ltr'><strong>vorum</strong></span> <span class='ocrx_word' id='word_1_199' title='bbox 1379 3573 1475 3639; x_wconf 91' lang='lat' dir='ltr'><strong>stiam</strong></span> <span class='ocrx_word' id='word_1_200' title='bbox 1497 3572 1531 3637; x_wconf 91' lang='lat' dir='ltr'><strong>iu</strong></span> <span class='ocrx_word' id='word_1_201' title='bbox 1552 3572 1624 3658; x_wconf 89' lang='lat' dir='ltr'><strong>ipso</strong></span> <span class='ocrx_word' id='word_1_202' title='bbox 1644 3576 1750 3639; x_wconf 90' lang='lat' dir='ltr'><strong>totum</strong></span> <span class='ocrx_word' id='word_1_203' title='bbox 1769 3592 1831 3638; x_wconf 84' lang='lat' dir='ltr'><strong>ocu</strong></span> 
     </span>
     <span class='ocr_line' id='line_1_26' title="bbox 671 3687 1829 3775; baseline 0.001 -20"><span class='ocrx_word' id='word_1_204' title='bbox 671 3688 844 3756; x_wconf 75' lang='lat' dir='ltr'><strong>cussmsem</strong></span> <span class='ocrx_word' id='word_1_205' title='bbox 876 3698 930 3755; x_wconf 89' lang='lat' dir='ltr'><strong>ac·</strong></span> <span class='ocrx_word' id='word_1_206' title='bbox 956 3688 1140 3775; x_wconf 81' lang='lat' dir='ltr'><strong>turbassent</strong></span> <span class='ocrx_word' id='word_1_207' title='bbox 1170 3688 1350 3775; x_wconf 89' lang='lat' dir='ltr'><strong>imperium.</strong></span> <span class='ocrx_word' id='word_1_208' title='bbox 1444 3687 1515 3755; x_wconf 88' lang='lat' dir='ltr'><strong>Hiie</strong></span> <span class='ocrx_word' id='word_1_209' title='bbox 1546 3708 1620 3772; x_wconf 81' lang='lat' dir='ltr'><strong>ergo</strong></span> <span class='ocrx_word' id='word_1_210' title='bbox 1652 3687 1829 3771; x_wconf 86' lang='lat' dir='ltr'><strong>litterarum,</strong></span> 
     </span>
     <span class='ocr_line' id='line_1_27' title="bbox 671 3803 1828 3891; baseline -0.001 -21"><span class='ocrx_word' id='word_1_211' title='bbox 671 3804 763 3891; x_wconf 88' lang='lat' dir='ltr'><strong>quasi</strong></span> <span class='ocrx_word' id='word_1_212' title='bbox 789 3803 873 3871; x_wconf 90' lang='lat' dir='ltr'><strong>ultro</strong></span> <span class='ocrx_word' id='word_1_213' title='bbox 900 3824 936 3872; x_wconf 88' lang='lat' dir='ltr'><strong>ss</strong></span> <span class='ocrx_word' id='word_1_214' title='bbox 962 3804 1161 3889; x_wconf 80' lang='lat' dir='ltr'><strong>ingerentis‘,</strong></span> <span class='ocrx_word' id='word_1_215' title='bbox 1189 3804 1321 3871; x_wconf 86' lang='lat' dir='ltr'><strong>victorie</strong></span> <span class='ocrx_word' id='word_1_216' title='bbox 1348 3805 1505 3891; x_wconf 87' lang='lat' dir='ltr'><strong>perceptis</strong></span> <span class='ocrx_word' id='word_1_217' title='bbox 1532 3804 1690 3891; x_wconf 90' lang='lat' dir='ltr'><strong>trcpbsis,</strong></span> <span class='ocrx_word' id='word_1_218' title='bbox 1723 3805 1828 3873; x_wconf 89' lang='lat' dir='ltr'><strong>aiebat:</strong></span> 
     </span>
     <span class='ocr_line' id='line_1_28' title="bbox 670 3920 1828 4009; baseline -0.003 -21"><span class='ocrx_word' id='word_1_219' title='bbox 670 3920 831 3988; x_wconf 72' lang='lat' dir='ltr'><strong>Deoniana</strong></span> <span class='ocrx_word' id='word_1_220' title='bbox 853 3922 943 3987; x_wconf 82' lang='lat' dir='ltr'><strong>Deua</strong></span> <span class='ocrx_word' id='word_1_221' title='bbox 970 3920 1075 4006; x_wconf 88' lang='lat' dir='ltr'><strong>iuquit</strong></span> <span class='ocrx_word' id='word_1_222' title='bbox 1103 3926 1161 4009; x_wconf 84' lang='lat' dir='ltr'><strong>qui</strong></span> <span class='ocrx_word' id='word_1_223' title='bbox 1186 3934 1231 3987; x_wconf 82' lang='lat' dir='ltr'><strong>eat</strong></span> <span class='ocrx_word' id='word_1_224' title='bbox 1253 3922 1402 3987; x_wconf 70' lang='lat' dir='ltr'><strong>tumbalis</strong></span> <span class='ocrx_word' id='word_1_225' title='bbox 1423 3926 1459 3987; x_wconf 82' lang='lat' dir='ltr'><strong>iu</strong></span> <span class='ocrx_word' id='word_1_226' title='bbox 1482 3922 1621 3987; x_wconf 58' lang='lat' dir='ltr'><strong>emmau</strong></span> <span class='ocrx_word' id='word_1_227' title='bbox 1644 3944 1741 4009; x_wconf 79' lang='lat' dir='ltr'><strong>saper</strong></span> <span class='ocrx_word' id='word_1_228' title='bbox 1752 3921 1828 4005; x_wconf 79' lang='lat' dir='ltr'><strong>filios</strong></span> 
     </span>
     <span class='ocr_line' id='line_1_29' title="bbox 670 4031 1827 4125; baseline -0.001 -24"><span class='ocrx_word' id='word_1_229' title='bbox 670 4031 859 4118; x_wconf 63' lang='lat' dir='ltr'><strong>comm,</strong></span> <span class='ocrx_word' id='word_1_230' title='bbox 883 4039 989 4103; x_wconf 81' lang='lat' dir='ltr'><strong>es&#39;dect</strong></span> <span class='ocrx_word' id='word_1_231' title='bbox 1010 4051 1040 4103; x_wconf 79' lang='lat' dir='ltr'><strong>et</strong></span> <span class='ocrx_word' id='word_1_232' title='bbox 1060 4040 1219 4105; x_wconf 57' lang='lat' dir='ltr'><strong>deamat</strong></span> <span class='ocrx_word' id='word_1_233' title='bbox 1241 4060 1369 4103; x_wconf 78' lang='lat' dir='ltr'><strong>ocaeano</strong></span> <span class='ocrx_word' id='word_1_234' title='bbox 1388 4060 1508 4114; x_wconf 67' lang='lat' dir='ltr'><strong>oneum</strong></span> <span class='ocrx_word' id='word_1_235' title='bbox 1531 4040 1683 4125; x_wconf 77' lang='lat' dir='ltr'><strong>qouniam</strong></span> <span class='ocrx_word' id='word_1_236' title='bbox 1698 4040 1827 4124; x_wconf 75' lang='lat' dir='ltr'><strong>prnutet</strong></span> 
     </span>
     <span class='ocr_line' id='line_1_30' title="bbox 670 4148 1823 4241; baseline -0.002 -22"><span class='ocrx_word' id='word_1_237' title='bbox 670 4174 862 4240; x_wconf 80' lang='lat' dir='ltr'><strong>auperuccae</strong></span> <span class='ocrx_word' id='word_1_238' title='bbox 883 4154 1152 4241; x_wconf 72' lang='lat' dir='ltr'><strong>eaprobruccruut</strong></span> <span class='ocrx_word' id='word_1_239' title='bbox 1174 4157 1315 4221; x_wconf 80' lang='lat' dir='ltr'><strong>unimam</strong></span> <span class='ocrx_word' id='word_1_240' title='bbox 1336 4148 1466 4235; x_wconf 76' lang='lat' dir='ltr'><strong>oseum&#39;,</strong></span> <span class='ocrx_word' id='word_1_241' title='bbox 1491 4167 1520 4220; x_wconf 82' lang='lat' dir='ltr'><strong>et</strong></span> <span class='ocrx_word' id='word_1_242' title='bbox 1541 4154 1683 4219; x_wconf 70' lang='lat' dir='ltr'><strong>emoto</strong></span> <span class='ocrx_word' id='word_1_243' title='bbox 1696 4154 1823 4219; x_wconf 65' lang='lat' dir='ltr'><strong>smus</strong></span> 
     </span>
    </p>
   </div>
   <div class='ocr_carea' id='block_1_5' title="bbox 669 4268 1822 4473">
    <p class='ocr_par' dir='ltr' id='par_1_6' title="bbox 669 4268 1822 4473">
     <span class='ocr_line' id='line_1_31' title="bbox 670 4268 1822 4359; baseline -0.003 -24"><span class='ocrx_word' id='word_1_244' title='bbox 670 4292 756 4335; x_wconf 84' lang='lat' dir='ltr'><strong>mam</strong></span> <span class='ocrx_word' id='word_1_245' title='bbox 777 4269 914 4335; x_wconf 79' lang='lat' dir='ltr'><strong>Domini</strong></span> <span class='ocrx_word' id='word_1_246' title='bbox 935 4282 965 4337; x_wconf 81' lang='lat' dir='ltr'><strong>et</strong></span> <span class='ocrx_word' id='word_1_247' title='bbox 987 4281 1200 4336; x_wconf 69' lang='lat' dir='ltr'><strong>uelamentum</strong></span> <span class='ocrx_word' id='word_1_248' title='bbox 1223 4274 1288 4337; x_wconf 81' lang='lat' dir='ltr'><strong>eiua</strong></span> <span class='ocrx_word' id='word_1_249' title='bbox 1310 4272 1498 4359; x_wconf 73' lang='lat' dir='ltr'><strong>polluerunt.</strong></span> <span class='ocrx_word' id='word_1_250' title='bbox 1533 4270 1638 4351; x_wconf 73' lang='lat' dir='ltr'><strong>Dm,</strong></span> <span class='ocrx_word' id='word_1_251' title='bbox 1667 4273 1725 4359; x_wconf 76' lang='lat' dir='ltr'><strong>qai</strong></span> <span class='ocrx_word' id='word_1_252' title='bbox 1743 4268 1822 4335; x_wconf 70' lang='lat' dir='ltr'><strong>dbo-</strong></span> 
     </span>
     <span class='ocr_line' id='line_1_32' title="bbox 669 4384 1821 4473; baseline 0.001 -22"><span class='ocrx_word' id='word_1_253' title='bbox 669 4389 778 4473; x_wconf 82' lang='lat' dir='ltr'><strong>pcoit⁸</strong></span> <span class='ocrx_word' id='word_1_254' title='bbox 799 4386 966 4452; x_wconf 55' lang='lat' dir='ltr'><strong>uenalium</strong></span> <span class='ocrx_word' id='word_1_255' title='bbox 992 4386 1154 4471; x_wconf 82' lang='lat' dir='ltr'><strong>Acbitofet</strong></span> <span class='ocrx_word' id='word_1_256' title='bbox 1182 4387 1332 4452; x_wconf 60' lang='lat' dir='ltr'><strong>meeum</strong></span> <span class='ocrx_word' id='word_1_257' title='bbox 1360 4386 1487 4467; x_wconf 81' lang='lat' dir='ltr'><strong>Dauid,</strong></span> <span class='ocrx_word' id='word_1_258' title='bbox 1516 4388 1647 4473; x_wconf 64' lang='lat' dir='ltr'><strong>libabat</strong></span> <span class='ocrx_word' id='word_1_259' title='bbox 1676 4384 1821 4452; x_wconf 61' lang='lat' dir='ltr'><strong>conabam</strong></span> 
     </span>
    </p>
   </div>
   <div class='ocr_carea' id='block_1_6' title="bbox 670 4500 1819 4569">
    <p class='ocr_par' dir='ltr' id='par_1_7' title="bbox 670 4500 1819 4569">
     <span class='ocr_line' id='line_1_33' title="bbox 670 4500 1819 4569; baseline -0.001 0"><span class='ocrx_word' id='word_1_260' title='bbox 670 4524 779 4569; x_wconf 73' lang='lat' dir='ltr'><strong>cotum</strong></span> <span class='ocrx_word' id='word_1_261' title='bbox 799 4504 967 4568; x_wconf 64' lang='lat' dir='ltr'><strong>demeum</strong></span> <span class='ocrx_word' id='word_1_262' title='bbox 987 4524 1039 4567; x_wconf 85' lang='lat' dir='ltr'><strong>me</strong></span> <span class='ocrx_word' id='word_1_263' title='bbox 1059 4515 1090 4569; x_wconf 82' lang='lat' dir='ltr'><strong>at</strong></span> <span class='ocrx_word' id='word_1_264' title='bbox 1109 4502 1223 4569; x_wconf 78' lang='lat' dir='ltr'><strong>reddat</strong></span> <span class='ocrx_word' id='word_1_265' title='bbox 1244 4505 1288 4568; x_wconf 69' lang='lat' dir='ltr'><strong>aab</strong></span> <span class='ocrx_word' id='word_1_266' title='bbox 1310 4504 1480 4568; x_wconf 59' lang='lat' dir='ltr'><strong>ewardum</strong></span> <span class='ocrx_word' id='word_1_267' title='bbox 1493 4506 1562 4569; x_wconf 83' lang='lat' dir='ltr'><strong>uice</strong></span> <span class='ocrx_word' id='word_1_268' title='bbox 1575 4500 1819 4569; x_wconf 59' lang='lat' dir='ltr'><strong>emmanuet</strong></span> 
     </span>
    </p>
   </div>
   <div class='ocr_carea' id='block_1_7' title="bbox 669 4676 1817 4821">
    <p class='ocr_par' dir='ltr' id='par_1_8' title="bbox 669 4676 1817 4821">
     <span class='ocr_line' id='line_1_34' title="bbox 741 4676 1817 4739; baseline -0.003 -12"><span class='ocrx_word' id='word_1_269' title='bbox 741 4680 967 4739; x_wconf 72' lang='lat' dir='ltr'><strong>aproguostieat.</strong></span> <span class='ocrx_word' id='word_1_270' title='bbox 1043 4680 1179 4727; x_wconf 81' lang='lat' dir='ltr'><strong>bbiuul.</strong></span> <span class='ocrx_word' id='word_1_271' title='bbox 1256 4680 1500 4729; x_wconf 72' lang='lat' dir='ltr'><strong>eabaebaiouuul.</strong></span> <span class='ocrx_word' id='word_1_272' title='bbox 1577 4680 1662 4727; x_wconf 74' lang='lat' dir='ltr'><strong>dcte.</strong></span> <span class='ocrx_word' id='word_1_273' title='bbox 1733 4676 1817 4725; x_wconf 73' lang='lat' dir='ltr'><strong>asti»</strong></span> 
     </span>
     <span class='ocr_line' id='line_1_35' title="bbox 669 4759 1168 4821; baseline 0 -14"><span class='ocrx_word' id='word_1_274' title='bbox 669 4759 874 4819; x_wconf 67' lang='lat' dir='ltr'><strong>tiuaarsuteal.</strong></span> <span class='ocrx_word' id='word_1_275' title='bbox 949 4759 1168 4821; x_wconf 57' lang='lat' dir='ltr'><strong>adissipatm.</strong></span> 
     </span>
    </p>
   </div>
   <div class='ocr_carea' id='block_1_8' title="bbox 741 4862 1552 4935">
    <p class='ocr_par' dir='ltr' id='par_1_9' title="bbox 741 4862 1552 4935">
     <span class='ocr_line' id='line_1_36' title="bbox 741 4862 1552 4935; baseline 0.004 -19"><span class='ocrx_word' id='word_1_276' title='bbox 741 4865 766 4918; x_wconf 94' lang='lat'><strong>1.</strong></span> <span class='ocrx_word' id='word_1_277' title='bbox 792 4864 863 4919; x_wconf 80' lang='lat'>1160</span> <span class='ocrx_word' id='word_1_278' title='bbox 879 4864 937 4920; x_wconf 81' lang='lat' dir='ltr'><strong>lan</strong></span> <span class='ocrx_word' id='word_1_279' title='bbox 951 4865 994 4919; x_wconf 85' lang='lat'><strong>13.</strong></span> <span class='ocrx_word' id='word_1_280' title='bbox 1084 4864 1109 4918; x_wconf 81' lang='grc'><strong>2.</strong></span> <span class='ocrx_word' id='word_1_281' title='bbox 1133 4864 1178 4921; x_wconf 91' lang='lat' dir='ltr'><strong>Ps.</strong></span> <span class='ocrx_word' id='word_1_282' title='bbox 1191 4865 1234 4935; x_wconf 79' lang='lat'><strong>65,</strong></span> <span class='ocrx_word' id='word_1_283' title='bbox 1247 4866 1273 4920; x_wconf 89' lang='lat'><strong>5.</strong></span> <span class='ocrx_word' id='word_1_284' title='bbox 1362 4866 1389 4919; x_wconf 91' lang='grc'><strong>3.</strong></span> <span class='ocrx_word' id='word_1_285' title='bbox 1413 4864 1458 4919; x_wconf 88' lang='lat' dir='ltr'><strong>Pa.</strong></span> <span class='ocrx_word' id='word_1_286' title='bbox 1471 4864 1514 4934; x_wconf 77' lang='lat'><strong>³4,</strong></span> <span class='ocrx_word' id='word_1_287' title='bbox 1527 4862 1552 4920; x_wconf 87' lang='lat' dir='ltr'><strong>l.</strong></span> 
     </span>
    </p>
   </div>
   <div class='ocr_carea' id='block_1_9' title="bbox 0 0 2176 6034">
    <p class='ocr_par' dir='ltr' id='par_1_10' title="bbox 0 0 2176 6034">
     <span class='ocr_line' id='line_1_37' title="bbox 0 0 2176 6034; baseline 0 2"><span class='ocrx_word' id='word_1_288' title='bbox 0 0 2176 6034; x_wconf 95' lang='lat' dir='ltr'><strong> </strong></span> 
     </span>
    </p>
   </div>
  </div>
 </body>
</html>
