4342 6034
660 764 727 831 640
862 784 944 831 mun
966 782 1121 831 asuonnr
1143 782 1405 831 naonmsrscorr
1427 783 1625 831 nodosum

570 933 640 1053 1339
659 929 693 991 st
712 926 789 1009 quia
807 924 1038 993 aiiamilisrior
1052 930 1132 991 orat.
1164 923 1208 993 Et
1223 944 1314 991 suum
1329 923 1512 1011 hospitium,
1535 925 1640 993 medio
1655 924 1689 991 in
1701 924 1817 1011 publico

658 1060 716 1132 pro
745 1041 845 1127 ipsius
873 1040 984 1127 oppidi
1009 1039 1130 1107 foribus
1158 1041 1455 1125 magnonecurte·
1485 1040 1599 1108 robore
1626 1046 1761 1127 septum,
1790 1048 1821 1107 et

657 1155 869 1223 multitudinis
897 1161 967 1223 erat
988 1156 1135 1241 capacius
1158 1161 1206 1239 et,
1237 1156 1270 1221 in
1293 1156 1457 1223 cuiusdam
1480 1156 1556 1223 valli
1579 1158 1747 1223 eminentia
1765 1176 1822 1243 pa-

657 1270 743 1337 tnlab
765 1272 936 1355 consitum,
959 1271 1094 1339 liberum
1117 1271 1317 1339 cernentibus
1338 1272 1575 1359 longioremque
1597 1274 1714 1359 passim
1735 1271 1824 1359 polli-

658 1386 787 1453 cebatur
808 1387 970 1453 intuitum.

748 1503 851 1569 Tanta
871 1508 978 1569 autem
999 1503 1048 1569 ris
1070 1502 1187 1586 algoris
1210 1503 1370 1586 regionem
1394 1504 1481 1571 illam
1506 1509 1538 1571 et
1560 1523 1687 1571 omnem
1702 1502 1827 1569 meridi-

658 1638 752 1685 anam
774 1620 902 1707 plagam
924 1639 963 1685 ea
983 1624 1172 1705 tempestato
1195 1626 1434 1705 compresserat,
1457 1625 1494 1685 ut
1515 1625 1549 1687 ot
1569 1640 1667 1705 aqua,
1690 1620 1724 1685 in
1746 1624 1828 1685 terre

658 1734 827 1802 duritatem
855 1741 980 1819 coacta,
1009 1734 1163 1801 solidum⁶
1187 1734 1306 1821 plantis
1328 1736 1389 1802 iter
1411 1735 1574 1823 prebuerit
1594 1772 1637 1783 -·-
1658 1735 1742 1821 quod
1764 1734 1828 1801 illic

657 1856 891 1919 monstruosum
913 1856 963 1918 ost
979 1886 1019 1897 -
1036 1857 1079 1934 et,
1102 1870 1208 1917 rerum
1231 1850 1300 1934 lege
1323 1850 1473 1935 mutata⁶,
1490 1850 1713 1918 meridionales
1728 1850 1829 1917 coloni

656 1967 691 2033 in
713 1967 869 2052 aquilonis
892 1966 1019 2034 climate
1041 1986 1075 2031 se
1099 1966 1239 2033 hiemare
1260 1968 1495 2035 contenderent

745 2082 979 2170 Hospitalitatis
1007 2082 1105 2165 igitur
1138 2082 1273 2168 expletis
1303 2081 1431 2167 officiis,
1460 2082 1536 2149 dum
1565 2102 1680 2149 aurora
1708 2082 1830 2168 spurgit

656 2198 765 2285 polum
787 2200 942 2282 terrisque
964 2196 1121 2263 illabitur·
1144 2196 1235 2281 dies‘,
1259 2216 1354 2283 snper
1376 2199 1502 2283 negotio
1526 2198 1633 2265 domni
1653 2197 1830 2281 Maguntini

656 2314 815 2400 principes
842 2318 1056 2380 convenerunt
1081 2313 1117 2379 in
1139 2334 1252 2395 unum3
1284 2313 1416 2399 quilibet
1443 2314 1543 2399 ipsius
1571 2314 1723 2381 iniuriam
1750 2321 1830 2381 tam-

657 2448 753 2514 quam
781 2448 871 2495 suam
899 2430 1048 2515 prosequi
1075 2429 1216 2515 cupiens.
1257 2429 1320 2497 Sed
1349 2429 1521 2497 obsidionis
1543 2429 1633 2497 labor
1656 2435 1752 2515 atque
1777 2452 1832 2496 an-

656 2546 759 2611 xietas
782 2544 903 2629 aliquot
923 2544 1093 2611 resistebat
1116 2544 1242 2626 diebus;
1265 2564 1324 2611 nec
1338 2544 1481 2612 'dabatur
1503 2546 1612 2629 otium,
1635 2552 1673 2611 ut
1695 2547 1833 2613 domnus

655 2661 829 2747 imperator
861 2661 934 2727 hnic
967 2660 1070 2726 malo⁸
1097 2660 1275 2746 imponeret
1304 2661 1445 2727 debitum
1472 2660 1576 2729 finem.
1667 2662 1734 2729 Nec
1763 2664 1833 2729 sine

655 2782 771 2861 magno
801 2778 904 2843 cordis
932 2776 1041 2843 dolore
1067 2776 1265 2843 transibanth
1293 2777 1468 2863 principes,
1498 2778 1665 2863 presertim
1694 2776 1833 2861 lingun-

655 2894 723 2959 tine
751 2892 882 2959 ecclesie
908 2893 1068 2975 homines,
1097 2896 1220 2958 tantumn
1247 2892 1405 2959 iniurium.
1441 2891 1722 2977 conquerebantur
1743 2896 1833 2961 enim

656 3008 768 3075 sedula
787 3009 976 3075 contritione
999 3008 1153 3074 altissimo
1176 3007 1259 3092 Deo,
1290 3008 1373 3094 quod
1400 3008 1616 3077 huiuscemodi
1639 3010 1834 3077 conditionis

656 3126 718 3191 siri
745 3131 813 3191 tam
839 3125 1044 3193 temerarium
1071 3130 1105 3190 et
1132 3124 1337 3191 criminosum
1366 3124 1488 3191 facinus
1516 3126 1549 3190 in
1578 3131 1645 3191 tum
1667 3126 1833 3193 excelsum

655 3242 833 3328 principem
860 3238 1123 3325 magnificumque
1153 3240 1435 3327 archiepiscopum'
1459 3246 1492 3306 et
1518 3240 1551 3307 in
1580 3246 1646 3307 tum
1668 3242 1835 3311 nobilissi-

656 3377 741 3423 mam
763 3356 871 3423 sedem
899 3360 1157 3442 attemptassent3
1187 3356 1374 3441 adicientes,
1404 3357 1505 3441 quod,
1535 3358 1563 3423 si
1585 3358 1648 3423 iam
1671 3358 1721 3424 ias
1744 3368 1836 3427 esset

656 3479 690 3541 et
714 3473 777 3539 nisi
804 3494 862 3559 per
886 3472 1112 3559 imperatorem
1140 3472 1306 3539 dumtaxat
1339 3472 1535 3557 omitterent,
1570 3474 1702 3540 dirersis
1736 3478 1835 3561 penis

656 3587 811 3672 affectosl,
839 3588 960 3672 laqueis
988 3607 1098 3654 eorum
1125 3592 1254 3671 guttura
1275 3589 1547 3673 constringerent,
1577 3596 1610 3657 et
1632 3590 1729 3657 variis
1751 3612 1834 3679 sup-

655 3704 760 3792 pliciis
782 3703 899 3788 estod,
923 3703 1122 3770 diversmum
1142 3723 1259 3787 genera
1280 3724 1434 3791 penarum
1456 3706 1683 3791 experirentur.

487 3838 646 3886 nonnus
745 3820 903 3903 Tandem,
938 3838 1010 3887 curn
1038 3819 1222 3906 sollempnis
1250 3820 1463 3887 sacratissime
1491 3822 1666 3889 nativitatis
1695 3822 1831 3891 Domini
1905 3904 1906 3921 ἢ

654 3942 743 4003 ortus
764 3940 901 4019 urgeret,
923 3940 1019 4001 nacta
1040 3936 1253 4022 oportunitate
1273 3972 1315 3983 -
1337 3938 1372 4003 in
1393 3936 1498 4003 medio
1521 3937 1652 4004 exhibiti
1674 3958 1747 4007 cnm
1773 3940 1832 4007 ob-
1905 3928 1906 3970 ³

653 4052 746 4119 ieotis
771 4051 964 4138 respondere
989 4052 1172 4135 nequirent,
1201 4070 1260 4117 neo
1288 4060 1373 4119 esset
1394 4054 1582 4120 conveniens
1605 4074 1713 4121 eorum
1736 4058 1830 4122 testi-

654 4168 811 4250 monium;
840 4173 873 4235 ot
894 4188 935 4235 ex
958 4167 1139 4253 principum
1161 4168 1319 4235 sententia
1340 4169 1452 4235 mortis
1475 4180 1580 4256 pene·
1603 4170 1706 4237 addici
1729 4192 1830 4259 super

653 4282 812 4351 horrenda
840 4304 899 4350 sna
924 4284 1162 4371 presumptione
1192 4285 1332 4351 universi
1361 4284 1576 4351 deberent-
1600 4286 1750 4353 iudicium
1780 4290 1829 4355 sic

653 4405 810 4467 mutatum
830 4404 880 4466 est
892 4400 927 4465 in
941 4400 1122 4466 consilium:
1146 4406 1182 4467 ut
1195 4400 1269 4487 ipsi,
1285 4402 1466 4467 omnimode
1480 4402 1694 4469 satisfactione
1708 4402 1828 4470 domno

654 4514 803 4603 episcopo
830 4516 866 4583 in
890 4516 1110 4583 misericordia
1137 4514 1189 4583 vel
1210 4516 1327 4585 iudicio
1349 4516 1593 4604 respondentes,
1622 4518 1703 4585 sicut
1725 4518 1827 4585 sitam

726 4744 747 4777 ι.
767 4730 876 4777 nterim
891 4732 916 4777 t.
985 4729 1009 4778 b.
1028 4730 1108 4790 patulo
1125 4732 1147 4777 1.
1222 4742 1242 4777 c.
1262 4730 1353 4777 solitum
1371 4732 1394 4777 1.
1468 4728 1491 4777 d,
1510 4730 1628 4777 immutata
1643 4733 1665 4777 2.
1736 4744 1756 4777 e.
1777 4732 1824 4777 illi-

653 4808 722 4857 tntu
736 4812 759 4857 1.
820 4810 837 4857 i.
858 4812 936 4857 Μ.
998 4822 1020 4868 g.
1040 4810 1111 4857 modo
1124 4812 1146 4857 2.
1208 4810 1231 4857 b.
1252 4811 1394 4859 husiabnnt
1409 4814 1431 4867 1,
1446 4810 1602 4867 buusiqnbnnt
1615 4812 1637 4857 b.
1696 4810 1712 4856 i.
1732 4810 1823 4869 spineo

652 4892 741 4949 punt.
818 4889 841 4935 k
861 4892 903 4937 stc.
981 4888 999 4937 i.
1018 4889 1187 4948 confringerent
1202 4891 1224 4937 l.
1301 4904 1331 4937 n.
1351 4904 1412 4951 pann
1426 4893 1449 4938 1.
