4342 6034
569 743 1258 805 wmmssno1v1nss'.sorrrsrncsr.n
1430 736 1498 803 435

337 930 374 941 -
395 893 565 981 pueritiae·
586 893 778 961 facessenteb
800 892 946 981 lascivia,
975 899 1007 961 et
1033 894 1210 981 pubertatis
1230 894 1400 964 inchoante
1422 894 1497 963 ado-

334 1010 477 1077 lescentia
500 1043 542 1057 -
565 1010 724 1079 ardentior
751 1010 859 1079 illum·
888 1010 1038 1097 ingenioli
1071 1010 1121 1075 sui
1149 1011 1295 1081 voluntas
1323 1010 1495 1095 masur,

335 1125 429 1193 ulad
448 1123 584 1193 finitima
606 1147 729 1212 quoque
751 1127 961 1209 monasteria,
987 1126 1195 1211 magisteriali
1216 1126 1361 1195 lectionis
1382 1146 1496 1214 provo·

332 1246 414 1309 catus
436 1241 580 1329 penuria,
602 1260 673 1311 cum
696 1262 850 1311 consensu
865 1247 959 1329 atque
974 1242 1104 1309 oonsilio
1120 1262 1342 1311 conservorum
1356 1241 1496 1311 fidelium

331 1357 489 1443 patrisque
510 1357 695 1425 monasterii
717 1358 907 1445 perveniret.

413 1472 554 1559 Cumque
581 1478 654 1541 roto
677 1472 772 1539 simul
794 1478 826 1541 et
847 1477 953 1542 mente
975 1472 1209 1561 Omnipotentis
1231 1474 1293 1541 sibi
1315 1472 1426 1540 adesse
1447 1473 1497 1539 in-

329 1593 484 1655 cessanter
516 1609 633 1673 magua
664 1608 794 1675 precum
828 1590 1064 1677 perseverantia
1097 1588 1281 1673 suffragium
1309 1589 1495 1677 postularet,

328 1703 461 1788 taudem,
485 1704 593 1773 divina
615 1704 744 1773 caelitus
766 1705 942 1791 inspirante
957 1705 1070 1789 gratio,
1096 1706 1136 1773 ad
1152 1705 1389 1791 monasterium,
1413 1704 1498 1791 quod

327 1839 421 1905 usque
453 1820 547 1889 hodie
574 1821 689 1887 dicitur
716 1817 922 1906 Nhutscelle¹,
951 1822 1111 1907 pervenit;
1149 1827 1181 1888 et
1207 1822 1299 1889 beate
1326 1821 1497 1889 memoriae

327 1934 567 2023 Wynberchtes⁸
590 1936 724 2021 abbatis,
747 1937 801 2023 qui
823 1936 1044 2005 venerabiliter
1065 1937 1263 2024 praedictum
1285 1937 1343 2004 sub
1358 1936 1498 2021 regulari

327 2052 492 2141 disciplina
513 2052 642 2137 regebat
663 2053 890 2121 monasterium
913 2052 1111 2139 -spiritali
1132 2052 1312 2121 litterarum
1334 2052 1498 2137 diligentia

326 2173 511 2254 provocatus
529 2168 682 2253 —elegit
702 2169 920 2253 magisterium
942 2168 1150 2255 fratrumque,
1173 2189 1280 2236 secum
1302 2168 1336 2235 in
1358 2167 1496 2235 Domino

325 2284 507 2370 viventium,
530 2284 793 2351 contubernium‘.
828 2283 877 2351 Ac
900 2284 945 2351 sic
967 2304 1129 2351 servornm
1145 2284 1207 2353 Dei
1227 2285 1353 2353 iunctus
1369 2304 1496 2351 consor-

324 2400 380 2485 tio,
411 2400 561 2467 devotum
589 2400 715 2467 domiuo
744 2400 812 2467 Deo
843 2400 1007 2467 servitium
1036 2406 1068 2467 et
1094 2400 1285 2469 laboriosam
1314 2400 1495 2485 vigiliarum

325 2516 508 2583 instantiam
529 2516 734 2603 lectionisque
758 2516 883 2583 divinae
906 2536 1035 2603 operam
1057 2516 1180 2601 ingenti
1200 2516 1414 2585 meditationis
1430 2521 1496 2583 stu·

325 2632 371 2699 dio
394 2632 555 2715 exhibuit3
579 2631 625 2699 ita
646 2637 683 2699 ut
704 2632 845 2699 maxima
867 2632 993 2699 demum
1014 2632 1246 2721 scripturarum
1261 2632 1437 2700 eruditione
1451 2668 1494 2678 —

324 2753 384 2815 tarn
406 2748 616 2833 grammmice
639 2748 716 2817 artis
739 2747 918 2833 eloquentia
941 2752 973 2814 et
995 2754 1168 2815 metrorum
1192 2747 1365 2815 medullata
1386 2749 1496 2815 iacun-

324 2864 389 2931 diae
411 2862 644 2947 modulatione,
675 2882 768 2949 quam
792 2863 888 2929 etiam
909 2862 1060 2929 historiae
1084 2863 1221 2951 simplici
1243 2864 1440 2950 expositione
1463 2868 1496 2931 et

323 2980 473 3067 spiritalis
496 2980 657 3067 tripertita
677 2978 912 3063 intellegentiae
934 2979 1196 3065 interpretatione
1218 2979 1347 3045 inbutus
1367 3013 1408 3024 —
1429 2979 1495 3045 dic-

323 3097 472 3183 tandique
494 3096 610 3183 peritia
631 3093 831 3163 laudabiliter
853 3094 975 3177 fulsit⁸;
998 3099 1034 3161 ut
1050 3096 1147 3161 etiam
1162 3096 1232 3161 aliis
1248 3095 1375 3161 demum
1389 3100 1495 3183 pater-

323 3232 429 3281 narum
457 3210 580 3277 estitith
603 3210 782 3297 pedagogus
805 3210 1011 3278 traditionum
1034 3214 1066 3277 et
1089 3216 1197 3277 auctor
1219 3210 1411 3295 magisterii,
1440 3211 1495 3297 qui

324 3334 352 3395 et
369 3326 544 3415 discipulus
566 3332 638 3393 ante
653 3326 700 3393 ea¹
717 3326 927 3395 subiectorum
945 3346 1013 3393 esse
1028 3346 1092 3393 non
1107 3326 1291 3393 recusarit&
1326 3326 1494 3405 Quoniam¹

324 3464 427 3513 sacrae
455 3464 524 3511 mos
547 3447 596 3511 est
617 3443 878 3509 conversationis:
908 3446 944 3509 ut
966 3442 1126 3531 praeferre
1148 3463 1183 3510 se
1205 3442 1319 3511 ceteris
1341 3443 1493 3531 pertime-

324 3566 401 3646 scat,
426 3560 482 3647 qui
504 3558 606 3627 subici
628 3558 698 3625 aliis
719 3558 897 3641 rennuerit3
921 3557 995 3643 quia
1017 3563 1049 3625 et
1071 3564 1157 3625 recte
1179 3558 1395 3626 oboedientiae
1418 3579 1492 3647 ope·

322 3696 388 3743 ram
415 3675 566 3745 subiectis
594 3673 765 3760 inpendere
794 3694 857 3741 uon
886 3672 1019 3758 valebit,
1054 3693 1149 3759 quam
1177 3695 1316 3762 superna
1341 3674 1492 3762 praelatis

323 3791 555 3879 dispensatione
576 3790 659 3857 iuste
681 3810 745 3857 non
768 3789 961 3857 exhibebitfl.
1000 3788 1091 3856 Hanc
1113 3791 1198 3857 enim
1218 3791 1266 3857 ita
1279 3791 1435 3876 omnibus,
1457 3792 1492 3860 iu

323 3926 485 3975 commune
512 3906 705 3991 viventibus,
735 3910 767 3973 et
794 3904 931 3971 maxime
960 3926 1015 3972 suo
1039 3942 1081 3952 -
1106 3906 1165 3973 sub
1187 3906 1326 3991 regulari
1347 3907 1493 3975 videlicet

323 4022 554 4111 disciplina-
578 4021 684 4089 abbati
711 4020 895 4087 monachica
922 4021 1065 4088 subditus
1089 4022 1289 4088 oboedientia
1310 4022 1491 4109 praebebat,

323 4144 357 4205 ut
382 4138 491 4206 labore
519 4158 669 4205 manuum
698 4137 868 4205 cottidiano
892 4141 924 4203 et
946 4136 1136 4223 disciplinali
1159 4137 1333 4205 officiorum
1356 4139 1490 4205 admini-

323 4256 471 4321 stratione
497 4253 692 4321 incessanter
720 4253 891 4319 secundum
921 4252 1119 4339 praefinitam
1142 4253 1245 4320 beati·
1266 4255 1368 4343 patris
1389 4254 1490 4321 Bene-

391 4401 412 4435 r.
432 4386 531 4449 pueritia
552 4403 610 4433 sorr.
625 4389 649 4433 ia
663 4386 776 4447 pueritiae
792 4390 823 4443 ἢ
838 4386 948 4446 pueritiae
964 4391 993 4443 A,
1009 4390 1038 4435 B.
1115 4385 1138 4433 b.
1157 4385 1285 4433 ircmssnte
1300 4390 1327 4444 F,
1342 4390 1372 4443 B,
1392 4405 1450 4435 corr.
1466 4391 1488 4435 tn

323 4464 446 4514 muenia
461 4470 489 4514 A.
562 4478 581 4512 o.
603 4466 703 4513 udentia
720 4470 796 4525 Apro
812 4464 927 4511 ardentior
942 4465 1013 4512 illum.
1084 4465 1107 4511 d.
1130 4465 1264 4511 manderet
1277 4469 1306 4513 A.
1376 4480 1397 4513 e.
1418 4466 1488 4527 Wyn·

323 4542 652 4603 assumendorum
713 4544 730 4592 i.
750 4542 897 4592 contubernii
907 4546 933 4601 F,
949 4544 1098 4591 contubernia
1109 4548 1137 4601 A,
1153 4545 1302 4592 contubernii
1311 4548 1339 4593 B.
1401 4558 1423 4605 g.
1443 4547 1488 4593 iul·

324 4625 377 4671 serit
391 4628 420 4673 A.
511 4622 535 4671 h.
556 4624 630 4673 extitit
645 4626 671 4681 F,
688 4626 719 4682 B,
741 4622 841 4671 ertitmit
855 4626 883 4671 A.
980 4624 996 4671 i.
1018 4626 1085 4671 sums
1099 4628 1133 4682 A,
1149 4626 1178 4671 B.
1276 4624 1299 4671 k.
1320 4626 1447 4673 recusauit
1462 4628 1487 4673 F.

325 4701 339 4748 Ι.
360 4705 413 4763 qula
424 4708 454 4783 A,
469 4706 498 4752 B.
575 4716 605 4750 m.
626 4702 747 4751 exhibebat
760 4706 789 4750 B.
866 4718 889 4750 n.
909 4702 1034 4751 beatissimi
1050 4707 1120 4763 atque
1134 4704 1211 4750 exind
1226 4706 1254 4751 B.

391 4792 416 4845 1.
440 4788 614 4858 Nutshalling
631 4804 653 4846 s.
671 4788 809 4859 Nnrsdng,
828 4789 1000 4846 aWintonia
1015 4789 1087 4844 inter
1104 4790 1273 4845 occidentem
1290 4795 1320 4845 et
1337 4789 1485 4861 meridiem,

326 4876 554 4950 sSoutbnmpton
570 4879 641 4934 inter
659 4878 829 4935 occidentem
848 4884 878 4933 et
894 4878 1102 4948 septentriones.
1459 4874 1463 4884 '

1211 4974 1273 5031 28·
