4342 6034
630 697 694 766 152
855 715 882 763 s.
900 717 1076 764 sourssrn
1098 717 1142 764 nr
1164 716 1267 764 cucur
1289 715 1476 764 nrmuonsn
1498 715 1537 762 or.
1552 716 1583 762 or

539 867 591 922 uto
718 857 787 924 Tua
809 862 915 924 autern
937 857 1131 942 reverentia,
1162 863 1198 924 ut
1226 857 1399 924 auxiliante
1422 857 1559 924 Domino
1588 859 1707 945 coepit,
1736 859 1804 927 vice

521 939 608 988 Μ
627 979 739 1040 nostra
760 973 906 1039 volumus
928 978 966 1040 nt
988 975 1074 1040 omni
1097 994 1179 1040 anno
1203 979 1278 1061 apto
1301 979 1445 1060 ternpore
1467 974 1500 1040 in
1515 971 1709 1040 Francorum
1730 995 1805 1061 pro-

628 1091 733 1156 vincia
750 1089 917 1156 concilium
933 1089 1047 1155 debeat
1062 1089 1235 1157 celebrare:
1260 1095 1305 1172 nt,
1329 1089 1508 1174 frequentia
1521 1090 1722 1157 sacerdotum
1738 1092 1805 1158 sire

627 1205 800 1272 institutis·
823 1225 984 1272 sacrorum
1007 1225 1163 1272 canonum
1181 1205 1404 1290 mediantibus,
1426 1204 1521 1272 illueb
1539 1207 1614 1291 quid
1635 1207 1804 1274 adversum

627 1322 715 1388 nullo
745 1322 838 1388 modo
862 1321 967 1388 valeat
989 1321 1160 1408 pullulare;
1195 1323 1249 1388 sed
1272 1323 1390 1406 magis,
1422 1322 1591 1390 aecclesiae
1613 1321 1675 1388 Dei
1697 1323 1805 1390 unitas

628 1444 661 1504 et
689 1437 858 1524 disciplina
884 1437 1039 1504 catholica
1062 1443 1156 1522 atque
1180 1437 1354 1524 apostolica
1376 1438 1493 1523 ubique
1515 1439 1550 1504 in
1572 1437 1635 1526 illis
1658 1439 1804 1525 partibus

629 1554 771 1638 dilatata,
794 1559 925 1621 cunone
947 1553 1137 1640 populorum
1166 1553 1278 1620 turbae
1306 1555 1403 1621 etiam
1430 1555 1465 1620 in
1493 1554 1630 1630 occiduis
1658 1555 1804 1641 partibus

628 1671 697 1738 veri
719 1670 866 1738 catholici
889 1691 958 1738 csse
980 1671 1107 1755 possint
1129 1673 1161 1736 et
1182 1689 1247 1736 non
1270 1669 1417 1756 amplius,
1440 1669 1609 1756 perfalsus
1625 1671 1805 1739 sacerdotes

628 1787 787 1854 amoribus
809 1786 954 1868 inuoluti,
978 1786 1202 1869 demergantur
1225 1787 1258 1851 in
1281 1785 1454 1853 interitum.
1493 1785 1578 1852 Dum
1601 1807 1676 1852 vero
1700 1788 1805 1855 conci·

627 1903 707 1970 lium
735 1902 974 1986 aggregaveris,
1004 1902 1050 1968 sic
1076 1908 1134 1968 tua
1160 1902 1342 1968 fraternitas
1372 1901 1552 1969 conflictum
1586 1903 1703 1970 habeat
1732 1923 1803 1972 oum

628 2019 892 2106 metropolitanis,
916 2038 995 2102 quos
1018 2017 1283 2103 confirmavimus,
1308 2019 1347 2086 de
1371 2039 1408 2085 eo
1432 2019 1515 2103 quod
1538 2018 1657 2103 dixisti,
1681 2025 1720 2086 ut
1734 2019 1803 2087 nul·

628 2136 680 2202 lus
708 2136 777 2202 sine
804 2134 1074 2202 commendaticiis
1103 2135 1294 2222 suscipiatur
1317 2134 1468 2221 epistolis.
1520 2185 1522 2188 -
1561 2135 1741 2202 Tamen-
1773 2141 1804 2204 et

629 2271 688 2339 pro
715 2251 775 2318 boo
802 2251 872 2337 ipso
902 2255 935 2316 ct
961 2271 1019 2337 pro
1046 2251 1191 2318 omnibus
1215 2287 1256 2298 -
1282 2250 1475 2318 Francorum
1497 2251 1694 2339 principibus
1719 2273 1803 2320 com·

629 2368 814 2435 monitionis
837 2365 1010 2432 direximus
1032 2365 1171 2450 litteras,
1194 2372 1230 2433 ut
1251 2369 1315 2434 iam
1338 2368 1483 2456 superius
1505 2368 1564 2434 fati
1586 2375 1709 2436 snmus(

718 2483 767 2551 De
790 2483 918 2549 civitate
939 2502 1076 2568 namque
1098 2483 1170 2566 illa,
1200 2503 1280 2569 quae
1307 2503 1408 2570 nuper
1430 2483 1610 2571 Agrippina
1634 2483 1804 2552 uocabatur

629 2619 714 2667 nuno
740 2619 815 2666 vero
844 2597 990 2681 (telonia,
1026 2598 1116 2665 iuxta
1150 2600 1334 2685 petitionem
1362 2599 1555 2668 Francorum
1589 2619 1646 2687 per
1675 2606 1803 2668 nostrae

631 2715 830 2784 auctoritatis
852 2719 1057 2801 praeceptum
1080 2715 1278 2782 nominituo
1301 2715 1501 2802 metropolim
1531 2713 1801 2799 confirmavimus3

630 2839 663 2900 et
684 2839 758 2898 tuae
780 2831 942 2898 sanctitati
964 2830 1138 2898 direximus
1162 2852 1219 2918 pro
1239 2832 1354 2898 futuris
1370 2831 1565 2917 temporibus
1581 2832 1723 2900 eiusdem
1738 2853 1803 2901 me·

629 2948 840 3034 tropolitanae
863 2947 1033 3014 aecclesiae
1056 2947 1271 3016 stabilitatem.
1318 2947 1404 3014 Deus
1428 2954 1459 3015 te
1482 2947 1669 3016 incolomem
1699 2955 1803 3018 cusw-

631 3065 708 3150 diat,
730 3063 986 3131 reverentissime
1009 3069 1041 3129 ct
1063 3063 1261 3130 sanctissime
1284 3063 1390 3130 frater.
1437 3064 1522 3132 Data
1544 3064 1663 3151 pridie⁰
1686 3063 1804 3132 Kalen·

631 3182 688 3247 das
710 3178 912 3262 Nouembris,
936 3179 1112 3264 imperante
1135 3179 1250 3245 domno
1272 3179 1416 3266 piissimo
1440 3186 1572 3264 augusto
1596 3179 1804 3250 Constantino

631 3296 741 3362 aDeo
764 3299 912 3363 coronato
935 3314 1049 3377 magno
1071 3295 1263 3382 imperatore
1286 3315 1368 3362 anno
1393 3298 1433 3362 ii
1445 3293 1462 3380 ¹,
1490 3301 1564 3383 post
1585 3295 1804 3364 consulatum¹¹

629 3413 698 3480 eius
722 3431 803 3478 anno
827 3413 864 3496 5,
887 3411 1058 3478 indictione
1085 3414 1134 3478 14.

633 3598 694 3670 52.
720 3601 900 3666 Zachariae
918 3623 1011 3686 papo
1034 3601 1222 3682 sacerdotes,
1254 3601 1394 3682 abbates,
1424 3601 1521 3666 laicos
1541 3623 1602 3688 per·
1626 3597 1752 3668 Galliae
1778 3617 1806 3668 et

719 3708 919 3773 Francorum
940 3710 1123 3793 provinces
1146 3710 1326 3773 coarctatos
1351 3707 1475 3789 modat,
1505 3709 1647 3794 quodie
1669 3711 1803 3795 syuodo,

721 3839 742 3879 c
756 3815 901 3900 Puppioo
925 3828 953 3880 et
968 3814 1178 3880 tbrlomocno
1197 3804 1376 3895 convocato,
1400 3817 1444 3880 cd
1458 3815 1621 3900 Boop‘ctii
1634 3830 1805 3902 praecepto

720 3923 895 3988 accndotee
921 3945 1085 4008 paueraoa
1114 3923 1299 4008 copularint.
1345 3923 1517 3988 Victoriam
1541 3925 1708 4010 promittit.
1753 3924 1805 3989 De

720 4031 841 4114 synodo
865 4043 941 4115 quot
962 4033 1055 4095 conio
1077 4023 1265 4094 caumont
1420 4027 1455 4110 (S
1474 4031 1547 4112 137,
1570 4025 1610 4095 W
1625 4031 1679 4113 50,
1703 4027 1732 4095 G
1747 4029 1802 4110 48)

535 4172 588 4226 745
720 4161 888 4230 Zacharias
921 4183 1007 4249 papa
1039 4163 1194 4229 universis
1224 4163 1380 4249 episcopis
1409 4161 1592 4249 presbiteris
1620 4161 1803 4230 diaconibus

507 4243 615 4303 (ml
631 4277 813 4363 abbatibus,
843 4280 963 4346 cunctis
992 4280 1089 4344 etiam
1118 4278 1247 4345 ducibus
1276 4279 1442 4346 comitibus
1470 4279 1677 4364 omnibusque
1699 4277 1802 4346 Deum

631 4394 826 4478 timentibus,
850 4415 907 4481 per
930 4393 1049 4461 Gallias
1073 4399 1105 4461 et
1126 4393 1319 4461 Francorum
1343 4396 1522 4482 provincias
1546 4395 1735 4462 constitutis.

702 4541 723 4574 a
743 4529 849 4574 instituta
865 4532 903 4581 M,
923 4547 980 4574 corr.
997 4531 1018 4574 br
1035 4528 1148 4574 institutis
1165 4529 1190 4575 C.
1284 4527 1307 4574 b.
1327 4545 1384 4574 corr.
1401 4532 1423 4574 in
1439 4529 1486 4575 illic
1504 4531 1530 4576 C.
1623 4541 1651 4574 a·
1664 4527 1753 4586 pridiae
1769 4533 1803 4576 M.

631 4589 654 4636 (l.
675 4589 722 4650 imp
735 4595 774 4647 uc·
789 4593 844 4650 pC,
860 4592 899 4636 ubi
911 4608 991 4637 manus
1005 4593 1117 4649 posterior
1132 4593 1288 4648 superscripsit
1304 4591 1393 4649 imperii
1410 4601 1456 4650 etp
1469 4593 1557 4637 deleuit.
1583 4593 1671 4650 Scrr'prsr'
1684 4591 1740 4649 post
1750 4603 1802 4637 con·

630 4651 740 4709 sulatum
755 4671 777 4699 v.
793 4669 863 4712 supro
877 4669 900 4712 p.
915 4654 952 4698 17.
1023 4667 1042 4698 e.
1063 4670 1093 4697 cx
1111 4656 1137 4698 M
1152 4653 1279 4708 cti-uto,
1297 4653 1435 4700 624—25.
1460 4655 1512 4700 Sine
1528 4655 1684 4708 lcmmstsms
1699 4652 1804 4712 Epistola

630 4713 752 4762 Zachariae
768 4715 797 4762 de
813 4714 909 4774 synodo,
926 4728 992 4774 quam
1008 4714 1088 4760 habuit
1104 4717 1196 4761 sanctus
1212 4714 1339 4761 Boniistiua
1355 4727 1406 4762 curu
1422 4715 1537 4775 episcopia
1553 4727 1580 4761 sc
1596 4715 1668 4762 servis
1680 4713 1733 4772 Dei,
1750 4729 1803 4762 ecn-

631 4777 743 4825 sontiente
757 4777 838 4838 Pipino
854 4779 878 4824 et
893 4777 1040 4824 carlomanno
1057 4779 1084 4824 C.

702 4855 728 4910 1.
751 4855 834 4910 immo
853 4856 896 4910 26.
986 4856 1012 4909 2.
1036 4852 1107 4908 banc
1131 4853 1274 4924 epistolam
1298 4867 1369 4909 anno
1391 4814 1443 4910 745
1466 4855 1530 4910 ciro.
1548 4853 1575 4910 d.
1595 4853 1629 4909 31
1648 4851 1723 4924 Oct,
1749 4869 1804 4911 non
