4342 6034
705 760 773 828 514
1061 777 1252 827 mnronrus
1275 780 1321 827 nn
1343 778 1371 827 s.
1387 778 1518 827 sarano

705 926 812 987 utrum
832 918 925 987 lacds
946 938 1006 986 nec
1026 939 1078 1003 ne,
1101 938 1165 987 non
1188 924 1237 987 est
1258 940 1365 987 mcum
1387 920 1535 987 iudicare.
1571 920 1682 1005 Quem,
1706 921 1776 989 dum
1789 942 1851 1008 puar

705 1056 816 1118 essem
839 1056 891 1101 me
914 1035 1031 1101 vidisse
1053 1034 1193 1101 memini.
1229 1034 1310 1101 Huic
1333 1040 1402 1101 erat
1423 1036 1631 1121 consuetudo,
1654 1056 1712 1123 par
1733 1036 1853 1104 divom
1907 1088 1908 1103 ,

704 1152 814 1233 vagari
828 1151 1007 1237 provincias
1023 1156 1055 1217 et
1069 1157 1253 1219 sanctorum
1267 1150 1427 1235 reliquias,
1444 1150 1632 1238 ubicumque
1647 1153 1759 1239 potuit,
1772 1153 1854 1219 furari
1907 1106 1908 1183 Ξ

705 1271 835 1350 questus
849 1286 954 1333 causa
978 1266 1038 1333 Hic
1053 1268 1093 1333 ad
1108 1268 1304 1354 praedictum
1320 1268 1556 1350 monasterium,
1572 1267 1657 1353 quod
1671 1264 1753 1335 inter
1763 1267 1854 1335 urban
1907 1276 1908 1279 ’

703 1380 887 1449 Ravennam
916 1388 948 1449 et
975 1381 1128 1450 Sanctum
1149 1382 1370 1470 Apollinarem
1398 1382 1495 1449 situm
1523 1404 1591 1451 esse
1619 1382 1773 1465 diximus,
1798 1402 1856 1449 con

704 1498 892 1583 quibusdam
915 1498 1008 1565 sociis
1030 1500 1127 1565 venit.
1162 1498 1270 1584 Ibique
1292 1498 1454 1581 roligionis
1477 1500 1596 1581 gratia·
1619 1498 1710 1583 quasi
1735 1500 1856 1585 peregri·

704 1633 765 1679 nus
787 1619 951 1701 susceptus
976 1619 1038 1696 est;
1062 1620 1246 1699 tantamque
1268 1614 1395 1681 illorum
1417 1614 1550 1679 hamum
1574 1618 1723 1699 expertus
1747 1620 1793 1681 est
1811 1614 1857 1679 hu

702 1730 904 1814 manitatem,
932 1735 969 1795 ut
989 1730 1164 1797 cottidiana
1184 1728 1292 1813 inibil,
1316 1730 1406 1814 quasi
1428 1748 1509 1795 uuus
1532 1750 1572 1795 ex
1594 1730 1689 1816 ipsis,
1717 1730 1858 1815 acciperet

703 1845 870 1931 stipendia
905 1844 966 1924 Qui
988 1847 1096 1929 etiam,
1120 1866 1160 1912 ue
1182 1845 1230 1912 illi
1252 1844 1365 1912 hahes
1389 1844 1510 1930 aliquid
1531 1846 1571 1911 de
1586 1866 1623 1912 eo
1639 1846 1857 1931 suspicarentur
1908 1906 1909 1923 Ξ

702 1961 883 2045 aluisum,
914 1966 1112 2027 sacramento
1135 1958 1289 2045 firmavit,
1319 1982 1353 2027 sc
1375 1979 1546 2045 numquam
1569 1960 1608 2027 de
1631 1960 1742 2027 eodem
1764 1980 1856 2027 mons
1909 1971 1910 2057 Ξ

701 2077 797 2143 sterio
821 2076 1060 2143 discessurum.
1096 2074 1256 2161 (Jamqued
1279 2082 1345 2143 tarn
1367 2076 1568 2143 familiariter
1589 2096 1626 2141 eo
1642 2076 1704 2143 loci
1720 2076 1856 2161 aliquam
1909 2082 1910 2157 Ξ

701 2191 757 2259 diu
778 2192 959 2259 conversari
981 2191 1166 2278 coepisset'¹‚
1190 2192 1295 2259 iunxit
1317 2212 1351 2259 se
1374 2191 1495 2259 custodi
1516 2191 1696 2275 aecclesiae,
1719 2192 1856 2277 eiquesa
1909 2224 1910 2227 ι

702 2306 812 2373 dulurn
835 2306 1004 2375 exhibebat
1025 2307 1221 2391 obsequium.

664 2466 668 2479 .
791 2422 929 2509 Tempus
952 2429 1058 2489 autem
1080 2428 1272 2509 oportunum
1295 2421 1335 2487 ad
1358 2421 1390 2487 id
1411 2428 1541 2507 proptor
1556 2422 1639 2507 quod
1654 2428 1784 2489 venerat
1797 2441 1855 2487 nac

702 2543 764 2620 tus,
787 2558 860 2603 ossa
881 2538 1116 2623 praedictorum
1140 2538 1262 2605 iuratus
1285 2542 1334 2605 est
1355 2542 1546 2620 sanctorum,
1571 2542 1602 2604 et
1620 2557 1692 2603 cum
1708 2538 1772 2605 suis
1788 2558 1857 2603 con-

702 2652 837 2739 plicibus
858 2652 966 2737 fugam
989 2654 1070 2719 iniit
1106 2653 1195 2732 Quod
1218 2672 1289 2719 cum
1311 2653 1425 2721 hanes
1448 2653 1691 2739 comperissent,
1720 2654 1857 2719 miserunt
1910 2642 1911 2729 Ξ

702 2768 830 2835 nuntios
853 2769 895 2835 ad
917 2771 1085 2856 optimates
1109 2769 1234 2853 Italiae,
1258 2776 1294 2835 ut
1316 2788 1424 2835 omnes
1448 2770 1551 2835 exitus
1574 2768 1697 2835 viarum
1721 2768 1760 2835 de
1781 2768 1857 2835 ltalia
1910 2776 1911 2779 ’

702 2892 980 2971 praeoccuparent
1002 2896 1060 2953 ne·
1082 2884 1256 2953 ullatenus¹
1269 2884 1343 2951 iude
1362 2884 1427 2953 labi
1448 2885 1612 2970 potuisset
1649 2885 1694 2951 At
1714 2884 1776 2968 illa,
1799 2902 1855 2950 cuu

702 3000 773 3067 loca
793 3000 856 3067 sibi
877 2999 1045 3085 effugiendi
1067 3000 1222 3084 denegata
1244 3000 1455 3085 cognovisset,
1478 3020 1536 3087 per
1558 3000 1650 3067 devia
1670 3006 1765 3068 noctu
1787 3001 1855 3067 inca·
1911 3019 1912 3093 Ξ

704 3114 781 3183 dens
804 3115 948 3183 licinum
971 3117 1073 3199 venit,
1097 3116 1203 3201 ibique
1226 3116 1386 3201 aliquanto
1408 3116 1502 3181 latuit
1522 3121 1675 3202 tempore.

633 3242 686 3297 836
792 3231 917 3299 Interea
938 3230 1161 3299 ffludowious⁸
1181 3232 1355 3317 imperator
1370 3231 1534 3315 Otgarium
1550 3230 1797 3314 Mogontieneem
1816 3250 1854 3295 ar·
1911 3236 1912 3247 ³

704 3346 939 3433 chiepiscopum
967 3352 999 3413 et
1026 3346 1125 3415 Hiltih
1154 3343 1423 3413 viridunensem¹¹
1452 3346 1623 3413 antistitem
1653 3346 1791 3433 duosque
1814 3364 1854 3411 rc

703 3462 812 3545 mites,
847 3482 980 3547 quorum
1015 3462 1095 3529 alter
1125 3461 1272 3531 Wariuus
1301 3462 1382 3529 aller
1410 3460 1580 3545 Adalgiaus
1612 3462 1795 3547 vacabatur,
1823 3458 1855 3525 ad

703 3571 943 3643 illutharinm¹²
957 3576 1057 3643 filium
1080 3598 1182 3663 suum,
1207 3579 1261 3664 qui
1277 3598 1312 3645 eo
1328 3582 1470 3665 tempore
1486 3576 1587 3643 Ticini
1602 3578 1792 3661 morabatur,
1812 3574 1855 3641 da·

704 3688 852 3759 stinarit³
873 3712 932 3779 pro
954 3713 1033 3779 pace
1054 3699 1087 3760 et
1109 3694 1257 3761 amicitiis
1279 3695 1363 3761 inter
1385 3714 1438 3761 eos
1461 3692 1672 3777 renovandis¹‚
1696 3714 1775 3779 quae
1794 3711 1854 3779 pra·

703 3828 815 3874 rorum
838 3809 1001 3875 hominum
1022 3809 1254 3878 machinatione
1276 3830 1316 3876 ex
1338 3808 1444 3894 aliqua
1464 3814 1555 3895 parte
1578 3814 1670 3875 erant
1692 3809 1834 3877 turbatae

793 3923 862 4003 Quo
894 3944 966 3991 cum
998 3926 1230 4011 pervenissent,
1265 3924 1445 4013 praedictus
1472 3924 1563 3991 Felix
1590 3944 1663 3991 cnm
1692 3930 1855 3991 sanctorum

704 4040 864 4125 reliquiis,
893 4062 971 4126 quas
992 4041 1115 4108 furatus
1137 4042 1255 4126 fuerat,
1280 4042 1320 4109 ad
1340 4040 1516 4127 hospicium
1539 4040 1662 4124 Otgarii
1684 4060 1719 4108 se
1740 4035 1855 4107 contulit

705 4163 747 4239 et,
770 4156 905 4241 qualiter
926 4157 1063 4242 lecisset,
1085 4157 1245 4224 indicavit
1280 4156 1364 4236 Quas
1379 4158 1526 4242 Otgarius
1549 4176 1621 4223 cum
1643 4156 1758 4239 gaudio
1772 4152 1854 4221 susal·

704 4272 795 4359 piens
817 4273 883 4339 suis
906 4273 1070 4339 abscondit
1091 4274 1125 4340 in
1148 4274 1272 4340 scriniis
1294 4280 1336 4357 et,
1359 4294 1399 4340 ne
1421 4274 1516 4341 alicui
1529 4273 1570 4341 ad
1584 4272 1682 4341 illas·
1696 4272 1854 4359 pateant

776 4438 798 4471 a.
817 4424 935 4483 religionis
951 4424 1082 4482 mmm
1098 4442 1118 4470 c.
1180 4424 1202 4471 b.
1223 4442 1300 4471 ιιι.
1362 4438 1382 4471 c.
1402 4438 1544 4471 normarum
1559 4424 1596 4469 ed.
1657 4424 1681 4469 d.
1702 4422 1853 4477 romam

705 4502 806 4563 cunque
819 4528 843 4535 -
856 4504 979 4563 coepisset.
1045 4519 1066 4551 a.
1081 4504 1207 4551 menaea.
1273 4502 1380 4549 bane.
1441 4516 1464 4562 g.
1479 4502 1613 4551 baioriam
1624 4503 1661 4549 ed.
1723 4496 1852 4549 ΗΜΛ·

704 4582 915 4631 nwncmemen
929 4584 966 4629 od.
1041 4582 1066 4629 k.
1084 4582 1217 4631 lotharium
1231 4584 1268 4630 ad.
1345 4582 1514 4643 hraparandir
1530 4582 1566 4629 «a
1646 4595 1675 4628 m
1695 4580 1734 4629 ills
1748 4600 1766 4627 r.

721 4716 725 4723 ·
777 4690 802 4742 1.
819 4686 1019 4743 virdunensem
1031 4687 1198 4757 episcopum,
1217 4688 1375 4743 aaa-84⁷.
1447 4688 1473 4741 2.
1491 4686 1691 4756 imperatorem.
1759 4684 1782 4740 3.
1797 4682 1851 4749 posi

705 4776 741 4831 ab
757 4776 826 4830 Dec.
842 4776 905 4831 83&
932 4775 966 4831 V.
984 4774 1126 4831 Prudentii
1143 4776 1287 4832 hiscendi
1305 4776 1417 4831 enudas
1439 4777 1507 4847 836,
1529 4776 1602 4833 lion
1615 4774 1706 4833 Germ
1719 4768 1848 4830 saram

706 4860 747 4919 cf.
765 4862 906 4919 Dammler
923 4862 1022 4919 Gesch.
1041 4864 1091 4919 des
1109 4862 1241 4921 aarum
1260 4864 1360 4920 Reichs
1371 4865 1385 4921 1
1397 4866 1449 4921 112
1467 4882 1494 4921 n.
1507 4866 1535 4920 3.
