4342 6034
509 873 604 1003 <lit

625 706 687 774 196
871 724 898 772 s.
914 722 1093 773 normann
1113 724 1159 771 nc
1180 722 1284 771 annm
1304 722 1492 773 arenosas
1514 725 1547 773 es

621 886 694 933 rum
721 884 852 951 operum
880 865 1033 951 optimam
1056 864 1191 951 adipisci
1212 864 1398 933 mercamini
1419 866 1454 933 in
1477 864 1664 933 caelestibus
1688 865 1793 948 regnis

622 981 812 1069 portionem,
836 1000 930 1065 quam
953 981 1158 1067 praeparavit
1179 980 1267 1049 Dens
1290 980 1494 1065 diligentibus
1516 1001 1561 1047 se.

712 1097 877 1163 Admoneo
905 1116 976 1181 vos,
1006 1097 1164 1165 carissimi
1185 1095 1260 1163 filii:
1289 1104 1460 1183 praecepta
1478 1097 1609 1163 Domini
1630 1094 1797 1179 custodite,

624 1218 656 1280 et
677 1212 859 1279 testimonia
881 1218 914 1279 et
935 1213 1074 1279 iustitias
1095 1213 1164 1279 cius
1179 1232 1393 1298 quascumque
1406 1213 1571 1300 praecepit
1583 1212 1689 1295 facite,
1714 1210 1798 1297 quod

624 1328 741 1396 bonum
765 1334 797 1396 et
817 1328 969 1415 placitum
993 1334 1042 1395 est
1065 1334 1139 1395 ante
1153 1328 1342 1415 Dominum,
1366 1335 1403 1395 ut
1424 1329 1505 1397 bene
1526 1330 1570 1395 sit
1590 1328 1696 1409 vobis3
1718 1326 1800 1393 nibil

625 1445 711 1511 aliud
739 1444 918 1531 credentes,
947 1445 1010 1513 nisi
1040 1445 1125 1530 quod
1146 1444 1302 1512 Dominus
1331 1446 1367 1512 in
1394 1446 1603 1514 sacrosanctis
1625 1442 1800 1527 euangeliis

623 1561 746 1628 locutus
769 1566 818 1627 est
839 1566 872 1629 et
893 1567 1075 1629 sanctorum
1098 1580 1256 1627 canonum
1278 1580 1316 1629 ac
1337 1561 1551 1649 probabilium
1565 1561 1732 1627 continent
1745 1560 1802 1626 de-

624 1682 719 1743 creta.
759 1676 830 1743 Non
853 1676 1096 1745 accommodetis
1119 1696 1212 1744 aures
1234 1677 1324 1743 falsis
1346 1677 1562 1745 sacerdotibus
1584 1682 1640 1744 aut
1659 1676 1722 1759 bis,
1746 1676 1803 1761 qui

623 1792 789 1861 mendacia
812 1792 1017 1877 adnuntiant,
1041 1794 1096 1878 qui
1118 1794 1250 1861 veniunt
1272 1793 1313 1860 ad
1334 1813 1392 1861 vos
1413 1794 1448 1859 in
1470 1794 1587 1861 vesdtr
1608 1793 1728 1877 orium,
1751 1793 1803 1858 in·

624 1914 675 1975 tus
709 1914 815 1976 autem
843 1914 917 1975 sunt
943 1908 1012 1996 lupi
1040 1930 1171 1997 rapaces
1182 1905 1199 1976 ¹.
1247 1908 1310 1976 Sed
1337 1910 1445 1996 potius
1473 1910 1538 1977 illis
1565 1909 1700 1992 credite,
1735 1910 1803 1993 qui,

625 2026 709 2091 viam
732 2025 852 2109 regiam
875 2026 1074 2109 incedentes,
1098 2025 1306 2092 orthodoxam
1330 2030 1363 2093 et
1384 2025 1571 2093 catholicam
1591 2024 1688 2093 fidem
1710 2025 1804 2092 vobis

625 2140 843 2229 praedicantes
879 2141 1069 2208 adnuntiant
1092 2182 1134 2191 -
1158 2147 1194 2207 nt
1222 2142 1410 2229 obsequium
1438 2147 1579 2209 veebum
1606 2141 1804 2229 acceptabile

626 2278 695 2326 esse
716 2257 897 2324 inveniatur
919 2257 953 2323 in
976 2262 1148 2344 conspectu
1170 2258 1300 2324 Domini
1321 2258 1424 2325 nostri
1443 2296 1488 2306 —
1503 2259 1646 2327 odientes
1668 2258 1804 2340 malum,

625 2374 716 2440 iuxta
743 2372 879 2460 apostoli
909 2392 1033 2457 vocem,
1064 2373 1251 2441 adherentes
1280 2378 1387 2441 autem
1414 2371 1532 2457 bono¹3
1563 2379 1805 2443 contemnentes

626 2511 674 2575 ea,
698 2510 778 2575 quae
800 2488 893 2555 huius
916 2488 1033 2557 saeculi
1056 2495 1141 2573 sunt,
1165 2495 1198 2557 et
1220 2489 1387 2574 diligentes
1411 2511 1459 2575 ca,
1482 2513 1563 2577 quae
1576 2490 1639 2558 Dei
1656 2496 1745 2575 sunt,
1768 2496 1806 2557 nt

625 2606 786 2693 praetiosa
807 2603 884 2673 fides
907 2610 1014 2672 vestra
1036 2604 1155 2674 clareat
1176 2606 1210 2673 in
1233 2607 1354 2673 cunctis
1377 2610 1410 2675 et
1431 2606 1516 2675 bona
1537 2612 1644 2675 vestra
1669 2627 1806 2675 convcr-

626 2722 708 2788 satio
734 2722 769 2788 in
791 2720 886 2789 caelis
910 2726 942 2789 et
963 2722 997 2789 in
1018 2722 1114 2789 terris
1136 2722 1290 2791 laudabili
1317 2722 1413 2789 fama
1459 2722 1530 2789 Non
1559 2724 1645 2791 enim
1672 2724 1805 2807 ignora·

626 2839 678 2923 tis,
703 2858 783 2924 quae
806 2838 965 2925 scriptura
987 2836 1088 2906 dicat:
1113 2840 1280 2907 Abralcam
1302 2842 1438 2908 credidit
1458 2841 1546 2922 Deo,
1570 2853 1599 2906 et
1619 2854 1808 2926 reputatam

626 2968 671 3023 cat
692 2957 745 3021 illi
765 2958 810 3022 cd
830 2958 985 3023 iustitiam
993 2950 1014 3020 ⁸.

713 3070 879 3139 Admoneo
902 3090 968 3156 vos,
992 3070 1200 3156 dilectissimi,
1223 3070 1329 3139 Deum
1351 3072 1474 3157 timere,
1498 3070 1677 3139 sacerdotes
1701 3071 1807 3139 hono

626 3186 760 3273 nificare,
783 3186 951 3255 reddentes
973 3187 1019 3253 eis
1043 3186 1185 3254 debitum
1207 3189 1401 3272 sanctitatis3
1425 3194 1477 3274 ut,
1506 3188 1596 3255 robis
1620 3188 1807 3255 adiuvanti-

626 3304 700 3389 bus,
729 3304 793 3391 ipsi
813 3303 1027 3371 inconturbati
1049 3302 1176 3371 valeant
1198 3308 1293 3390 atque
1316 3306 1419 3372 securi
1441 3304 1594 3371 salutaria
1614 3304 1808 3392 praedicare

628 3420 824 3505 stragulam
848 3426 942 3504 atque
965 3418 1107 3503 vigorem
1129 3418 1358 3488 eclesiasticum
1380 3440 1583 3505 conservare,
1612 3420 1658 3489 ita
1679 3427 1719 3487 nt
1742 3422 1809 3490 cle-

628 3537 687 3603 rici
711 3555 820 3603 omnes
843 3536 909 3603 suis
932 3534 1116 3602 subiaceant
1139 3536 1293 3624 episcopis
1309 3543 1342 3605 et
1357 3538 1396 3605 ab
1410 3538 1475 3605 illis
1490 3536 1663 3605 doceantur
1676 3557 1809 3605 sacram

628 3653 827 3741 scripturam.
873 3650 1082 3737 Praeceptum
1111 3652 1229 3740 quippe
1256 3658 1306 3721 est
1333 3652 1526 3721 aDomino:
1557 3656 1693 3722 Reddite
1722 3678 1810 3743 quoe

627 3784 701 3837 aunt
723 3772 859 3837 caecaris
883 3771 1021 3850 caesari,
1046 3782 1075 3835 ct
1097 3792 1179 3856 quac
1200 3771 1268 3838 Dei
1288 3786 1363 3838 sanc
1383 3767 1482 3840 Dco‘.

717 3884 937 3973 Apostolicum
958 3890 1164 3973 praeceptum
1187 3886 1275 3954 vobis
1298 3886 1428 3955 mando:
1452 3892 1489 3954 ut
1508 3884 1614 3953 nullus
1629 3886 1809 3955 saecularis

629 4000 778 4069 clericum
799 4002 834 4067 in
857 4020 948 4068 suum
972 4000 1157 4087 obsequium
1180 4002 1309 4086 habeat3
1333 4002 1390 4071 sed
1411 4002 1469 4088 illi,
1492 4004 1581 4071 cuius
1603 4002 1809 4085 signaculum

628 4118 663 4183 in
685 4118 789 4205 capite
810 4116 915 4202 babet,
939 4123 1044 4185 mente
1067 4118 1226 4187 deserviet
1248 4124 1280 4187 et
1294 4120 1397 4205 corde,
1421 4120 1571 4187 educatus
1587 4120 1621 4186 in
1635 4118 1698 4203 bis,
1724 4140 1810 4206 quas

630 4254 650 4301 a
672 4254 728 4301 suo
750 4234 944 4322 praecipitur
967 4235 1127 4322 episcopo.
1209 4234 1403 4303 Detestabile
1426 4240 1476 4303 est
1497 4237 1583 4303 enim
1605 4239 1638 4302 ct
1656 4234 1810 4322 iniquum

629 4370 724 4439 opus:
748 4350 898 4418 clericum
919 4352 954 4417 in
975 4351 1059 4419 ludis
1082 4350 1234 4435 inveniri,
1263 4356 1318 4418 ant
1340 4370 1413 4419 cnm
1434 4352 1651 4439 acceptoribus
1673 4350 1730 4419 vel
1754 4374 1810 4421 ve-

628 4466 808 4535 nationibus
831 4466 945 4552 degere
967 4468 1083 4551 vitam;
1108 4466 1267 4553 tantisque
1283 4468 1415 4535 scenicis
1430 4468 1534 4535 causis
1550 4468 1742 4554 sauciatum,
1767 4468 1810 4535 ad

628 4584 846 4671 episcopatum
868 4588 924 4651 ant
945 4584 1168 4670 presbiterium
1190 4583 1241 4651 vel
1263 4583 1425 4671 quodlibet
1446 4584 1641 4653 sacerdotale
1661 4583 1809 4653 officium

699 4742 725 4797 1.
748 4739 843 4797 blattb.
861 4742 887 4811 l,
901 4742 943 4797 15.
1041 4744 1067 4799 ι.
1090 4742 1171 4800 Rom.
1189 4742 1270 4813 12,9.
1368 4744 1394 4799 3.
1417 4741 1620 4815 Genes.16,6;
1643 4742 1808 4815 demta

628 4830 654 4884 4.
677 4828 773 4885 llatth.
787 4832 830 4900 22,
844 4830 887 4885 21.
