4342 6034
672 789 740 857 366
1014 807 1201 857 unsuonnn
1224 806 1452 857 nonnarum
1475 808 1506 854 aa

586 956 656 1011 lobs
762 946 941 1014 Dummodo
962 950 1106 1015 mandi·
1120 956 1245 1035 tempus
1261 948 1427 1033 iudicetur,
1449 949 1485 1015 in
1500 947 1629 1015 exordio
1645 946 1839 1015 diuendilee·
1930 944 1931 957 ¹

672 1068 777 1139 torum
799 1064 889 1150 prius
912 1064 1152 1150 auditorumque
1167 1065 1355 1151 prudentem
1371 1084 1556 1150 promouere
1571 1065 1759 1151 patientiam
1775 1084 1842 1149 pre·

673 1183 753 1261 stat3
776 1198 827 1263 ne,
849 1180 878 1246 si
901 1180 1058 1246 elimando
1080 1180 1270 1264 rubigonose
1295 1180 1378 1264 stilo,
1401 1180 1434 1246 id
1450 1186 1500 1247 est
1514 1180 1689 1247 exercende
1704 1178 1845 1263 neglecto
1930 1194 1931 1201 ’

672 1294 847 1379 ingeniolo,
876 1296 1046 1382 prefationi
1069 1294 1300 1382 aliquantisper
1320 1297 1484 1363 immorari
1505 1295 1696 1382 eompellar,
1727 1294 1846 1362 calum·

672 1411 800 1477 nientur
823 1411 903 1477 mihi
923 1410 1131 1478 fastidientes.
1165 1411 1246 1489 Quia
1267 1430 1326 1477 nee
1349 1430 1473 1498 sempor
1495 1413 1558 1477 ista
1580 1430 1638 1478 nee
1661 1426 1737 1499 sepe
1760 1412 1847 1477 talia
1930 1462 1931 1481 r

673 1526 757 1594 Hine
777 1528 812 1593 in
833 1528 962 1595 nemine
984 1526 1115 1593 Domini
1136 1528 1335 1613 propositum
1358 1546 1542 1613 prosequar.

618 1705 627 1717 ,
762 1641 877 1730 Sepius
897 1664 1022 1711 meeum
1044 1649 1231 1728 teimaiaus,
1254 1642 1299 1710 nil
1318 1642 1468 1711 haetenus
1483 1644 1517 1709 in
1531 1644 1657 1711 laudem
1674 1644 1778 1711 saneti
1794 1664 1848 1729 pa-

673 1760 732 1826 tris
755 1767 788 1826 et
809 1759 930 1826 demini
950 1760 1052 1826 nostri
1067 1759 1196 1826 Nauerii
1220 1766 1460 1844 sanatorumque
1483 1761 1721 1826 eommartirum
1746 1759 1848 1825 eiusa

672 1873 983 1962 aequamentum
1005 1876 1106 1941 doetis
1130 1876 1170 1941 ad
1192 1896 1250 1941 nes
1273 1896 1371 1961 usque
1394 1876 1571 1959 traiectum,
1595 1894 1658 1961 que
1671 1874 1723 1941 rel
1738 1876 1848 1940 ineun-

672 1990 745 2057 diua
766 2010 876 2057 eorum
899 1991 950 2074 agi
973 1990 1161 2077 sollempnia
1183 1992 1233 2057 vel
1257 1991 1453 2077 aliquatenus
1476 1990 1594 2077 probra
1621 1990 1847 2057 de‘ineertitu·

673 2107 747 2173 dine
768 2106 860 2173 nobis
882 2106 1104 2173 insultantium
1126 2104 1228 2173 refelli
1255 2107 1427 2190 valuerint,
1456 2114 1521 2172 nen
1549 2107 1654 2172 minus
1683 2126 1780 2192 qnam
1811 2106 1847 2172 de
1930 2150 1931 2199 ,

672 2222 807 2309 privatis
830 2220 984 2288 molestiis
1005 2223 1092 2288 intra
1113 2242 1165 2289 me
1188 2222 1345 2289 contabui.
1392 2222 1461 2289 Non
1486 2228 1592 2289 tamen
1615 2242 1669 2306 eo,
1697 2228 1734 2287 ut
1756 2222 1847 2287 milri·
1930 2202 1931 2293 l

673 2344 740 2404 met
765 2338 799 2403 id
827 2337 932 2424 operis
955 2356 1079 2422 quoquo
1103 2343 1195 2424 paeto
1218 2358 1366 2423 nmquam
1392 2337 1636 2421 aggrediendum
1658 2340 1847 2420 censuerim,

673 2454 793 2539 quippo
814 2472 908 2537 quem
930 2472 989 2519 nee
1011 2453 1144 2520 seientia
1165 2472 1224 2521 neo
1245 2455 1427 2521 innocentia
1447 2453 1691 2536 commendarit3
1715 2454 1775 2520 sed
1790 2454 1847 2519 hee

675 2568 715 2634 ab
739 2567 846 2652 aliquo
868 2569 1042 2655 peritorum
1066 2588 1104 2635 ao
1126 2570 1311 2636 meritorum
1332 2590 1459 2655 semper
1473 2570 1684 2636 inchoandum
1699 2588 1848 2656 sperave·

673 2684 745 2749 rim.
781 2682 867 2750 Haeo
889 2684 944 2750 diu
967 2702 1089 2751 meeum
1113 2684 1189 2751 dum
1210 2686 1326 2751 tacitus
1350 2686 1452 2768 volvo,
1476 2686 1578 2751 maior
1599 2686 1634 2751 in
1648 2684 1717 2751 dies
1733 2686 1848 2751 exinde

672 2798 813 2865 eumedit
834 2801 1017 2887 temptatio,
1041 2801 1230 2885 quibusdam
1252 2801 1403 2868 fratibus
1426 2802 1543 2868 nostrie
1567 2838 1610 2849 —
1634 2822 1771 2887 quorum
1795 2802 1848 2869 alii
1930 2806 1931 2897 l

672 2914 737 2980 iam
758 2915 794 2981 in
815 2934 894 3001 paee
916 2916 976 2983 Dei
1006 2917 1208 3000 quieverunt,
1238 2914 1292 2982 alii
1320 2917 1388 2982 rita
1416 2916 1517 2983 adhue
1539 2918 1655 2984 eomite
1676 2924 1848 3005 supersunt
1930 2900 1931 2977 l

673 3066 715 3077 -
731 3031 816 3097 idem
839 3031 917 3098 milri
933 3032 1167 3118 quoquomodo
1183 3033 1434 3120 attemptandum
1451 3034 1661 3120 importunius
1676 3054 1846 3119 suggeren·
1930 3118 1931 3123 ἵ

672 3146 767 3214 tibus.
814 3146 933 3225 Quibus
955 3148 1011 3213 diu
1033 3148 1231 3233 multumque
1254 3148 1442 3215 obstinatius
1466 3149 1542 3215 dum
1563 3151 1694 3233 renitor,
1717 3150 1844 3216 tandem
1930 3190 1931 3237 q

672 3262 750 3329 mibi
772 3263 889 3329 oan'tas
911 3264 1063 3329 refutanti
1091 3262 1215 3346 eliouit,
1245 3268 1296 3348 ut,
1326 3264 1455 3331 meimet
1477 3265 1708 3351 quodammodo
1730 3266 1844 3333 oblitus
1930 3238 1931 3329 l

671 3378 801 3464 soloque
823 3378 1065 3445 martirum-Dei
1089 3378 1225 3445 confisus
1246 3380 1375 3464 auxilio,
1399 3382 1480 3447 nont
1503 3386 1577 3448 ante
1590 3402 1647 3448 nos
1664 3382 1846 3449 dictumest

673 3493 874 3581 prudenter⁸,
902 3494 937 3559 in
961 3492 1123 3560 flammam
1146 3514 1275 3561 manum
1299 3496 1442 3580 mittens,
1471 3497 1623 3583 ineptiam
1646 3518 1750 3565 meam
1774 3518 1844 3586 pro-

673 3608 797 3677 diturus
819 3609 978 3675 enordiar.
1019 3610 1091 3676 Non
1115 3630 1176 3695 qne
1199 3630 1250 3677 me
1273 3612 1391 3697 aliquid
1415 3612 1545 3696 dignum
1560 3612 1638 3698 Deo,
1663 3614 1843 3681 martiribus

673 3744 857 3809 eongruum,
880 3725 1050 3792 aeoelesiae
1070 3727 1218 3793 deserum
1234 3729 1486 3797 neeessariumve
1502 3729 1577 3814 quid
1592 3750 1685 3816 posse
1701 3730 1843 3812 arbitrer,

673 3840 731 3907 sed
762 3849 800 3907 ut
827 3840 860 3906 id
888 3844 1013 3906 tantum
1041 3840 1120 3909 velle
1148 3848 1266 3910 memet
1294 3844 1483 3930 experiendo
1513 3846 1725 3931 comprobem.
1765 3846 1843 3925 Quin

674 3957 780 4043 potius
803 3957 958 4023 secutoris
980 3958 1113 4025 forsitan
1135 3960 1330 4046 sapientibus
1344 3960 1522 4029 inliteratus
1539 3981 1596 4044 ego
1613 3967 1645 4028 et
1658 3960 1761 4028 idiota
1775 3962 1844 4027 hine

675 4071 833 4138 scribendi
855 4074 1048 4139 occasionem
1072 4082 1252 4162 perstrnam
1276 4082 1323 4160 et,
1349 4076 1431 4161 quod
1454 4096 1511 4163 per
1532 4097 1584 4143 me
1607 4097 1743 4163 nequeo,
1768 4077 1843 4143 alios

675 4188 709 4253 in
731 4186 765 4253 id
787 4187 900 4255 saltem
922 4189 1100 4273 inoitando,
1124 4196 1284 4258 tantorum
1307 4212 1421 4258 nomen
1445 4192 1655 4278 meritumque
1678 4194 1840 4259 martirum

674 4303 760 4370 inter
776 4303 886 4371 laudes
902 4304 1020 4373 carim
1039 4305 1155 4372 elarius
1171 4307 1263 4374 solite
1278 4326 1435 4392 resonare,
1451 4306 1598 4375 eonabor.
1656 4308 1772 4388 Quodsi
1786 4308 1841 4372 ob-

674 4419 779 4503 ieitur,
801 4420 875 4486 talis
897 4440 955 4505 ego
978 4442 1041 4506 qua
1063 4423 1251 4508 temeritate,
1275 4444 1338 4489 nen
1352 4428 1480 4507 rogatus
1497 4442 1556 4491 neo
1577 4424 1682 4491 iussus
1699 4420 1840 4491 amalori

676 4536 817 4619 qualibet
838 4556 974 4622 persona
997 4536 1243 4624 aeeclesiastiea,
1274 4539 1351 4605 talia
1372 4540 1636 4626 presumpserim,
1660 4540 1840 4621 submissus,

675 4651 747 4736 quis
773 4652 808 4717 in
835 4652 886 4736 id,
909 4652 1056 4737 inquam,
1079 4673 1132 4720 me
1153 4656 1376 4742 praecipiendo
1399 4655 1449 4721 vel
1471 4655 1628 4723 hortando
1651 4652 1841 4743 propulerit?

675 4767 760 4852 quod
782 4787 845 4833 non
868 4766 970 4834 solum
992 4788 1085 4835 nemo
1108 4768 1287 4857 eoniideret,
1311 4790 1420 4840 verum
1443 4790 1483 4839 ne
1505 4770 1587 4838 ullus
1611 4772 1737 4859 quidem
1751 4787 1840 4837 exeo-

750 4922 771 4955 ι.
793 4926 824 4955 ass
839 4908 945 4957 dicundi?
1021 4910 1044 4957 b.
1064 4911 1165 4971 prudent
1180 4930 1200 4959 c.
