4342 6034
615 784 644 832 s.
659 783 836 833 somnum
856 787 901 832 rrr
923 786 1026 834 nonar
1046 785 1235 834 arrsrousn
1262 787 1292 835 aa
1474 771 1538 836 173

371 923 547 1008 carissime,
571 944 643 992 cum
664 930 702 992 tu
724 925 913 993 christianus
936 927 1058 994 otveri
1080 926 1142 994 Dei
1164 928 1266 994 cultor
1288 947 1356 994 esse
1379 929 1538 1012 cognomi·
1557 935 1698 993 'til—uti

370 1041 462 1122 naris,
486 1041 571 1106 siin
592 1041 756 1108 iuuentute
778 1041 1008 1110 adolescentiae
1029 1047 1104 1108 tuae
1126 1044 1303 1129 putridine·
1324 1043 1467 1110 luxoriae
1490 1045 1538 1110 in·

369 1155 514 1239 qninatus
537 1161 570 1221 et
590 1157 710 1224 foetore
733 1157 880 1223 adulterii
901 1157 1062 1224 involutus
1080 1163 1113 1224 et
1127 1160 1277 1242 voragine
1292 1159 1433 1246 libidinis
1450 1160 1539 1244 quasi

368 1275 459 1355 puteo
480 1271 599 1337 infami
621 1273 784 1339 demersus
805 1273 921 1356 fueras,
947 1273 1014 1339 iam
1035 1279 1162 1360 tempus
1186 1281 1247 1341 est:
1272 1280 1318 1358 nt,
1341 1294 1462 1341 memor
1484 1275 1540 1341 do·

367 1386 442 1450 miui
463 1387 522 1470 tui,
551 1407 572 1452 a
592 1387 711 1454 diaboli
732 1388 854 1473 laqueis
876 1389 1046 1475 resipiscas
1069 1394 1103 1456 et
1125 1390 1285 1456 electore
1307 1389 1450 1456 luxoriae
1473 1409 1540 1456 sor·

368 1500 506 1567 didatam
529 1503 669 1570 animam
690 1503 786 1570 lares.
822 1504 888 1570 lam
906 1509 1031 1591 tempus
1048 1511 1111 1571 est:
1135 1510 1172 1570 nt
1186 1525 1244 1590 pro
1259 1506 1373 1572 timore
1389 1506 1539 1572 creatoris

367 1616 411 1680 tui
432 1616 497 1682 tale
518 1618 681 1702 piaculum
702 1620 818 1686 iterare
841 1625 873 1686 et
895 1619 945 1686 tcb
967 1619 1127 1686 maculare
1149 1620 1235 1686 ultra
1248 1641 1312 1687 nou
1327 1631 1538 1706 praesumat

367 1731 502 1818 Tempus
526 1739 591 1800 est:
614 1739 651 1800 ut
672 1733 886 1801 multitudini‘¹
909 1736 1071 1822 pereuntis
1094 1735 1205 1822 populi
1227 1755 1350 1822 parcas,
1376 1757 1465 1822 quae,
1491 1755 1540 1802 sc-

367 1849 485 1932 quendo
509 1849 659 1935 exempla
679 1852 840 1936 peccantis
862 1851 1026 1938 principis,
1049 1850 1199 1917 cadebat·
1220 1851 1255 1916 iu
1271 1857 1400 1938 putenm
1416 1852 1537 1918 mortis.

366 1961 451 2047 Quia,
479 1971 752 2051 quantoscumque
773 1966 825 2032 vel
846 1987 904 2052 per
926 1967 1010 2033 bona
1031 1966 1179 2052 exempla
1201 1966 1256 2033 ad‘
1272 1967 1369 2033 vitam
1395 1967 1538 2034 caelestis

366 2079 485 2163 patriae
514 2081 731 2148 contrabimus
753 2081 805 2148 rel
833 2101 891 2168 per
913 2081 999 2148 mala
1021 2081 1167 2168 exempla
1190 2081 1230 2148 ad
1252 2082 1464 2168 perditionem
1488 2101 1537 2148 se-

367 2200 493 2278 quentes
516 2196 762 2282 praehibimus⁸,
791 2197 831 2264 de
852 2198 950 2264 tantis
972 2197 1083 2284 procul
1106 2197 1200 2264 dnbio
1225 2198 1264 2265 ab
1285 2203 1412 2264 aeterno
1435 2197 1538 2264 iudice

368 2309 413 2376 vel
432 2330 556 2397 poenas
577 2310 629 2378 vel
650 2314 793 2400 praemia
814 2314 975 2400 accepturi
998 2333 1117 2380 sumus.
1237 2311 1245 2340 ¹

450 2425 487 2493 Si
510 2427 597 2493 cuim
620 2425 714 2512 gens'
728 2429 905 2513 Anglorum
928 2465 971 2475 -—
995 2430 1077 2495 sicut
1098 2449 1157 2515 per
1180 2429 1258 2494 istas
1281 2429 1460 2514 provincias
1484 2428 1538 2494 de·

366 2541 548 2625 vulgatum'²
569 2548 619 2609 est
640 2549 673 2610 et
693 2544 784 2611 uobis
806 2545 841 2611 in
863 2543 999 2610 Francia
1021 2549 1054 2610 et
1075 2545 1109 2610 iu
1133 2543 1225 2610 Italia
1247 2544 1480 2630 inproperatur,
1507 2549 1540 2610 et

369 2657 404 2723 ab
428 2659 510 2745 ipsis
534 2661 668 2744 paganis
689 2659 907 2746 inproperium
931 2666 981 2726 est
1002 2696 1043 2706 -
1068 2661 1185 2746 spretis
1208 2659 1362 2744 legalibus
1385 2659 1539 2744 conubiis,

369 2773 572 2840 adulterando
601 2779 633 2841 et
659 2774 847 2842 luxoriando
876 2776 917 2842 ad
938 2777 1040 2842 instar
1063 2775 1267 2842 Sodomitane
1288 2777 1391 2859 gentis
1413 2775 1539 2842 foedam

369 2889 462 2955 vitam
489 2889 631 2974 uixerit,
660 2890 700 2957 de
720 2891 780 2958 tali
801 2890 1044 2957 comminutionek
1065 2891 1283 2975 meretricum,
1308 2891 1539 2958 aestimandum

369 3009 422 3089 est,
444 3005 619 3090 degeneres
641 3007 775 3093 populos
798 3012 831 3074 et
852 3006 1006 3090 ignobiles
1029 3011 1062 3073 et
1082 3007 1223 3074 furentes
1238 3005 1369 3074 libidine
1383 3006 1450 3073 fore
1465 3027 1539 3092 pro·
1621 3019 1623 3024 '

369 3122 534 3206 creaudos,
558 3127 591 3188 et
613 3122 653 3188 ad
675 3123 864 3189 extremum*
885 3123 1068 3189 universam
1091 3123 1233 3209 plebem,
1265 3123 1305 3188 ad
1328 3122 1485 3190 deteriora
1507 3126 1540 3188 et

368 3236 555 3319 ignobiliora
577 3243 768 3322 uergentem,
792 3243 825 3305 et
845 3239 1017 3305 novissime
1034 3259 1094 3305 nec
1108 3240 1142 3304 in
1157 3238 1239 3305 bello
1255 3237 1410 3305 saeculari
1424 3239 1538 3304 fortem

369 3371 423 3419 nec
443 3353 477 3420 iu
498 3353 565 3420 lide
585 3354 730 3421 stabilem
750 3361 782 3422 et
796 3375 855 3422 uec
869 3355 1086 3422 honorabilem
1101 3354 1279 3421 hominibus
1294 3373 1353 3421 nec
1368 3353 1435 3421 Deo
1452 3375 1538 3420 ama-

370 3467 460 3534 bilem
474 3489 548 3536 esse
562 3475 737 3537 venturam
767 3469 856 3538 Sicut
870 3471 942 3537 aliis
957 3470 1103 3554 gentibus
1119 3469 1292 3558 Hispaniae
1308 3475 1341 3537 et
1354 3469 1539 3537 Provinciae

371 3590 400 3649 et
417 3583 680 3668 Burgundionum
701 3587 828 3674 populis
851 3587 997 3670 contigit3
1026 3606 1106 3672 quae
1128 3587 1190 3672 sic,
1214 3607 1234 3653 a
1255 3586 1324 3653 Deo
1346 3585 1538 3668 recedentes,

370 3698 540 3767 fornicatae
554 3707 638 3786 sunt,
661 3701 761 3768 donec
774 3701 871 3768 iudex
885 3703 1085 3788 omnipotens
1100 3703 1213 3770 talium
1228 3701 1395 3768 criminum
1409 3701 1539 3768 ultrices

370 3835 484 3901 poenas
506 3837 567 3905 per
587 3818 801 3901 ignorantiam
821 3818 901 3902 legis
924 3817 985 3884 Dei
1007 3821 1041 3884 et
1061 3837 1120 3904 per
1142 3817 1356 3886 Sarracenosm
1378 3818 1486 3884 venire
1508 3823 1541 3884 ct

371 3934 487 4000 caedue
509 3933 685 4020 permisit¹¹.

453 4049 499 4116 Et
527 4050 716 4117 notandum:
747 4049 887 4134 quadiu
908 4047 964 4114 illo
987 4049 1105 4116 scelere
1128 4049 1214 4116 aliud
1236 4049 1364 4115 inmane
1384 4047 1540 4132 flagitium

372 4165 564 4249 subterlatet,
585 4167 689 4233 idest
710 4165 924 4231 homicidium.
958 4165 1049 4249 Quia,
1073 4167 1150 4232 dum
1168 4165 1242 4232 illae
1256 4165 1449 4250 meretrices,
1473 4166 1540 4232 sive

372 4280 607 4349 monasteriales
629 4282 697 4348 siue
719 4280 906 4366 saeculares,
929 4281 1013 4348 male
1032 4286 1201 4368 conceptas
1216 4281 1339 4348 soboles
1353 4282 1387 4348 in
1402 4281 1540 4368 peccatis

439 4455 462 4488 ι
480 4442 597 4502 putridine
614 4443 671 4498 MV,
687 4442 809 4502 putredine
825 4445 851 4490 C.
913 4441 937 4488 b.
958 4459 1001 4488 om.
1012 4443 1071 4489 MV.
1133 4455 1153 4488 a.
1174 4455 1306 4500 praesumes
1318 4443 1376 4488 MV.
1439 4441 1462 4488 d.
1482 4441 1539 4486 mul-

374 4521 466 4569 iudae
481 4527 517 4570 M.
584 4538 605 4570 a
624 4521 721 4568 cadebat
738 4524 766 4569 V.
827 4522 844 4568 1.
864 4521 894 4568 ad
912 4544 937 4554 —
955 4521 1016 4568 mala
1030 4521 1134 4581 exempla
1149 4537 1191 4567 on.
1208 4525 1243 4567 M.
1306 4535 1327 4579 g.
1349 4520 1465 4580 phibimus
1482 4521 1540 4573 MV,

375 4603 482 4657 pnsum
494 4607 520 4651 C.
582 4603 606 4649 lu.
626 4601 771 4660 devulgatum
786 4602 844 4657 MV,
862 4601 1001 4660 divulgatum
1013 4604 1039 4649 C.
1101 4601 1117 4646 i.
1139 4619 1196 4648 corr.
1207 4604 1230 4647 iu
1246 4600 1336 4647 duxerit
1348 4603 1373 4647 C.
1435 4599 1458 4646 k.
1479 4611 1540 4645 com·

377 4681 467 4728 airicus
483 4687 518 4730 M.
595 4682 612 4728 i.
631 4682 661 4728 ad
676 4685 774 4730 tremum
789 4686 824 4729 M.
902 4696 932 4729 m.
953 4681 1090 4728 Sarraeauus
1107 4683 1141 4727 M.
1219 4695 1241 4726 n.
1262 4679 1368 4740 promisit
1385 4679 1412 4725 V.

442 4789 466 4841 1.
491 4786 542 4857 ,si
564 4801 633 4856 gens
656 4785 808 4856 Auglorum
826 4815 861 4826 -
878 4786 973 4843 uenire
996 4790 1025 4840 et
1047 4784 1156 4842 caedra
1179 4782 1322 4854 permisit“
1343 4787 1408 4838 sunt
1424 4782 1453 4836 in
1472 4781 1540 4838 Gra-

377 4872 439 4930 tani
454 4875 527 4932 decr.
545 4875 604 4931 P.1
620 4875 656 4930 D.
668 4875 704 4931 56
721 4889 746 4930 a
760 4877 803 4930 10.
