4342 6034
653 761 718 826 622
854 780 934 825 vrrs
957 778 1111 827 smroanr
1133 778 1394 827 sacnmvrscorr
1415 778 1611 827 uocuurmr

484 918 713 985 1153-1160biis
740 920 853 986 mediis
876 918 1061 1004 quibusdam
1085 921 1195 1007 signa}
1219 940 1288 987 esse
1310 920 1351 986 ed
1373 925 1541 1005 utrumque
1555 920 1717 1006 probatur.
1753 918 1827 985 lla·
1919 914 1920 921 '

650 1056 731 1119 gnus
753 1035 909 1119 ingenim,
932 1037 1095 1102 inmensus
1117 1036 1151 1102 in
1174 1035 1314 1118 consilio,
1338 1036 1442 1101 audax
1464 1042 1533 1103 erat
1555 1037 1674 1115 animo;
1702 1040 1828 1117 castrus,

633 1150 799 1234 liberalis,
821 1152 1036 1236 virtutumque
1057 1153 1198 1217 omnium
1222 1152 1376 1218 emulator
1397 1150 1598 1235 magnificum
1622 1151 1830 1235 multumque

649 1266 836 1352 eloquentie,
860 1267 1055 1352 multumque
1077 1268 1232 1353 sapientie
1254 1268 1302 1333 ei⁰
1324 1268 1436 1335 inerat

737 1381 862 1460 Quanta
884 1402 956 1449 vero
979 1384 1064 1450 lucta
1082 1385 1121 1451 de
1136 1383 1319 1467 Maguntine
1335 1384 1464 1451 ecclesie
1478 1384 1644 1450 nobilitate
1658 1384 1830 1467 certarit‘,

648 1516 689 1563 ne
710 1498 886 1584 cuiuspiam
909 1499 1004 1564 vicini
1026 1500 1194 1584 peregrina
1217 1499 1363 1566 diffinitio
1380 1500 1448 1567 eius
1464 1500 1652 1583 libertatem,
1676 1501 1833 1585 qualibet

649 1620 804 1699 potestate
836 1619 957 1698 nacta‘,
991 1614 1196 1700 deprimeret,
1227 1616 1316 1682 nulla
1343 1616 1436 1683 debet
1463 1618 1616 1703 temporis
1645 1616 1831 1683 oblivione¹

560 1735 629 1789 1156
647 1729 754 1795 deleri.
843 1728 1002 1813 Namque,
1031 1750 1101 1797 cum
1126 1731 1327 1798 Trevcransis
1357 1728 1627 1818 archiepiscopus¹
1648 1732 1830 1816 legationis
1919 1804 1920 1809 ἵ

648 1864 711 1930 qua
730 1845 919 1929 fungebatur
940 1850 1130 1932 potestatem
1151 1847 1191 1913 ad
1206 1846 1374 1914 Germanic
1392 1866 1501 1914 omnes
1517 1848 1662 1914 ecclesias
1678 1848 1829 1932 quadarn
1919 1828 1920 1863 ³

645 1962 862 2027 iurisdictione
890 1962 1084 2046 intenderet,
1115 1962 1287 2047 cogitabat:
1318 1964 1453 2049 qualiter
1480 1965 1584 2050 ipsam
1612 1984 1632 2029 a
1658 1984 1692 2029 se
1719 1972 1759 2030 et
1784 1964 1828 2030 ab

646 2078 791 2144 omuibus
819 2078 868 2143 sui
893 2078 1188 2163 metropolitanatus
1212 2080 1384 2165 depelleret
1404 2079 1528 2147 linibus.
1561 2080 1605 2146 Et
1626 2080 1702 2163 quia
1722 2098 1827 2145 mons

646 2194 853 2281 Appenninus
883 2214 922 2259 ex
951 2213 989 2259 ea
1014 2194 1110 2277 facie,
1143 2214 1205 2279 qua
1232 2195 1354 2262 ltaliam
1384 2202 1546 2280 totamque
1573 2195 1738 2279 Liguriam
1773 2216 1827 2261 re-

646 2310 756 2395 spicit,
784 2309 906 2375 nomini
928 2308 1120 2376 Theutonico
1144 2311 1312 2377 admodum
1336 2317 1404 2377 erat
1426 2312 1575 2394 infestum
1605 2320 1638 2377 et
1657 2313 1825 2378 montium

645 2425 754 2491 abdita
774 2426 959 2509 viarumque
980 2424 1117 2508 Liguras
1141 2427 1328 2495 observabat
1350 2434 1496 2511 angustm
1526 2434 1558 2493 st
1580 2428 1620 2493 ad
1642 2428 1703 2493 hoc
1725 2448 1827 2495 acce·

645 2540 748 2623 debat,
775 2540 858 2625 quod
881 2540 1011 2606 bruma‘
1030 2542 1137 2624 rigens
1161 2544 1267 2609 omnia
1288 2543 1418 2629 Alpium
1441 2544 1552 2628 pervia
1573 2543 1738 2628 squalente
1767 2566 1827 2611 ve·

644 2657 775 2723 stiverat
796 2655 1095 2751 glacie'qnivosum
1112 2657 1194 2723 lovis
1213 2664 1458 2744 montanamque
1477 2661 1646 2725 transitum
1665 2661 1824 2745 provide⁵

645 2772 786 2858 arripere
806 2773 942 2837 rennuit
978 2772 1098 2838 Statuit
1118 2774 1225 2855 igitur,
1249 2776 1323 2858 quia
1345 2774 1397 2840 idk
1415 2774 1472 2841 tali
1494 2776 1619 2858 negotio
1641 2796 1705 2841 non
1728 2783 1826 2843 esset

645 2886 860 2970 differendum,
884 2887 947 2953 alia
967 2908 1026 2974 per
1047 2889 1132 2955 orbis
1155 2890 1284 2955 climata
1306 2890 1410 2957 sedern
1435 2890 1608 2957 Romanam
1629 2896 1751 2977 petere.

733 3002 981 3070 Prudentissimo
1003 3006 1111 3090 itaque
1132 3006 1350 3091 frequentique
1373 3006 1456 3073 clero
1479 3008 1659 3090 semitatus,
1687 3010 1822 3090 magnis

644 3119 869 3187 commeatibus
895 3120 1067 3205 multisque
1096 3122 1289 3207 sumptibus,
1317 3122 1491 3207 peragratis
1515 3123 1699 3189 Theutcuici
1720 3126 1822 3207 regni

643 3235 775 3318 finibus,
803 3235 844 3300 ad
866 3236 1130 3302 mediterraneum
1152 3258 1240 3303 mare
1265 3238 1459 3322 perveniunt
1550 3238 1626 3321 Ubi,
1655 3240 1730 3322 quia
1754 3242 1821 3307 sub

572 3344 579 3360 '
643 3372 707 3417 uno
734 3352 853 3435 remige
879 3357 1010 3438 propter
1038 3352 1271 3419 multitudinem
1300 3374 1352 3421 cos
1376 3354 1482 3439 aliqua
1503 3356 1592 3421 navis
1614 3374 1677 3419 non
1700 3356 1822 3439 quibat

609 3502 627 3534 r.
642 3468 799 3554 recipere,
828 3467 936 3532 multis
962 3466 1101 3533 collectis
1123 3469 1271 3553 navibus,
1299 3470 1456 3556 parabant
1478 3468 1631 3535 Venatum
1654 3471 1820 3553 attingere

643 3584 798 3671 portum¹3
826 3584 1025 3665 estimantes,
1054 3590 1197 3650 conserto
1221 3586 1361 3670 navigio,
1386 3585 1468 3651 datis
1490 3584 1568 3651 velis
1592 3585 1701 3668 borea,
1725 3588 1820 3670 quod

603 3733 605 3737 ·
641 3706 772 3787 possent
792 3699 887 3765 simul
908 3700 1066 3782 navigare.
1102 3698 1178 3765 Mox
1200 3706 1320 3784 autem,
1343 3706 1531 3787 tempestate
1553 3706 1677 3783 exorta,
1701 3701 1818 3788 elapsa

642 3816 854 3901 dissolutequa
881 3820 957 3880 sunt
984 3816 1031 3880 ita
1052 3815 1092 3881 ab
1115 3816 1249 3882 invicem
1272 3816 1383 3902 procul
1404 3836 1517 3902 naves,
1547 3818 1631 3901 quod
1652 3816 1739 3883 nulla
1765 3818 1817 3883 al-

641 3933 739 3998 terius
761 3936 884 3997 teneret
903 3930 1072 4014 vestgium
1094 3950 1153 3998 nec
1174 3952 1254 3997 unus
1278 3932 1374 3998 alium
1397 3950 1524 3999 cernere
1545 3939 1661 4019 posset
1742 3932 1815 4001 De-

642 4047 690 4113 dit
710 4066 744 4113 ae
764 4047 872 4131 itaque
893 4047 1083 4113 venerabilia
1106 4048 1358 4135 archiepiscopus
1372 4047 1574 4132 Magantinus
1589 4068 1648 4135 pro
1662 4048 1813 4115 libertate

641 4162 770 4229 ecclesie
793 4182 849 4229 sue
869 4166 988 4248 ventis,
1011 4162 1146 4231 credidit
1167 4184 1201 4231 se
1223 4164 1378 4251 procellis.
1414 4164 1484 4231 Non
1506 4166 1591 4231 mine
1614 4166 1720 4251 ponti,
1741 4184 1811 4231 non

640 4278 743 4345 rabies
764 4277 887 4363 fluctus,
909 4300 973 4346 non
996 4280 1151 4364 Garibdis,
1174 4300 1239 4347 non
1261 4281 1395 4365 denique
1416 4279 1508 4347 Sirtis
1531 4280 1596 4347 ulla
1619 4281 1658 4347 ab
1679 4282 1810 4367 incepto

640 4394 806 4477 deterruit3
829 4416 894 4463 non
914 4397 1082 4483 peregrina
1103 4397 1230 4483 puppis,
1253 4416 1317 4462 non
1330 4396 1434 4463 invisa
1447 4397 1565 4480 littora,
1589 4416 1651 4463 non
1665 4396 1808 4463 locorum

711 4551 731 4584 a.
747 4538 813 4596 signa
827 4541 911 4597 scripsi
921 4556 964 4597 pre
980 4538 1051 4597 sigula
1069 4540 1091 4595 1,
1102 4540 1125 4584 2.
1187 4538 1209 4585 b.
1225 4538 1250 4585 in
1264 4538 1355 4597 ingenio
1372 4540 1394 4596 1,
1406 4540 1427 4584 2.
1490 4550 1509 4585 c.
1526 4540 1547 4585 cl
1563 4540 1654 4585 addidi.
1716 4538 1806 4585 doar-

638 4618 697 4665 aare
710 4620 733 4666 t.
802 4633 822 4665 e.
841 4618 940 4665 nacticla
954 4621 980 4676 1,
1000 4619 1135 4665 maximat.
1203 4618 1220 4665 t
1242 4618 1351 4665 oblivioni
1367 4620 1389 4665 1.
1461 4632 1482 4676 g.
1502 4618 1583 4665 braina
1598 4621 1620 4664 l.
1690 4616 1714 4663 lr.
1735 4630 1805 4677 squ·

638 4698 723 4745 lanum
736 4720 761 4730 -·
774 4697 845 4756 gladi
861 4699 883 4745 1.
955 4700 971 4745 i.
990 4700 1086 4760 provide
1102 4700 1185 4759 aurbei
1196 4716 1240 4759 pre
1255 4698 1350 4759 perinde
1367 4701 1389 4757 1,
1405 4700 1427 4745 2.
1496 4696 1519 4745 k.
1540 4699 1564 4745 ln
1582 4700 1602 4755 1,
1619 4699 1641 4745 2.
1708 4696 1725 4742 l.
1744 4710 1804 4755 pom·

638 4781 687 4825 tum
702 4780 725 4825 2.

712 4874 736 4928 1.
758 4872 883 4928 Hillinua.
910 4872 951 4929 Cf.
969 4874 1057 4943 Epist.
1075 4874 1197 4943 llogunt.
1216 4874 1251 4931 54
1268 4890 1351 4945 supra
1368 4891 1395 4945 p.
1406 4874 1468 4928 402.
