4342 6034
612 772 638 819 8.
656 772 831 819 ΒΟΝῙΕΔΤῙΙ
853 772 898 819 ΕΤ
919 772 1022 821 LULH
1043 770 1232 819 remmom
1255 770 1285 817 70
1468 754 1532 820 201

357 933 428 981 esse
457 913 651 997 dinoscitur3
682 919 714 981 et
736 912 858 999 equalis
880 911 1053 1001 speculatio
1075 914 1111 981 in
1132 912 1217 979 auris
1240 912 1445 981 eoelesiarum
1467 913 1535 979 sire
1598 922 1651 977 748

355 1028 551 1116 populorum
575 1029 665 1097 nobis
687 1028 808 1097 oredito
831 1033 893 1113 set,
924 1029 990 1095 sire
1017 1029 1051 1095 in
1074 1028 1214 1095 dooondo
1237 1028 1360 1096 sivein
1383 1029 1535 1096 artando·
1551 996 1697 1056 mm

354 1150 389 1211 et
410 1144 574 1211 monendo
597 1145 664 1213 eivs
686 1145 720 1213 in
743 1144 938 1211 defendendo
961 1144 1149 1211 oenoniooe⁵
1171 1144 1289 1229 gradus
1310 1143 1363 1210 rel
1377 1143 1533 1230 plebeos‘.

354 1261 481 1329 ldoiroo
505 1260 701 1327 humillimad
723 1280 818 1346 preoe
840 1260 986 1347 deposco,
1009 1267 1060 1345 ut,
1084 1260 1160 1327 dum
1182 1259 1290 1327 robis·
1313 1260 1440 1329 salubre
1461 1282 1536 1329 oon·

353 1376 467 1443 silium
483 1376 571 1444 Deus
594 1376 797 1463 inspiraverit
819 1376 870 1443 νο]
891 1396 948 1443 suo
967 1376 1081 1462 spiritu
1096 1375 1296 1461 synodalium
1311 1377 1535 1463 oonsultuum‘‚

353 1492 451 1559 nobis
473 1492 637 1559 insinuare
659 1511 722 1558 non
745 1493 862 1579 pigeat.
908 1490 952 1559 Et
973 1512 1032 1559 noe
1054 1491 1211 1576 similitor,
1235 1491 1264 1557 si
1287 1493 1458 1579 parvitati⁸
1478 1513 1536 1560 no·
1565 1504 1568 1509 ’

354 1614 445 1675 strae
460 1606 551 1674 Deus
574 1606 693 1691 aliquid
716 1607 789 1691 tole,
813 1608 901 1675 vobis
924 1607 1008 1693 quod
1025 1607 1239 1675 necessarium
1255 1608 1305 1675 vel
1318 1609 1464 1694 amabile,
1487 1610 1537 1676 in·

354 1724 547 1808 sinuavsrit,
570 1722 687 1789 similia
708 1723 871 1789 faciamus.
906 1722 1008 1789 Maior
1031 1724 1116 1789 enim
1137 1723 1230 1791 nobis
1245 1724 1423 1791 sollicitudo
1438 1725 1537 1793 eoele-

354 1839 501 1907 siaruml
530 1846 562 1906 et
589 1858 666 1905 eura
693 1838 882 1925 populorum
909 1844 1040 1925 propter
1070 1838 1171 1925 pallia
1197 1840 1319 1907 eredita
1346 1847 1379 1907 st
1406 1846 1536 1927 rooeptu

356 1976 456 2041 qnam
482 1956 597 2023 ueteris
620 1954 793 2041 episeopis,
822 1955 897 2039 quia
918 1954 1063 2042 proprias
1087 1959 1210 2021 tantum
1232 1960 1406 2041 procurant
1426 1976 1537 2043 porro-

355 2072 466 2156 ohias‚
491 2070 655 2139 inoumbit
746 2068 940 2157 Propterea',
964 2070 1141 2137 oorissimi¹
1163 2106 1205 2117 -
1229 2072 1392 2158 nunquia
1412 2078 1538 2141 vestrae

354 2188 553 2275 prudentiae
575 2206 654 2274 opus
677 2186 720 2253 sit
739 2186 928 2253 rusticitatis
942 2190 1070 2253 nostrae
1086 2186 1218 2253 statuta¹
1232 2187 1342 2254 audire
1357 2186 1408 2255 rel
1422 2187 1537 2273 legere,

355 2305 414 2371 sed
438 2308 574 2391 propter
597 2301 712 2369 bouum
735 2306 768 2368 et
789 2300 940 2369 humilem
964 2306 996 2368 ot
1018 2307 1162 2369 sanatam
1185 2302 1377 2371 voluntatem
1398 2309 1537 2371 rostram

355 2426 526 2508 putamus,
548 2438 604 2485 ros
626 2417 777 2485 libentius
798 2418 880 2485 seire
902 2417 983 2485 vella
1006 2436 1102 2503 quam
1124 2420 1304 2485 nescire-
1321 2438 1403 2503 quae
1421 2420 1474 2486 hio
1487 2440 1539 2486 sa·

356 2536 508 2603 oerdotes
536 2534 698 2601 nobiseum
726 2532 882 2600 servanda
909 2533 1150 2619 demererent·‚
1178 2534 1268 2601 vobis
1290 2536 1487 2603 emendanda
1507 2540 1541 2604 et
1630 2581 1633 2590 -

357 2650 553 2735 porrigenda
575 2650 772 2715 distinemur.

453 2766 663 2833 Deorerimus
692 2770 798 2831 entem
825 2764 859 2829 in
881 2769 990 2831 nostro
1013 2764 1150 2831 sinodali
1172 2773 1330 2833 conventu
1351 2772 1385 2833 et
1405 2768 1541 2835 ooufessi

358 2902 493 2949 sumus:
516 2880 609 2949 fidem
634 2880 821 2949 eutholioam
844 2886 876 2947 et
897 2881 1053 2947 unitatem
1077 2887 1111 2947 et
1131 2880 1359 2949 subiectionem
1380 2883 1541 2951 Romanae

359 3000 519 3068 eeclesiae
540 2998 603 3065 fine
625 3002 718 3065 tonus
741 2996 825 3063 vitae
847 3002 976 3063 nostres
998 2996 1079 3064 vello
1102 3016 1245 3079 servaro;
1268 3003 1377 3065 sanato
1392 2999 1487 3066 Petro
1509 3006 1541 3067 et

358 3116 485 3183 vicario
514 3115 582 3181 sios
609 3112 690 3181 velle
718 3111 854 3193 subiui'3
884 3112 1030 3179 sinodum
1058 3132 1117 3200 per
1145 3133 1254 3180 omnes
1283 3134 1382 3180 annos
1410 3134 1541 3198 congre-

359 3252 456 3317 gare;
488 3228 766 3317 metropolitanos⁰
788 3227 887 3314 pallia
909 3227 948 3293 ab
971 3227 1028 3294 illa
1050 3229 1125 3296 seda
1152 3250 1299 3315 querer03
1329 3236 1363 3297 et
1388 3251 1446 3317 per
1473 3252 1541 3297 om·

359 3350 417 3415 nia
441 3351 615 3434 praecepta
637 3346 739 3411 saneti
761 3344 848 3411 Petri
872 3344 1038 3411 canonice*
1061 3345 1151 3430 sequi
1174 3346 1370 3430 desiderare,
1399 3351 1437 3413 ut
1457 3347 1542 3414 inter

361 3470 459 3531 ores*
489 3462 550 3529 sibi
585 3460 821 3529 commendatas
856 3468 1083 3527 numeremnr'.
1177 3461 1222 3529 Et
1254 3462 1326 3528 isti·
1352 3462 1542 3529 oonfessioni

361 3580 509 3649 uniuersi
545 3577 773 3645 consensimus*
803 3582 835 3643 et
867 3576 1138 3663 subsoripsimue3·
1160 3582 1193 3645 et
1228 3577 1269 3643 ad
1296 3597 1411 3664 eorpus
1439 3578 1542 3645 sanati

362 3698 455 3765 Petri
477 3694 633 3783 principis
657 3692 871 3779 apostolorum
894 3692 1079 3759 direximus.
1117 3692 1207 3771 Quod
1229 3693 1417 3777 gratulando
1439 3694 1542 3761 olenus

362 3814 530 3881 Romanus
552 3816 585 3879 et
606 3805 767 3897 pontiiox¹
788 3808 936 3893 suseepit

459 3926 653 3994 Stutnimue:
684 3930 721 3991 ut
741 3944 800 4011 per
822 3942 921 3991 annos
945 3922 1086 4007 singulos
1109 3944 1267 3991 munuum
1288 3924 1416 3992 deoreta
1437 3930 1471 3992 et
1491 3944 1542 3992 eo-

441 4140 462 4171 ι.
484 4141 542 4169 corr.
559 4126 581 4167 ln
603 4120 715 4167 hortando
733 4123 764 4174 C‚·
780 4119 893 4167 hortando
909 4121 949 4179 Sp.
1011 4120 1033 4165 b.
1055 4120 1178 4166 canonieus
1196 4120 1223 4166 V.
1285 4134 1305 4165 e.
1325 4119 1414 4179 plebeis
1431 4124 1465 4176 M,
1480 4120 1543 4180 plebi

369 4208 397 4261 C,
412 4204 508 4265 plebeos
527 4202 553 4247 V.
641 4200 664 4245 d.
684 4198 810 4245 humillima
833 4224 852 4231 -
871 4200 967 4246 amabile
985 4202 1060 4259 recepi
1079 4218 1108 4245 ex
1123 4202 1163 4259 Sp.
1179 4208 1201 4244 et
1215 4202 1289 4246 om
1314 4196 1375 4257 (Pro
1391 4203 1491 4247 emitur
1507 4202 1541 4248 ro

366 4286 441 4331 rutis
458 4286 480 4329 ἰνν
491 4283 535 4329 CV
549 4298 593 4325 uon
610 4280 713 4343 leguntur
729 4281 774 4325 na'ar'
788 4280 857 4325 haec:
872 4279 1020 4327 humillimam
1036 4280 1064 4326 ab
1080 4279 1131 4336 ὶΙΙος
1147 4282 1209 4325 bn
1221 4280 1291 4325 taec:
1307 4281 1334 4325 ut
1346 4277 1403 4337 ills).
1465 4295 1485 4326 a.
1501 4294 1542 4327 no·

367 4364 405 4409 bis
420 4365 474 4422 Sp„
495 4360 561 4407 robis
577 4362 653 4407 Gan.
745 4358 762 4403 l.
783 4359 909 4407 oonsultum
925 4362 978 4419 Sp„
999 4359 1144 4407 consulturum
1164 4361 1239 4407 Gan.
1331 4372 1354 4417 g.
1373 4359 1480 4419 pravitati
1494 4361 1542 4418 sp.

369 4443 482 4503 parrituto
498 4443 573 4488 Gan.
652 4437 675 4484 h.
695 4436 815 4485 ecclesiam
833 4439 860 4485 V.
936 4440 952 4485 i.
972 4439 1093 4487 Praeterea
1108 4442 1143 4487 n.
1220 4436 1244 4484 l.
1263 4438 1375 4485 mummi
1392 4440 1447 4494 mc,
1462 4455 1542 4485 nam

369 4525 476 4568 :eander
492 4538 550 4567 corr.
566 4523 589 4567 r'r
610 4518 727 4565 carissime
747 4520 769 4563 tn
788 4518 816 4563 V.
908 4519 924 4564 l.
949 4521 1036 4567 statura
1054 4520 1082 4567 V.
1175 4532 1204 4565 ur.
1231 4516 1375 4577 Quapropter
1394 4531 1423 4564 aa
1442 4518 1498 4564 add.
1516 4519 1542 4565 C.

369 4616 395 4649 u.
415 4600 500 4649 mbieai
518 4601 545 4647 V.
610 4611 631 4645 o.
652 4596 840 4657 metropolitanus
858 4599 885 4644 V.
947 4612 969 4659 p.
991 4598 1114 4647 monicae
1132 4599 1160 4644 V.
1224 4610 1247 4657 q.
1262 4609 1317 4643 oras
1334 4600 1369 4643 Π.
1430 4610 1449 4643 r.
1464 4610 1542 4643 nume·

371 4683 449 4727 rentur
463 4682 503 4741 Sp.
582 4692 602 4725 ι.
622 4678 680 4723 istae
696 4679 736 4736 Sp.
798 4680 815 4723 t.
836 4677 951 4723 consinus
969 4678 996 4725 V.

444 4786 467 4839 l.
490 4781 646 4840 Zacharias.
674 4780 708 4837 V.
727 4794 771 4850 ep.
788 4781 824 4835 66
842 4796 926 4851 supra
942 4796 970 4851 p.
984 4781 1044 4836 190.
1074 4780 1273 4851 „Suseepimos
1290 4794 1357 4835 vero
1374 4784 1403 4833 et
1419 4778 1542 4835 olrartam

376 4900 410 4912 -
427 4872 594 4929 orthodoxae
611 4867 788 4941 professionis
806 4872 835 4925 et
853 4868 1002 4925 ostholloas
1020 4868 1153 4925 untaw
1173 4872 1226 4925 oet.
