4342 6034
624 770 651 817 s.
668 770 844 819 neumarn
865 770 910 819 nu
930 770 1033 819 noum
1054 770 1241 820 namnetas
1267 772 1297 817 re
1503 755 1546 821 75

465 910 581 979 Notum
605 911 647 977 sit
668 910 820 979 almitatis
843 916 916 979 tuae
939 913 1134 999 auctoritati,
1157 914 1242 998 quod
1263 914 1382 998 gratias
1404 914 1547 1002 omnipo-
1565 919 1706 975 teo—'122

378 1026 457 1095 tenti
484 1026 552 1094 Deo
580 1027 699 1095 referre
727 1046 792 1095 nen
820 1027 944 1113 desino,
975 1048 1012 1096 eo
1040 1029 1126 1115 quod
1152 1030 1277 1097 tibi-
1300 1030 1353 1095 in·
1376 1031 1548 1116 scriptione

376 1143 581 1211 beatitudinis
613 1148 686 1210 tuae
720 1144 834 1228 agnoui
857 1180 898 1191 --
922 1144 1141 1231 multipliciter
1174 1145 1424 1212 misericordiam
1457 1166 1548 1212 suam

377 1260 500 1343 tribuit,
523 1258 576 1326 utb
598 1264 631 1326 te
652 1265 869 1327 transeuntem
883 1279 941 1349 per
955 1260 1099 1345 ignotos⁰
1113 1281 1213 1348 pagos
1228 1261 1373 1349 piissime
1387 1262 1547 1329 conduxit

376 1375 521 1443 Primum
548 1374 727 1462 pontificem
755 1375 910 1459 gloriosae
938 1372 1038 1443 sedis¹
1061 1377 1103 1443 ad
1125 1376 1317 1443 desiderium
1338 1378 1454 1444 mentis
1475 1383 1550 1445 tuae

378 1491 602 1560 blandiendum
635 1487 825 1559 inclinauit¹.
865 1490 981 1559 Postea
1007 1492 1173 1559 inimicum
1200 1492 1372 1560 catholicae
1401 1493 1550 1561 ecelesiae

376 1602 594 1675 Rathbodum³
617 1627 724 1675 eoram
746 1612 778 1675 te
801 1606 1023 1675 consumunt
1057 1608 1181 1675 Deinde
1203 1628 1262 1695 per
1281 1608 1439 1675 somnium
1452 1614 1552 1677 temet

376 1726 467 1812 ipso⁰
489 1723 656 1791 revelavit:
685 1724 768 1809 quod
791 1723 927 1791 debuisti
949 1724 1116 1791 manifeste
1137 1744 1273 1791 messem
1295 1723 1356 1789 Dei
1378 1730 1497 1792 metere
1519 1730 1552 1792 et

377 1860 571 1925 congregare
598 1846 778 1907 sanctarum
806 1840 983 1907 animarum
1009 1839 1188 1927 manipulos
1215 1840 1251 1906 in
1275 1840 1437 1907 horream'
1461 1841 1552 1924 regni

377 1952 550 2024 caelestis⁴.
641 1954 761 2023 ideireo
793 1976 829 2023 eo
857 1956 959 2041 magis
989 1954 1154 2040 confimat,
1187 1956 1273 2041 quod
1298 1955 1387 2023 nulla
1414 1956 1551 2023 varietas

376 2071 603 2161 temporalium
617 2071 870 2139 vicissitudinum
893 2076 1010 2141 statum
1032 2072 1149 2140 mentis
1170 2081 1278 2139 meae⁸
1290 2072 1443 2139 inclinare
1458 2077 1553 2157 queat

380 2209 401 2257 a
428 2188 595 2275 proposita
621 2188 763 2257 conaus
789 2192 863 2255 tuae
891 2187 1043 2257 custodia.
1079 2186 1143 2255 Sed
1171 2188 1334 2256 ardentius
1359 2188 1408 2255 uis
1435 2188 1552 2255 amoris

380 2306 415 2372 in
437 2324 490 2371 me
512 2304 650 2389 calescit,
673 2304 748 2371 dum
770 2323 829 2391 pro
851 2309 936 2371 certo
959 2322 1124 2389 cognosse,
1146 2323 1204 2390 per
1226 2304 1404 2372 orationum
1424 2309 1552 2371 tuarum

383 2420 533 2505 suffragia
554 2420 595 2488 ad
616 2424 742 2508 portum
766 2420 897 2487 alieuius
919 2420 1034 2507 quietis
1050 2420 1241 2508 perveniese.
1276 2420 1350 2487 Ideo
1365 2421 1481 2487 iterum
1495 2421 1553 2487 hu-

382 2537 501 2605 militer
523 2556 646 2621 moneo,
669 2542 706 2603 ut
726 2536 987 2603 intercessionum
1009 2540 1137 2603 tuarum
1159 2536 1266 2603 studia
1285 2556 1345 2624 pro
1362 2555 1435 2603 mea
1447 2535 1555 2624 parvi·

382 2658 447 2721 tate
461 2653 599 2721 Domino
623 2651 734 2720 offerre
757 2652 911 2737 digneris:
935 2656 1090 2738 quatenus
1113 2672 1171 2719 sua
1192 2652 1297 2737 guda
1316 2672 1369 2719 me
1390 2652 1488 2719 iaciat
1505 2652 1555 2718 in·

383 2770 528 2838 columen
549 2788 621 2836 oum
642 2768 725 2836 tuisl
747 2768 1004 2858 protectionibus.

474 2884 638 2971 Simulque
662 2886 742 2952 sciat
763 2886 879 2953 caritas
900 2890 965 2970 tua,
988 2884 1072 2971 quod
1086 2884 1250 2972 passiones
1265 2890 1453 2972 martyrum,
1477 2904 1556 2971 quas

384 3004 494 3092 petisti
514 3002 575 3070 tibi
592 3001 776 3086 transmitti,
801 3000 904 3069 adhue
917 3000 1048 3068 minime
1063 3000 1153 3089 potui
1167 3000 1348 3087 impetrare.
1384 2999 1457 3084 Sed
1480 3000 1557 3068 dum

383 3120 517 3202 ualeam,
540 3117 665 3184 faciam.
737 3094 786 3184 'Et
806 3122 852 3203 tu,
875 3118 920 3184 mi
943 3116 1137 3201 carissimus,
1160 3116 1261 3200 dirige
1282 3116 1385 3183 meae*
1405 3116 1558 3205 parvitati

385 3237 424 3303 ad
447 3234 706 3319 consolationem,
730 3234 813 3319 quod
835 3254 893 3321 per
916 3232 1114 3301 dulcissimas
1136 3232 1260 3300 litteras
1282 3237 1355 3300 tuas
1371 3232 1557 3321 promisisti,

385 3354 417 3421 id
438 3358 490 3421 est
511 3352 769 3436 congregationes
792 3350 913 3436 adquae
936 3347 1137 3417 secretarumk
1159 3349 1397 3436 scripturarum.

475 3467 629 3537 Similiter
651 3468 795 3554 deposco,
818 3472 855 3533 ut
874 3470 1054 3535 sanctarum
1069 3466 1240 3532 missarum
1256 3464 1431 3533 oblationes
1447 3464 1558 3534 offerre

385 3586 526 3672 digneris
548 3604 607 3671 pro
630 3584 747 3651 anima¹
768 3584 831 3650 mei
853 3582 1034 3671 propinqui,
1058 3582 1113 3668 qni
1134 3582 1214 3648 milri
1235 3602 1312 3669 prae
1334 3582 1447 3650 ceteris
1467 3602 1559 3648 carus

386 3707 472 3786 crat,
500 3701 552 3768 cui
580 3720 695 3767 nomen
722 3704 815 3767 eratm
838 3699 886 3766 .N.
977 3698 1021 3765 Et
1046 3716 1105 3786 per
1133 3698 1267 3765 eundem
1288 3698 1476 3786 portitorem
1500 3697 1560 3765 tibi

385 3818 569 3886 tansmitto
595 3834 679 3883 nunc
707 3816 934 3901 quinquaginta
960 3814 1097 3882 solidos'¹
1119 3819 1153 3881 et
1174 3814 1307 3902 pallium
1330 3813 1456 3896 altaris3
1486 3814 1560 3899 quia

387 3934 511 4002 maiora
538 3932 725 4000 munuscula
752 3932 882 3999 minime
910 3930 999 4018 potui
1028 3930 1230 4019 adipisceret
1270 3928 1333 3996 Sed
1354 3933 1462 3997 tamen
1483 3929 1561 3997 haec

461 4180 482 4215 a.
504 4166 566 4213 elcut
580 4168 753 4225 mersoriptmn
769 4174 802 4213 eet
818 4167 841 4211 ιἰι
858 4166 884 4211 C.
962 4162 984 4209 b.
1005 4163 1032 4209 ut
1047 4162 1106 4218 MV,
1122 4179 1180 4208 corr.
1195 4165 1218 4208 is
1234 4164 1259 4209 et
1275 4164 1300 4209 C.
1379 4173 1398 4208 e,
1419 4161 1509 4219 ignotas
1524 4164 1560 4207 M.

388 4248 411 4295 d
427 4246 618 4303 comtreuuitM5
634 4244 776 4291 comtemnit
791 4261 848 4291 corr.
860 4247 882 4290 tn
897 4242 1051 4291 consternauit
1062 4244 1095 4300 C,-
1110 4242 1265 4289 consternavit
1276 4258 1333 4287 corr.
1346 4244 1370 4288 ta
1382 4240 1560 4288 comtemnitV.

390 4342 410 4375 e.
431 4344 489 4374 corr.
505 4328 529 4371 ris
544 4324 634 4371 tibimet
649 4325 695 4385 ipsi
712 4328 738 4373 C.
816 4323 831 4370 f.
852 4342 909 4370 corr.
925 4325 948 4369 in
964 4322 1046 4369 horrea
1063 4324 1089 4371 C.
1167 4335 1189 4380 g.
1210 4320 1256 4369 mei
1271 4322 1331 4374 MV.
1347 4338 1404 4367 corr.
1420 4324 1444 4368 ιι
1459 4333 1523 4367 meae
1535 4324 1561 4369 ι’.

390 4407 412 4455 n
436 4420 489 4454 cum
509 4405 556 4453 tuuis
579 4405 642 4463 MK·
667 4417 717 4451 cum
738 4404 809 4451 totius
829 4404 890 4450 vitae
911 4406 941 4457 C,
964 4403 1003 4449 uta·
1021 4403 1081 4449 uitae
1101 4404 1274 4461 eupascripuue
1294 4410 1335 4449 eet.
1427 4401 1444 4447 'a
1467 4399 1512 4447 mei
1533 4400 1562 4448 V.

390 4486 555 4533 herimarum
571 4488 605 4531 M.
688 4484 704 4530 l.
725 4484 822 4531 animam
840 4484 867 4530 V.
951 4496 980 4529 ιιι.
1003 4499 1046 4529 οιιι.
1064 4485 1090 4531 C.
1169 4495 1193 4528 n
1214 4480 1339 4528 solidorum
1357 4482 1385 4527 V.
1463 4493 1484 4526 o.
1505 4496 1563 4525 corr.

391 4569 413 4614 iu
427 4564 526 4627 adipisci
543 4567 569 4613 C.

463 4698 488 4753 1.
506 4694 671 4765 Gregorium
687 4694 723 4749 Π.
794 4695 820 4749 2.
839 4694 874 4751 V.
888 4706 931 4763 ep.
946 4694 979 4749 12
997 4706 1081 4762 supra
1096 4708 1124 4763 p.
1136 4692 1181 4747 62.
1252 4690 1279 4745 3.
1297 4704 1392 4759 regern
1403 4689 1563 4758 dissonum,

393 4786 439 4856 qui
461 4785 532 4842 obiit
549 4784 649 4840 a.‘119.
738 4782 765 4839 4.
789 4782 824 4837 dc
842 4781 894 4837 hoc
912 4781 1018 4837 somnio
1035 4782 1136 4851 Bugga
1153 4778 1188 4835 ab
1205 4779 1267 4848 ipso
1283 4776 1422 4835 Bonifatio
1438 4792 1489 4847 per
1505 4791 1562 4847 eas,

395 4890 460 4947 quas
478 4888 563 4945 supra
580 4877 721 4943 memorat,
740 4872 846 4928 litteras
864 4872 964 4929 certior
980 4870 1056 4927 iacta
1073 4884 1136 4926 esse
1153 4868 1270 4924 videtrrr.
