4342 6034
559 730 587 779 s.
603 731 779 780 somnum
799 732 845 780 su
865 733 969 780 suurn
989 732 1177 780 sersrouss
1202 734 1239 780 aa.
1256 733 1286 778 aa
1462 718 1505 784 83

347 870 441 938 facitis
467 871 500 937 in
527 871 623 938 verbo
653 873 769 938 autin
796 892 906 959 opere,
939 873 974 939 in
1001 874 1129 941 nomine
1158 874 1278 940 domini
1305 875 1407 942 nostri
1434 875 1598 942 resumas

348 984 469 1071 Christi,
496 987 616 1070 gratias
644 991 772 1072 agentes
800 987 868 1054 Deo
898 993 930 1056 et
952 988 1042 1056 Patri
1071 1011 1129 1075 per
1157 991 1263 1077 ipsum
1272 987 1290 1076 ¹,
1319 995 1505 1078 respuentes
1525 954 1588 1002 Μ

346 1101 521 1184 gentilitatis
550 1108 684 1185 sestam3
719 1104 869 1188 seientes,
905 1125 962 1170 vos
991 1104 1164 1172 Dominum
1191 1105 1308 1173 habere
1336 1108 1370 1173 in
1399 1105 1504 1174 saelis.

348 1215 477 1284 Orationi
498 1214 681 1304 instantes¹,
710 1219 751 1286 ad
772 1219 880 1306 ipsum
901 1239 956 1286 oor
978 1220 1105 1303 erigite3
1130 1221 1278 1306 quoniam
1300 1243 1434 1306 magnus
1458 1228 1507 1288 est

347 1333 479 1400 dominus
509 1333 595 1401 Deus
623 1339 732 1401 noster
759 1341 791 1402 st
823 1335 991 1401 laudabilis
1024 1337 1135 1421 nimis,
1171 1341 1203 1404 et
1231 1338 1381 1404 terribilis
1410 1358 1506 1424 super

346 1469 443 1516 omnes
465 1445 576 1532 deos³3
606 1451 660 1535 qui
686 1450 755 1516 vult
781 1471 890 1518 omnes
913 1450 1056 1518 homines
1078 1451 1183 1520 salvos
1206 1451 1275 1520 fieri
1298 1459 1330 1520 et
1353 1455 1393 1520 ad
1417 1455 1506 1538 agni·

346 1565 453 1632 tionem
474 1567 619 1632 veritatis
641 1563 834 1652 pervenire⁴.
924 1567 993 1634 Hoo
1021 1572 1127 1635 autem
1150 1588 1351 1654 commoneo,
1373 1570 1505 1636 fratres:

346 1686 389 1765 nt,
416 1683 604 1768 quicumque
629 1681 765 1750 soluerit
793 1704 832 1750 ex
861 1683 951 1750 vobis
979 1683 1020 1749 ad
1042 1682 1204 1752 Christum
1234 1685 1390 1769 converti,
1419 1685 1507 1752 nullo

344 1798 428 1865 modo
450 1819 524 1865 eum
545 1798 740 1885 prohibeatis
762 1819 863 1884 neque
886 1799 951 1866 vim
974 1799 1002 1866 ei
1025 1799 1150 1867 iaeiatis
1174 1800 1336 1887 soulptilia
1358 1801 1506 1884 adorare3

345 1914 411 1998 quia
429 1915 498 2001 ipse
521 1913 664 1982 Christus
687 1915 832 1982 dominus
854 1915 934 1981 vivit
955 1935 1026 1982 oum
1051 1915 1109 1982 deo
1124 1915 1219 1983 Patre
1235 1917 1451 2004 omnipotente
1473 1919 1508 1982 in

344 2031 454 2097 unitate
476 2030 618 2117 Spiritus
641 2031 743 2097 saneti
764 2051 822 2118 per
844 2031 951 2097 omnia
974 2031 1080 2098 secula
1102 2031 1289 2100 seculorum.
1336 2032 1450 2099 Amen.

423 2147 606 2230 tarisum,
634 2146 736 2213 fidelis
766 2147 911 2214 minister
933 2150 966 2213 et
987 2166 1157 2214 conservus
1179 2149 1214 2214 iu
1237 2148 1390 2232 Domino,
1415 2169 1507 2234 quem
1539 2227 1543 2236 ,

345 2263 409 2329 nisi
429 2264 469 2330 ad
491 2284 550 2330 vos
564 2261 769 2346 Bonifatium,
791 2263 925 2328 fratrem
947 2283 985 2330 ae
1006 2265 1229 2350 coepiscopum
1252 2285 1368 2349 meum,
1393 2265 1508 2331 adhoc

345 2378 452 2464 ipsum:
475 2385 515 2445 ut
536 2383 719 2463 cognoseat,
749 2399 829 2464 quae
852 2379 937 2445 eirea
958 2399 1015 2446 vos
1038 2385 1128 2465 sunt,
1159 2385 1190 2447 et
1213 2380 1390 2448 oonsoletur
1413 2381 1509 2448 eorda

345 2500 440 2562 restra
460 2515 535 2562 oum
563 2494 769 2561 exortationis
798 2495 894 2562 verbo
922 2495 956 2561 in
980 2495 1105 2563 Christo
1133 2497 1204 2563 Iesu
1232 2497 1359 2563 domino
1383 2504 1508 2580 nostr03

346 2615 389 2694 ut,
415 2610 615 2678 adiaboliea
636 2609 747 2678 fraude
773 2609 916 2695 liberati,
943 2613 1130 2679 mereamini
1154 2613 1332 2699 adoptionis
1356 2611 1430 2679 filiis
1455 2633 1508 2698 ag·

346 2729 457 2811 gregati
486 2733 523 2794 et
549 2732 600 2811 ut,
630 2726 670 2794 ab
692 2731 822 2794 aotema
844 2726 1046 2794 damnatione
1068 2727 1212 2813 liberati,
1243 2729 1342 2795 vitam
1364 2729 1508 2796 habeatis

347 2848 504 2910 aeternam

348 3027 401 3098 23.
423 3031 608 3117 Leohqptha
630 3031 833 3117 Boop‘atium
855 3043 957 3118 repat,
981 3043 1017 3096 ut
1035 3054 1097 3118 pro
1116 3031 1304 3117 parentibus
1328 3035 1394 3096 auio
1416 3054 1509 3119 seque

422 3151 515 3212 deam
538 3150 668 3212 invocet.
714 3149 833 3214 Marnas
855 3151 977 3214 mittit'.
1227 3145 1272 3226 (S.
1290 3147 1344 3230 36,
1367 3145 1436 3216 WG
1453 3150 1507 3232 21)

423 3269 563 3337 Domino
584 3271 838 3337 reverentissimo
861 3276 893 3337 et
916 3291 1057 3337 summae
1072 3271 1236 3354 dignitatis
1251 3269 1351 3338 infula
1365 3273 1508 3358 praedito
1527 3288 1591 3354 poss
1604 3286 1656 3338 722
1771 3325 1788 3348 .

347 3381 496 3453 Bonifaeio
519 3392 616 3471 atque
637 3387 671 3452 in
691 3387 817 3453 Christo
839 3387 1003 3453 carissimo
1027 3386 1160 3453 etmihi
1183 3385 1354 3454 adfinitatis
1377 3390 1508 3474 propin-

348 3501 456 3584 quitate
477 3523 600 3570 eonexo
621 3497 852 3590 Leohgytha⁶⁶,
881 3503 995 3569 ultima
1015 3501 1085 3568 leve
1107 3503 1216 3586 iugum
1239 3501 1356 3569 Christi
1379 3509 1508 3590 portan-

346 3616 417 3683 tium
436 3619 568 3701 famula,
591 3638 763 3705 perennem
786 3617 947 3706 sospitatis
970 3617 1114 3684 salutem.

424 3733 512 3818 Rogo
536 3739 624 3800 tuam
647 3734 863 3802 elementiam:
886 3739 923 3800 ut
943 3753 1120 3801 memorare
1144 3733 1283 3817 digneris
1298 3735 1414 3820 prieris
1431 3735 1509 3802 ami-

347 3847 440 3934 sitiaq
462 3871 560 3936 quam
581 3851 647 3916 iam
670 3851 789 3916 dudum
810 3871 883 3918 eum
905 3856 996 3937 patre
1018 3871 1089 3916 meo
1112 3849 1283 3936 copulasti,
1306 3851 1395 3918 ouius
1417 3871 1509 3917 vosa-

347 3962 446 4032 bulum
467 3971 518 4034 est
532 3966 674 4052 Dynne⁶‚
697 3968 731 4032 in
754 3968 892 4033 oeoiduis
914 3965 1095 4050 regionibus
1111 3965 1221 4050 —qui
1243 3985 1327 4032 nuno
1350 3971 1423 4034 ants
1439 3972 1509 4032 octo

348 4099 492 4148 annorum
515 4081 707 4148 omrioulum
730 4083 770 4149 ab
792 4083 852 4149 hae
873 4083 944 4149 luoe
959 4083 1138 4149 subtractus
1155 4087 1203 4148 est
1220 4117 1260 4127 -
1277 4086 1313 4148 ut
1328 4103 1386 4169 pro
1403 4083 1510 4150 anima

348 4194 423 4263 illius
443 4219 556 4285 praees
578 4197 690 4264 offerre
704 4198 773 4264 Deo
793 4219 856 4265 nou
871 4219 1007 4265 rennues
1013 4199 1035 4264 ⁴.
1070 4197 1138 4264 Neo
1152 4218 1215 4264 non
1232 4201 1263 4264 et
1277 4199 1389 4265 matris
1403 4209 1509 4265 meae·

348 4315 525 4381 memoriam
552 4315 737 4381 commendo
764 4314 838 4398 tihi,
867 4333 948 4400 quae
975 4315 1214 4398 aognominatur
1239 4309 1400 4396 Aebbe¹⁶3
1430 4333 1510 4399 quae

412 4461 432 4494 ι.
449 4466 478 4493 ex
488 4451 520 4496 M
530 4449 575 4495 loo
585 4449 683 4503 —uooq
701 4449 780 4498 Csshv
789 4449 859 4504 -86,
878 4450 903 4495 V
909 4450 1032 4496 al-ale.
1057 4451 1164 4496 Lemma.-
1180 4447 1235 4493 Item
1246 4447 1344 4507 epistola
1353 4446 1463 4505 Liobgida
1475 4451 1510 4503 M,

349 4521 398 4570 Item
412 4528 509 4588 epistola
524 4527 662 4586 Leohgithae
680 4529 729 4576 CV.
796 4527 820 4574 h.
840 4525 963 4587 Lsohgyda
978 4531 1013 4574 Μ.
1078 4541 1099 4574 c.
1120 4527 1192 4573 Tinna
1208 4529 1243 4573 M.
1306 4526 1329 4572 d.
1345 4540 1442 4573 rennues
1452 4528 1510 4583 MV,

350 4619 401 4650 ωπ.
414 4609 436 4653 ι’·
450 4621 549 4654 ranuuas
566 4611 593 4656 c,
670 4623 689 4654 a.
710 4621 761 4654 moa
778 4608 806 4655 V.
883 4606 899 4653 t
919 4606 997 4653 Aebbe
1013 4611 1048 4661 M,
1066 4607 1143 4654 hohas
1160 4609 1186 4655 C.

413 4686 436 4739 l.
459 4685 566 4740 Coloss.
583 4686 609 4755 3,
628 4687 671 4740 11.
760 4687 786 4740 2.
810 4685 888 4740 Rom.
907 4687 949 4754 12,
964 4686 1006 4765 12.
1096 4685 1122 4740 3.
1145 4683 1190 4738 Ps.
1209 4684 1252 4753 95,
1263 4683 1290 4738 4.
1379 4683 1405 4737 4.
1431 4682 1510 4736 1Τί-

351 4771 501 4843 notham
582 4775 609 4828 5.
634 4790 657 4829 s.
675 4773 771 4845 Lioba,
788 4777 887 4844 postea
904 4772 1045 4828 abbatissa
1061 4771 1349 4842 Biseopesheimensis.
1430 4772 1455 4825 o.
1474 4771 1508 4825 V.

351 4857 410 4914 Vita
424 4861 451 4917 S.
463 4862 568 4918 Liobae
584 4879 629 4933 ap.
648 4863 777 4918 hlabillon
793 4862 867 4918 Aeta
885 4861 934 4918 SS.
953 4861 1011 4917 ord.
1030 4862 1098 4917 Bon.
1117 4875 1190 4916 eaeo.
1202 4861 1242 4915 111
1260 4861 1289 4914 P.
1302 4860 1328 4914 11
1346 4875 1374 4930 p.
1386 4859 1448 4914 249.

1310 4955 1351 5012 6¹}
