4342 6034
655 740 723 808 490
955 758 1003 805 ux
1025 756 1180 805 ormnem
1202 758 1281 805 vrrs
1305 758 1331 805 s.
1347 758 1522 805 sommium

654 899 720 966 rari
741 899 844 965 iussit
878 898 937 965 lllo
959 918 1034 966 vero
1055 904 1245 986 praeparato
1268 904 1301 966 et
1322 918 1457 983 oomeso,
1479 900 1630 985 reliquias
1651 900 1685 966 iu
1704 898 1806 967 flumen

572 1100 575 1104 .
655 1015 755 1101 proisi
783 1015 953 1101 praecepit.
1043 1013 1168 1082 Exinde
1195 1025 1321 1101 septum
1344 1035 1478 1101 eerpens
1501 1016 1561 1083 iter
1583 1022 1617 1083 et
1639 1015 1805 1099 Turingian

654 1150 838 1217 peragrans,
860 1129 1027 1214 diligenter
1045 1130 1257 1214 investigavit
1282 1132 1371 1207 ouius
1385 1131 1439 1197 ille
1454 1132 1541 1197 loeus
1557 1136 1651 1214 esset,
1672 1131 1724 1197 ubi
1736 1132 1805 1197 visio

653 1252 744 1313 tauta
771 1246 833 1313 sibi
862 1246 1018 1333 apparuit
1057 1245 1303 1333 compertoque,
1331 1247 1415 1332 quod
1441 1244 1551 1332 Hugo,
1580 1248 1635 1333 qui
1661 1246 1806 1313 dicebatur

654 1363 770 1445 senior,
798 1362 883 1428 illius
905 1361 968 1428 looi
989 1381 1153 1449 possessor
1175 1366 1268 1445 esset,
1290 1362 1384 1448 petiit
1406 1362 1446 1429 ab
1469 1382 1516 1447 eo,
1539 1368 1576 1429 ut
1597 1362 1658 1429 sibi
1678 1361 1748 1428 dare
1766 1362 1806 1427 di-

653 1484 811 1563 gnsrstur.
845 1477 891 1544 At
911 1477 983 1562 ille,
1007 1478 1109 1563 petita
1130 1495 1282 1561 annuens,
1304 1478 1425 1564 primus
1448 1479 1589 1545 omnium
1611 1478 1806 1561 Turingorum

653 1593 859 1660 hereditatem
882 1613 973 1659 suam
994 1592 1126 1660 tradidit
1147 1593 1325 1659 venerando
1348 1594 1496 1680 praesuli.
1530 1593 1653 1661 Deinde
1674 1612 1746 1659 raro
1759 1592 1808 1658 ll-
1885 1660 1886 1671 ,

653 1705 738 1777 bolt¹
752 1708 869 1793 aliique
890 1708 997 1795 plures
1019 1710 1167 1791 contigua
1188 1708 1349 1795 praedicto
1369 1710 1438 1776 loeo
1460 1710 1592 1796 praedis
1610 1709 1808 1775 tradiderunt
1885 1690 1886 1707 ¹

653 1823 712 1890 His
738 1824 837 1907 igitur
865 1824 1004 1911 adeptis,
1031 1828 1159 1891 sanetus
1181 1822 1360 1891 Bonifeoius
1389 1826 1529 1909 rediens,
1557 1825 1592 1891 in
1620 1824 1728 1891 eodem
1749 1824 1810 1890 loeo
1885 1866 1886 1869 =

652 1940 787 2006 frutecta
809 1939 969 2026 extirpare
989 1944 1170 2026 terramque
1184 1940 1321 2007 incolere
1336 1942 1430 2008 iussit
1444 1946 1486 2026 et,
1508 1942 1591 2007 iaoto
1605 1940 1809 2023 fundamento,

653 2055 836 2122 aeeclesiam
858 2056 999 2121 eoustrui
1019 2054 1104 2122 feeit.
1139 2055 1225 2121 Haeo
1248 2061 1351 2123 summ
1374 2057 1410 2122 in
1430 2056 1510 2123 libro
1534 2056 1671 2142 quodam
1691 2057 1808 2139 antiquo

654 2170 774 2257 seripte
795 2171 966 2257 reperiens,
993 2171 1066 2237 ideo
1087 2172 1227 2237 inserere
1249 2172 1383 2256 deerevi,
1411 2177 1456 2256 ut,
1481 2173 1590 2256 agnita
1610 2192 1714 2255 eausa,
1736 2170 1809 2237 unde

652 2286 878 2353 monesterium
906 2287 1103 2373 praediorum
1131 2292 1346 2354 oonstmetum
1373 2288 1485 2371 fuerit,
1520 2293 1552 2354 et
1578 2288 1648 2374 ipse
1674 2288 1759 2355 loeus
1783 2292 1809 2352 et

652 2402 802 2468 fundator
824 2402 902 2486 eius,
926 2402 1069 2487 angelica
1089 2402 1270 2471 visitatione
1291 2404 1390 2487 digni,
1413 2403 1472 2470 sub
1487 2405 1688 2471 veneratione
1707 2402 1808 2469 maiori

653 2516 838 2584 habeantur.

741 2631 912 2699 Prediosus
940 2652 1014 2717 ergo
1044 2636 1076 2699 et
1098 2632 1264 2719 baptizans
1286 2638 1413 2700 sanetus
1435 2634 1563 2721 praesul
1584 2632 1811 2701 Bonitaoiusin

654 2748 865 2832 Turingorum
887 2754 920 2815 et
940 2748 1113 2815 Bessorum
1134 2748 1325 2833 regionibus,
1348 2750 1521 2837 perspexit,
1542 2770 1679 2817 messem
1694 2750 1811 2835 quidem

654 2864 788 2931 multam
809 2884 879 2931 esse
899 2864 957 2948 ibi,
979 2865 1034 2932 sed
1057 2866 1218 2951 operarios
1241 2862 1377 2951 pauoos¹
1401 2866 1442 2932 ad
1463 2866 1621 2953 eopiosam
1644 2865 1809 2932 multitudi-
1887 2950 1888 2961 .

651 3000 725 3047 nem
752 2980 947 3047 credentium
973 2981 1200 3048 instruendam.
1236 2980 1326 3047 Unde
1347 2982 1382 3047 in
1404 2982 1598 3067 prorineiam
1620 2982 1808 3068 patriamque

652 3116 743 3162 suam
765 3098 905 3181 mittens,
928 3098 1043 3164 exinde
1065 3102 1132 3163 tam
1153 3096 1288 3163 laminas
1311 3116 1405 3181 quam
1420 3098 1506 3163 siros
1520 3097 1695 3182 religiosos,
1718 3098 1806 3163 seien-

651 3213 758 3297 tiaque
780 3214 871 3279 varia
890 3213 1045 3296 imbutos,
1072 3212 1179 3300 plures
1202 3214 1310 3279 venire
1331 3212 1422 3296 feeit,
1451 3214 1579 3299 suique·
1599 3212 1717 3280 laboris
1738 3228 1804 3278 orus

650 3328 735 3401 inter
762 3348 816 3395 sos
843 3328 961 3395 divisit
994 3328 1080 3395 luter
1108 3348 1186 3413 quos
1215 3332 1305 3395 erant
1331 3328 1494 3415 praecipui
1514 3328 1576 3395 viri
1597 3319 1804 3412 Burghardus'

652 3449 685 3510 et
705 3441 831 3529 bullus,
860 3442 1030 3511 Willibolt‘
1051 3450 1084 3511 et
1101 3440 1301 3511 Wunuibolt⁶
1323 3444 1422 3511 frater
1444 3444 1527 3528 eius,
1549 3440 1665 3511 witte⁸
1686 3450 1718 3510 et
1738 3440 1803 3509 Gre

651 3556 793 3644 gorius'3
816 3560 954 3627 feminae
974 3580 1050 3627 vero
1071 3560 1253 3643 religiosae:
1276 3565 1447 3627 matertera
1469 3559 1590 3628 soilioet
1610 3560 1711 3627 saneti
1731 3556 1804 3625 Luni

650 3676 779 3742 nomine
793 3674 965 3761 Ghunihilt,
984 3682 1017 3743 et
1029 3675 1096 3743 lilia
1110 3677 1177 3743 eius
1192 3674 1346 3760 Berthgit,
1362 3676 1538 3743 Ghunitrud
1553 3683 1585 3743 et
1599 3676 1703 3760 Taele,
1717 3674 1804 3741 Liobr

651 3797 684 3858 et
700 3790 911 3878 waltpurgis,
934 3810 1025 3858 soror
1040 3791 1206 3860 Willibolti
1229 3797 1262 3859 et
1278 3792 1482 3860 Wunnibolti.
1518 3792 1579 3859 Sed
1602 3791 1761 3859 Ghuuilrilt
1778 3792 1805 3855 et

650 3906 717 3973 filia
738 3908 805 3974 eius
827 3906 982 3991 Berbtglt,
1004 3908 1097 3975 valde
1119 3908 1262 3975 eruditae
1283 3908 1463 3975 inliberali
1485 3909 1626 3993 seientia,
1649 3908 1684 3974 in
1703 3907 1803 3973 Turin-

650 4042 762 4108 gorum
790 4024 919 4107 regione
946 4025 1217 4093 eonstituebautur
1239 4026 1423 4109 magistram
1452 4023 1628 4091 chunitrud
1649 4024 1683 4090 in
1704 4022 1803 4089 Reios·

650 4139 732 4205 riam
759 4140 917 4206 dmdnata
944 4145 1007 4224 est,
1037 4145 1074 4206 ut
1101 4140 1188 4208 verbi
1217 4141 1317 4207 divini
1346 4142 1467 4207 semine
1493 4135 1612 4207 ibidem
1637 4139 1799 4226 spergeret

651 4254 778 4323 'leolam
800 4276 875 4323 vero
897 4257 988 4323 iuxta
1008 4254 1139 4323 tluvium
1153 4254 1241 4323 lloin
1261 4258 1296 4323 in
1318 4256 1405 4342 loeis,
1428 4254 1583 4341 Kizzinga
1598 4261 1631 4323 et
1645 4252 1801 4323 Ohsuoiurt

720 4492 742 4525 ι
763 4479 844 4538 suique
856 4501 882 4511 -
895 4478 975 4525 divisit
988 4494 1032 4523 οι.
1042 4496 1063 4525 c.

722 4584 747 4638 1.
770 4581 812 4638 cf.
831 4580 859 4638 S.
871 4578 1001 4638 Bonifatii
1018 4596 1062 4651 ep.
1072 4583 1121 4651 20,
1146 4598 1163 4637 a
1181 4582 1312 4653 Gregorio
1324 4582 1351 4638 II
1368 4582 1452 4637 missa
1469 4580 1586 4638 Alvoldo
1610 4581 1721 4651 aldedus
1736 4576 1797 4633 Thu·

648 4672 743 4741 ringis,
761 4686 845 4741 supra
854 4686 882 4741 p.
895 4671 939 4726 80.
1010 4672 1036 4725 2.
1055 4669 1151 4725 blattis.
1164 4672 1189 4741 9,
1202 4672 1246 4727 37.
1317 4672 1342 4727 3.
1361 4686 1405 4742 ep.
1418 4669 1656 4741 wirsiburgensis.
1722 4668 1796 4735 sep.

648 4759 821 4815 Eisteteusis
874 4761 901 4815 5.
921 4758 1008 4814 abbas
1024 4758 1287 4817 Heideuhoimensis.
1341 4762 1367 4816 6.
1386 4758 1667 4831 euaumurgensu.
1718 4758 1741 4812 7.
1757 4752 1795 4809 ab

647 4848 699 4903 bas
716 4852 746 4903 et
762 4854 851 4903 reotor
868 4848 1001 4904 eoelesiae
1018 4848 1202 4905 'liaiootsnsis
1220 4848 1256 4904 ad
1273 4848 1407 4905 Rhenum.
