4342 6034
610 758 637 807 s.
653 758 831 809 sommam
852 762 896 809 ur
918 762 1021 810 uuum
1042 763 1231 813 namucum
1252 764 1292 811 or
1489 752 1534 817 39

361 898 531 985 cadebant,
556 920 627 968 cum
649 902 819 971 verticibus
909 903 1130 991 simulruptis
1151 906 1321 974 radicibus.

360 1015 471 1101 Neque
493 1020 602 1100 guttae
623 1017 783 1101 graciliter
838 1092 840 1097 ,
873 1019 1061 1105 manabant,
1085 1021 1141 1087 sed
1162 1022 1344 1105 minacitar3

360 1131 473 1198 mundi
494 1136 599 1199 rotam
621 1134 801 1201 rorantibus
892 1136 1094 1203 umectabant
1115 1156 1188 1205 cum
1209 1138 1373 1206 imbribus.

361 1246 443 1313 (lum
465 1247 676 1335 praepollenti
698 1249 808 1336 pluvia
897 1257 1003 1319 essent
1023 1252 1141 1320 referta
1161 1252 1304 1340 flumina,

360 1363 455 1431 tmbo
477 1368 597 1432 terram
619 1366 771 1433 teretibus
861 1367 1066 1451 grassabatur
1088 1370 1306 1455 grandinibus,

361 1500 443 1565 quae
466 1481 651 1548 catervatim
673 1482 803 1549 caelitus
893 1484 1078 1551 crebrantur
1101 1486 1200 1569 nigris
1221 1486 1368 1555 nubibus.
1469 1497 1471 1501 “

360 1594 471 1681 Neque
493 1596 651 1663 caelorum
675 1598 813 1665 culmina
902 1604 1011 1667 carent
1032 1606 1188 1668 nocturna
1208 1602 1339 1684 nebulu3

363 1730 498 1796 quorum
518 1711 653 1800 pulchra
674 1714 822 1801 planities
912 1696 1096 1802 perlucebat
1117 1722 1154 1784 ut
1175 1718 1299 1803 glaties,

362 1826 463 1895 donec
485 1828 593 1896 nimbo
617 1849 654 1897 ac
675 1830 811 1899 nubibus
901 1836 990 1899 torve
1013 1838 1163 1917 tegrmtur
1184 1833 1352 1902 trucibus·.

361 1943 445 2011 Nam
468 1946 690 2013 tenebrescunt
710 1947 846 2032 turbine,
937 1948 1082 2035 dismpto
1105 1969 1213 2016 rerum
1235 1951 1355 2034 ordine,

361 2080 512 2144 germana
533 2060 652 2130 Phoebi
674 2063 805 2129 numina
895 2069 989 2150 atquo
1011 2064 1177 2151 praeclara
1197 2064 1328 2133 lumina.

360 2178 472 2265 Neque
493 2177 648 2263 flagrabat
669 2178 845 2265 flammiger
934 2180 1064 2248 ductorl
1087 2181 1210 2247 diemm
1231 2180 1369 2267 Lucifer,

363 2295 446 2362 sicut
469 2294 551 2361 solet
573 2295 738 2382 sepissime
829 2301 975 2363 auratum
998 2296 1085 2363 sidus
1109 2317 1248 2383 surgere,

363 2410 418 2477 sed
440 2416 586 2479 caecatus
609 2411 742 2495 caligine
831 2411 919 2479 velut
940 2412 1033 2479 furva
1054 2412 1196 2496 fuligine.

362 2526 501 2593 Plaustri
522 2527 617 2614 plane
638 2527 851 2615 pulcherrima
939 2548 1004 2595 non
1026 2534 1211 2616 comparent
1232 2530 1416 2615 curricula⁶,

364 2643 519 2729 aquilonis
543 2644 678 2711 acircio
768 2664 895 2712 cursum
918 2645 1074 2713 servantis
1098 2645 1216 2713 sedulo.

362 2760 409 2827 Ao
431 2759 566 2827 totidem
588 2760 779 2829 torrentibus
869 2766 991 2848 septem
1014 2761 1094 2829 latet
1115 2762 1315 2849 lampadibus

363 2874 481 2943 Pliadis
503 2874 636 2963 pulchra
657 2876 771 2964 copule
883 2878 923 2945 ab
946 2877 1111 2945 Athlantis
1133 2881 1298 2967 prosapia3

363 2993 440 3061 baec
461 2992 677 3060 conscendunt
698 3013 755 3079 per
778 2993 888 3061 ethera
978 2994 1018 3061 ub
1041 2999 1114 3061 ortu
1137 2994 1213 3061 solis
1236 2995 1350 3064 sidera

365 3109 452 3177 Tunc
473 3108 546 3196 pari
567 3108 657 3177 lance
678 3109 812 3197 limpida
900 3108 996 3177 Libro
1018 3110 1167 3197 torpebat
1188 3112 1317 3179 butino.

364 3224 517 3293 Zodiacus
539 3244 612 3293 cum
634 3230 739 3294 cetera
827 3225 934 3314 cyclus
955 3226 1097 3293 fuscatur
1119 3232 1256 3312 caterva,

366 3362 457 3429 quem
479 3338 662 3409 Mazaroth¹
682 3342 857 3429 reperimus
947 3343 1125 3429 nuncupari
1148 3344 1333 3431 antiquitus,

365 3459 411 3527 bis
434 3459 521 3527 senis
544 3478 616 3525 oum
638 3459 794 3527 sideribus
883 3479 941 3546 per
964 3460 1126 3547 Olimpum
1148 3459 1336 3528 lucentibus.

364 3574 428 3643 Nec
449 3574 614 3642 radiabatd
636 3575 761 3659 rutilus,
851 3577 934 3644 siout
955 3575 1094 3660 solebat,
1118 3574 1237 3659 Sirium

365 3693 437 3777 quia
459 3690 554 3758 nubis
575 3690 764 3775 nigerrima·
855 3690 1050 3760 abscondunt
1071 3691 1162 3779 polos
1183 3693 1291 3780 pallia

364 3808 515 3875 Attamen
537 3806 674 3891 tlagram
694 3807 828 3875 fulmina
916 3808 981 3876 lete
1002 3828 1060 3894 per
1082 3808 1162 3876 caeli
1183 3809 1331 3894 culmina,

366 3924 489 4011 quando
512 3923 685 4010 pallentem
707 3924 844 4011 pendula
933 3924 1094 3991 dammam
1118 3931 1250 3992 vomunt
1270 3925 1413 4009 fastigia3

366 4039 512 4127 qnorum‘
533 4044 649 4107 natura
670 4040 806 4108 nubibus
895 4040 1041 4128 procedit
1060 4039 1300 4108 conlidentibus.

365 4156 428 4225 Nec
449 4176 515 4223 non
537 4158 662 4224 marina
683 4156 790 4225 cerula
879 4156 1094 4241 glomerantur
1115 4158 1150 4223 in
1172 4157 1289 4243 glarea,

367 4294 426 4359 qua
446 4274 515 4341 ruit
535 4274 676 4361 inruptio
766 4279 932 4343 ventorum
955 4293 992 4341 ao
1014 4274 1181 4361 correptio.

366 4389 425 4457 Per
446 4388 553 4479 pelagi
574 4390 690 4457 itinera
778 4391 862 4458 salsa
884 4390 1074 4479 spumabant
1097 4411 1224 4477 equora,

368 4527 436 4573 cum
459 4506 588 4575 bulliret
609 4506 804 4574 brumalibus
894 4508 1034 4575 undosus
1057 4513 1169 4575 vortex
1191 4505 1347 4574 ductibus.

436 4666 457 4699 a
474 4650 580 4698 crucibus
594 4650 622 4697 7.
687 4650 710 4696 b.
727 4648 807 4697 doctor
821 4650 849 4700 7.
919 4664 938 4697 c.
955 4650 1065 4697 currioola
1079 4650 1107 4699 V.
1174 4648 1197 4695 d.
1212 4648 1315 4696 rediebat
1329 4650 1356 4697 V.
1420 4663 1440 4695 e.
1455 4660 1537 4707 nugor·

368 4732 421 4778 mma
438 4732 466 4779 V.
544 4730 561 4776 t.
582 4742 677 4789 quarum
695 4730 722 4777 V.

436 4828 461 4881 1.
485 4824 647 4897 Hieronymi
665 4838 708 4895 ep.
721 4824 756 4880 64
775 4824 810 4879 ad
828 4820 968 4881 Fabiolam
987 4823 1410 4897 (opp.ed.vallarsius1365):
1430 4822 1537 4894 ,Nauo-

368 4914 433 4987 rotb‚
451 4916 503 4974 boc
521 4918 566 4972 est
583 4913 725 4970 zodiacum
743 4914 905 4970 circulum“.
