4342 6034
643 768 709 835 322
988 786 1176 836 urrsuonau
1198 786 1426 837 noeuurnrnu
1450 786 1465 835 e

483 935 625 993 825-829
641 926 788 994 uoluntas
810 927 844 994 in
871 927 932 995 boo
958 947 993 996 se
1020 928 1125 995 audio
1153 948 1277 1015 semper
1307 928 1463 1013 mensuit,
1492 932 1530 995 nt
1550 926 1671 995 Christi
1697 946 1807 995 nomen

641 1041 831 1111 olarifioetur
857 1043 994 1111 soletur·
1017 1048 1111 1129 atque
1141 1049 1265 1111 ametur
1291 1050 1324 1112 st
1353 1044 1420 1111 eius
1449 1044 1558 1111 diuina
1585 1048 1726 1131 potestas
1755 1062 1808 1130 per

640 1158 836 1225 fortitudinis
869 1165 994 1229 restrae
1021 1162 1231 1227 oonstantiam
1260 1158 1368 1227 multis
1397 1164 1556 1227 terrarum
1583 1159 1662 1227 loeis
1691 1159 1808 1225 innote-

642 1274 729 1342 seat?
751 1274 842 1342 Unde
864 1280 898 1343 et
918 1276 1143 1363 probatissime
1165 1276 1343 1345 sollieitudo
1366 1282 1473 1343 vestra
1494 1275 1640 1345 laborare
1662 1296 1726 1342 non
1748 1294 1810 1342 oss·

642 1394 702 1476 sat
724 1396 762 1457 ut
783 1392 915 1459 eoelesia
929 1392 1048 1459 Christi
1070 1392 1190 1461 domini
1212 1393 1313 1459 nostri
1336 1393 1532 1461 eustodiatur
1554 1393 1710 1461 adunetur
1724 1410 1811 1475 rega·

642 1512 696 1573 tur
722 1511 851 1575 breatm
879 1512 911 1576 et
939 1529 959 1577 a
985 1508 1180 1596 perfidorum
1203 1507 1355 1575 doctrinis
1378 1509 1568 1599 intrinsecus
1591 1514 1761 1597 purgatum
1783 1512 1814 1575 et
1930 1560 1931 1571 ,

643 1622 685 1689 ad
711 1623 772 1691 boo
799 1624 938 1691 studium
967 1644 1040 1692 eum
1067 1644 1185 1709 magna
1207 1624 1373 1691 deuotione
1395 1626 1474 1692 satis
1496 1624 1640 1713 prumpti
1663 1624 1813 1691 exsistibs
1930 1647 1931 1686 ς

643 1738 683 1805 ob
710 1740 912 1827 impetranda
938 1741 1082 1827 praemia
1109 1741 1233 1827 patriae
1255 1741 1400 1809 eoelestis
1423 1747 1456 1809 et
1477 1746 1624 1808 aeternae
1646 1740 1814 1808 beatitudi-

643 1856 704 1922 nis.
749 1854 871 1923 ideireo
901 1856 1044 1940 domiue,
1074 1856 1223 1941 quoniam
1251 1856 1330 1923 talia
1352 1858 1436 1925 eirea
1458 1856 1519 1924 Dei
1542 1856 1690 1924 saolesius
1712 1858 1814 1942 agilis,

642 1970 741 2047 nolite
768 1970 911 2039 oblivisoi
939 1971 1143 2039 eeclesiarum
1172 1969 1336 2059 plebisque
1363 1974 1398 2039 in
1421 1972 1588 2060 perroobia
1610 1978 1721 2041 nostra
1743 1992 1815 2040 eon·

643 2087 833 2172 sistentium,
856 2108 898 2155 ne
919 2086 1039 2155 diutius
1054 2107 1165 2155 somno
1180 2091 1373 2175 torpesoant,
1396 2094 1524 2176 pastore
1545 2094 1698 2157 oerentse.
1734 2088 1815 2168 Quu-

642 2209 784 2291 propter,
808 2203 1052 2271 elementissimo
1074 2203 1211 2289 domine,
1235 2224 1403 2291 precemur
1425 2225 1545 2289 omnes,
1568 2224 1736 2292 preoamur
1751 2204 1816 2272 sin-

643 2320 721 2405 guli,
745 2321 836 2404 quasi
856 2320 1065 2407 corporaliter
1086 2318 1278 2387 duloissimis
1300 2322 1432 2407 pedibus
1450 2321 1564 2387 uestris
1581 2320 1759 2407 provoluti:
1783 2328 1818 2388 ut

644 2441 814 2523 pastorem,
839 2456 932 2522 quern
954 2434 1019 2502 iam
1041 2436 1165 2523 pridem
1188 2442 1293 2504 vestra
1313 2438 1493 2522 largissima
1508 2436 1698 2504 eoncedente
1714 2438 1817 2521 gratia
1929 2465 1931 2507 ς

643 2552 850 2637 ausoepimus,
874 2552 1009 2618 eundem
1030 2552 1147 2618 iterum
1170 2572 1228 2638 pro
1244 2553 1410 2619 elimosina
1424 2558 1532 2619 uestra
1546 2553 1726 2639 suseepturi
1741 2572 1816 2637 gau·
1930 2614 1931 2621 ,

644 2666 789 2749 daamus3
812 2668 904 2734 utin
926 2668 998 2755 ipsa
1020 2668 1105 2752 sede,
1129 2688 1225 2755 super
1248 2687 1406 2753 quaeum
1428 2668 1676 2755 prudentissime
1690 2670 1816 2757 sepien-
1930 2736 1931 2739 ,

643 2783 691 2849 tia
711 2788 818 2849 restro
839 2783 1009 2851 consedere
1029 2784 1116 2869 feeit,
1139 2784 1266 2851 domino
1281 2784 1407 2851 christo
1430 2788 1463 2851 et
1484 2784 1602 2852 sanetis
1625 2785 1692 2852 eius
1715 2784 1817 2853 uobis-

645 2920 706 2986 que
734 2898 840 2966 ualeat
867 2900 1039 2983 deserrire;
1074 2907 1229 2986 quatenus
1266 2906 1373 2968 restra
1401 2900 1572 2969 miserante
1600 2900 1818 2968 misericordis
1930 2934 1931 2973 l

645 3014 779 3083 eoelesia
804 3017 907 3083 saneti
928 3014 1059 3083 Martini
1081 3016 1245 3102 senatique
1263 3016 1380 3084 Albani
1403 3016 1553 3103 martyris
1574 3016 1693 3083 Christi
1718 3016 1759 3084 ab
1782 3035 1817 3084 eo
1927 3051 1931 3091 ς

644 3132 775 3199 viduata
796 3153 859 3199 nou
882 3130 953 3217 liet,
976 3133 1010 3199 in
1034 3154 1167 3218 quorum
1190 3134 1309 3199 honore
1331 3138 1425 3218 atque
1449 3152 1571 3218 amore,
1595 3134 1677 3200 siout
1700 3134 1817 3219 optime
1929 3166 1931 3207 J

644 3246 735 3314 norit
766 3248 950 3318 cautissima
983 3249 1141 3335 sapientia
1169 3255 1291 3334 restra,
1325 3250 1415 3336 prius
1443 3268 1516 3317 eum
1543 3248 1587 3316 ibi
1617 3248 1817 3336 disposuistis

646 3362 749 3430 olliaio
770 3364 861 3448 iungi
883 3364 1065 3432 saoerdotis.
1102 3363 1226 3431 Seimm
1248 3366 1344 3449 enim,
1368 3383 1441 3431 eom
1465 3364 1553 3433 uobis
1576 3384 1645 3433 esse
1667 3366 1703 3431 iu
1718 3364 1818 3433 omui-
1930 3402 1931 3441 1

645 3478 705 3546 bus
733 3478 858 3547 fidelem
887 3480 1066 3547 benivolum
1098 3478 1258 3547 humiliter
1286 3480 1461 3548 subieotum
1491 3482 1614 3567 riteque
1636 3480 1817 3565 benignum,
1930 3550 1931 3557 χ

646 3600 679 3662 et
700 3594 735 3662 in
757 3615 794 3662 eo
816 3596 955 3664 maxime
977 3596 1174 3683 libenterque
1196 3596 1424 3681 laboraturum,
1448 3616 1510 3682 quo
1526 3597 1632 3665 valeat
1645 3594 1728 3665 bene
1742 3597 1817 3685 piis·
1930 3635 1931 3675 3

645 3713 728 3779 sima
756 3710 943 3779 exralleutia
971 3718 1077 3779 vestre
1104 3713 1138 3779 in
1166 3713 1226 3781 hoo
1254 3718 1397 3799 tempore
1425 3713 1548 3781 inlaesa
1576 3714 1710 3781 existere
1734 3718 1768 3781 et
1786 3712 1819 3779 in
1930 3754 1931 3763 κ

647 3833 777 3895 aeterne
803 3828 999 3896 beatitudine
1026 3848 1099 3895 oum
1128 3830 1246 3897 sanetis
1272 3829 1421 3896 omnibus
1448 3828 1646 3917 triumphata
1670 3830 1704 3896 in
1734 3828 1819 3897 eaelo

646 3943 792 4029 gaudere.
840 3942 903 4011 Sed
930 3942 1006 4029 quid
1035 3944 1130 4030 digus
1151 3951 1262 4012 nostra
1284 3966 1323 4013 ex
1347 3950 1438 4033 parte
1460 3966 1628 4033 possumus
1651 3944 1819 4013 obtendere

647 4064 758 4128 oonba
778 4061 1016 4145 segaoisaimam
1037 4062 1228 4149 sapientiem
1251 4066 1406 4147 uestram,
1430 4062 1506 4129 dum
1529 4061 1635 4128 nullus
1658 4066 1724 4128 tam
1748 4061 1818 4127 doo-

646 4180 699 4243 tue
727 4181 855 4261 tamque
881 4177 1013 4245 idoneus
1035 4178 1205 4265 prudentia
1228 4178 1287 4263 sit,
1319 4198 1413 4262 quam
1435 4183 1543 4245 restra
1563 4198 1627 4245 nou
1650 4176 1819 4265 puaeoollst

645 4294 821 4361 industria?
843 4292 933 4361 Felix
954 4292 1091 4381 populus
1113 4294 1252 4381 felixque
1274 4294 1377 4361 omnis
1401 4294 1514 4380 clerus,
1538 4296 1593 4379 qui
1607 4294 1666 4361 teli
1678 4292 1819 4381 prinoipe

646 4410 769 4494 regitur
790 4409 909 4496 tulique
932 4411 1097 4477 defensore
1112 4410 1306 4494 gubernatur
1320 4410 1506 4497 protegitur.
1542 4410 1611 4477 lieo
1624 4410 1722 4478 faeiat
1734 4408 1818 4475 Deus

648 4532 681 4594 et
702 4527 763 4594 boo
785 4526 895 4593 addat:
919 4532 1074 4613 quatenus
1096 4546 1161 4593 non
1184 4526 1286 4593 solum
1309 4527 1494 4611 magnitudo
1516 4526 1685 4613 potestatis
1700 4530 1818 4593 verbm
1930 4500 1931 4529 i

647 4644 826 4731 prinoipem
856 4663 913 4711 vos
942 4663 1012 4710 esse
1040 4642 1202 4728 ostendat,
1235 4644 1292 4711 sed
1320 4643 1417 4711 etium
1446 4642 1600 4711 instantia
1627 4638 1818 4727 gubemuudi

648 4758 760 4827 domus
782 4759 844 4827 Dei
870 4760 904 4827 in
931 4757 1058 4827 laudem
1086 4760 1189 4827 saneti
1217 4760 1355 4827 nominis
1379 4759 1446 4827 eius
1469 4764 1682 4847 proteetorem
1704 4763 1736 4827 et
1756 4755 1818 4841 glo·
