<?xml version="1.0" encoding="UTF-8"?>
<!DOCTYPE html PUBLIC "-//W3C//DTD XHTML 1.0 Transitional//EN"
    "http://www.w3.org/TR/xhtml1/DTD/xhtml1-transitional.dtd">
<html xmlns="http://www.w3.org/1999/xhtml" xml:lang="en" lang="en">
 <head>
  <title>
</title>
<meta http-equiv="Content-Type" content="text/html;charset=utf-8" />
  <meta name='ocr-system' content='tesseract 3.04.00' />
  <meta name='ocr-capabilities' content='ocr_page ocr_carea ocr_par ocr_line ocrx_word'/>
</head>
<body>
  <div class='ocr_page' id='page_1' title='image "./monumentamogunt00lulgoog/monumentamogunt00lulgoog_0100.png"; bbox 0 0 4342 6034; ppageno 0'>
   <div class='ocr_carea' id='block_1_1' title="bbox 640 739 1539 805">
    <p class='ocr_par' dir='ltr' id='par_1_1' title="bbox 640 739 1539 805">
     <span class='ocr_line' id='line_1_1' title="bbox 640 739 1539 805; baseline -0.004 0"><span class='ocrx_word' id='word_1_1' title='bbox 640 739 683 805; x_wconf 90' lang='grc'>82</span> <span class='ocrx_word' id='word_1_2' title='bbox 866 756 892 804; x_wconf 88' lang='lat' dir='ltr'>s.</span> <span class='ocrx_word' id='word_1_3' title='bbox 909 756 1087 804; x_wconf 66' lang='lat' dir='ltr'>sommum</span> <span class='ocrx_word' id='word_1_4' title='bbox 1109 757 1153 803; x_wconf 82' lang='lat' dir='ltr'>nr</span> <span class='ocrx_word' id='word_1_5' title='bbox 1174 757 1276 803; x_wconf 80' lang='lat' dir='ltr'>cunm</span> <span class='ocrx_word' id='word_1_6' title='bbox 1298 753 1485 803; x_wconf 74' lang='lat' dir='ltr'>muscosus</span> <span class='ocrx_word' id='word_1_7' title='bbox 1508 755 1539 801; x_wconf 81' lang='lat' dir='ltr'>aa</span> 
     </span>
    </p>
   </div>
   <div class='ocr_carea' id='block_1_2' title="bbox 550 891 1931 4120">
    <p class='ocr_par' dir='ltr' id='par_1_2' title="bbox 551 891 1811 983">
     <span class='ocr_line' id='line_1_2' title="bbox 551 891 1811 983; baseline -0.002 -19"><span class='ocrx_word' id='word_1_8' title='bbox 551 901 623 956; x_wconf 76' lang='grc'>7221</span> <span class='ocrx_word' id='word_1_9' title='bbox 639 897 763 982; x_wconf 84' lang='lat' dir='ltr'>rolens,</span> <span class='ocrx_word' id='word_1_10' title='bbox 786 917 842 964; x_wconf 88' lang='lat' dir='ltr'>vos</span> <span class='ocrx_word' id='word_1_11' title='bbox 866 899 962 982; x_wconf 88' lang='lat' dir='ltr'>scire,</span> <span class='ocrx_word' id='word_1_12' title='bbox 986 897 1112 983; x_wconf 87' lang='lat' dir='ltr'>qualem</span> <span class='ocrx_word' id='word_1_13' title='bbox 1135 897 1377 963; x_wconf 92' lang='lat' dir='ltr'>sollicitudinem</span> <span class='ocrx_word' id='word_1_14' title='bbox 1400 896 1534 962; x_wconf 80' lang='lat' dir='ltr'><strong>habeam</strong></span> <span class='ocrx_word' id='word_1_15' title='bbox 1557 914 1615 982; x_wconf 90' lang='lat' dir='ltr'>pro</span> <span class='ocrx_word' id='word_1_16' title='bbox 1638 891 1747 962; x_wconf 88' lang='lat' dir='ltr'>vobis¹</span> <span class='ocrx_word' id='word_1_17' title='bbox 1769 933 1811 942; x_wconf 98' lang='lat'>—</span> 
     </span>
    </p>

    <p class='ocr_par' dir='ltr' id='par_1_3' title="bbox 550 975 1931 4120">
     <span class='ocr_line' id='line_1_3' title="bbox 550 975 1812 1100; baseline -0.004 -19"><span class='ocrx_word' id='word_1_18' title='bbox 550 975 621 1022; x_wconf 55' lang='grc' dir='ltr'>Μ</span> <span class='ocrx_word' id='word_1_19' title='bbox 640 1018 673 1080; x_wconf 87' lang='grc' dir='ltr'>ιι</span> <span class='ocrx_word' id='word_1_20' title='bbox 694 1033 752 1100; x_wconf 91' lang='lat' dir='ltr'>pro</span> <span class='ocrx_word' id='word_1_21' title='bbox 775 1014 841 1098; x_wconf 89' lang='lat' dir='ltr'>his,</span> <span class='ocrx_word' id='word_1_22' title='bbox 872 1015 926 1098; x_wconf 92' lang='lat' dir='ltr'>qui</span> <span class='ocrx_word' id='word_1_23' title='bbox 954 1013 1086 1080; x_wconf 80' lang='lat' dir='ltr'>verbum</span> <span class='ocrx_word' id='word_1_24' title='bbox 1110 1012 1337 1080; x_wconf 80' lang='lat' dir='ltr'>exhortationis</span> <span class='ocrx_word' id='word_1_25' title='bbox 1360 1010 1433 1078; x_wconf 89' lang='lat' dir='ltr'>lidei</span> <span class='ocrx_word' id='word_1_26' title='bbox 1457 1011 1527 1077; x_wconf 88' lang='lat' dir='ltr'>lesu</span> <span class='ocrx_word' id='word_1_27' title='bbox 1551 1011 1669 1077; x_wconf 81' lang='lat' dir='ltr'>Christi</span> <span class='ocrx_word' id='word_1_28' title='bbox 1692 1011 1812 1077; x_wconf 91' lang='lat' dir='ltr'>domini</span> 
     </span>
     <span class='ocr_line' id='line_1_4' title="bbox 639 1127 1812 1216; baseline -0.002 -21"><span class='ocrx_word' id='word_1_29' title='bbox 639 1129 740 1195; x_wconf 83' lang='lat' dir='ltr'>nostri</span> <span class='ocrx_word' id='word_1_30' title='bbox 768 1134 975 1216; x_wconf 88' lang='lat' dir='ltr'>susceperunt</span> <span class='ocrx_word' id='word_1_31' title='bbox 1001 1135 1034 1195; x_wconf 88' lang='lat' dir='ltr'>et</span> <span class='ocrx_word' id='word_1_32' title='bbox 1061 1129 1117 1214; x_wconf 89' lang='lat' dir='ltr'>qui</span> <span class='ocrx_word' id='word_1_33' title='bbox 1145 1127 1247 1194; x_wconf 90' lang='lat' dir='ltr'>adhuc</span> <span class='ocrx_word' id='word_1_34' title='bbox 1275 1128 1452 1214; x_wconf 79' lang='lat' dir='ltr'>suscepturi</span> <span class='ocrx_word' id='word_1_35' title='bbox 1480 1133 1555 1194; x_wconf 89' lang='lat' dir='ltr'>sunt</span> <span class='ocrx_word' id='word_1_36' title='bbox 1577 1164 1619 1174; x_wconf 87' lang='lat'>-</span> <span class='ocrx_word' id='word_1_37' title='bbox 1643 1132 1680 1193; x_wconf 91' lang='lat' dir='ltr'>ut</span> <span class='ocrx_word' id='word_1_38' title='bbox 1702 1147 1812 1194; x_wconf 89' lang='lat' dir='ltr'>conso-</span> 
     </span>
     <span class='ocr_line' id='line_1_5' title="bbox 638 1243 1812 1329; baseline -0.001 -18"><span class='ocrx_word' id='word_1_39' title='bbox 638 1245 744 1312; x_wconf 83' lang='lat' dir='ltr'>lentur</span> <span class='ocrx_word' id='word_1_40' title='bbox 766 1245 862 1311; x_wconf 89' lang='lat' dir='ltr'>oorda</span> <span class='ocrx_word' id='word_1_41' title='bbox 884 1251 1004 1329; x_wconf 87' lang='lat' dir='ltr'>vestra,</span> <span class='ocrx_word' id='word_1_42' title='bbox 1033 1246 1189 1311; x_wconf 82' lang='lat' dir='ltr'>instructa</span> <span class='ocrx_word' id='word_1_43' title='bbox 1216 1243 1248 1308; x_wconf 94' lang='lat' dir='ltr'>in</span> <span class='ocrx_word' id='word_1_44' title='bbox 1272 1244 1418 1327; x_wconf 85' lang='lat' dir='ltr'>caritate,</span> <span class='ocrx_word' id='word_1_45' title='bbox 1443 1245 1529 1309; x_wconf 92' lang='lat' dir='ltr'>etin</span> <span class='ocrx_word' id='word_1_46' title='bbox 1553 1263 1661 1310; x_wconf 89' lang='lat' dir='ltr'>omnes</span> <span class='ocrx_word' id='word_1_47' title='bbox 1684 1243 1812 1310; x_wconf 84' lang='lat' dir='ltr'>divitias</span> 
     </span>
     <span class='ocr_line' id='line_1_6' title="bbox 638 1357 1814 1447; baseline -0.002 -21"><span class='ocrx_word' id='word_1_48' title='bbox 638 1360 844 1447; x_wconf 80' lang='lat' dir='ltr'>plenitudinis</span> <span class='ocrx_word' id='word_1_49' title='bbox 871 1361 1066 1444; x_wconf 82' lang='lat' dir='ltr'>intellectus,</span> <span class='ocrx_word' id='word_1_50' title='bbox 1096 1361 1130 1425; x_wconf 93' lang='lat' dir='ltr'>in</span> <span class='ocrx_word' id='word_1_51' title='bbox 1153 1361 1345 1443; x_wconf 82' lang='lat' dir='ltr'>agnitionem</span> <span class='ocrx_word' id='word_1_52' title='bbox 1368 1357 1512 1445; x_wconf 87' lang='lat' dir='ltr'>mysterii</span> <span class='ocrx_word' id='word_1_53' title='bbox 1534 1359 1595 1426; x_wconf 90' lang='lat' dir='ltr'>Dei</span> <span class='ocrx_word' id='word_1_54' title='bbox 1617 1359 1719 1445; x_wconf 85' lang='lat' dir='ltr'>patris</span> <span class='ocrx_word' id='word_1_55' title='bbox 1743 1359 1814 1426; x_wconf 87' lang='lat' dir='ltr'>lesu</span> 
     </span>
     <span class='ocr_line' id='line_1_7' title="bbox 639 1473 1812 1563; baseline 0.001 -22"><span class='ocrx_word' id='word_1_56' title='bbox 639 1473 785 1561; x_wconf 83' lang='lat' dir='ltr'>Christi²,</span> <span class='ocrx_word' id='word_1_57' title='bbox 809 1481 845 1542; x_wconf 90' lang='lat' dir='ltr'>ut</span> <span class='ocrx_word' id='word_1_58' title='bbox 867 1479 912 1543; x_wconf 83' lang='lat' dir='ltr'>ait</span> <span class='ocrx_word' id='word_1_59' title='bbox 935 1477 1078 1561; x_wconf 82' lang='lat' dir='ltr'>egregius</span> <span class='ocrx_word' id='word_1_60' title='bbox 1103 1475 1280 1563; x_wconf 86' lang='lat' dir='ltr'>apostolus,</span> <span class='ocrx_word' id='word_1_61' title='bbox 1303 1476 1338 1541; x_wconf 93' lang='lat' dir='ltr'>in</span> <span class='ocrx_word' id='word_1_62' title='bbox 1361 1497 1422 1561; x_wconf 89' lang='lat' dir='ltr'>quo</span> <span class='ocrx_word' id='word_1_63' title='bbox 1446 1481 1520 1542; x_wconf 89' lang='lat' dir='ltr'>sunt</span> <span class='ocrx_word' id='word_1_64' title='bbox 1542 1495 1650 1542; x_wconf 85' lang='lat' dir='ltr'>omnes</span> <span class='ocrx_word' id='word_1_65' title='bbox 1673 1475 1812 1542; x_wconf 80' lang='lat' dir='ltr'>thesauri</span> 
     </span>
     <span class='ocr_line' id='line_1_8' title="bbox 640 1587 1931 1680; baseline -0.002 -22"><span class='ocrx_word' id='word_1_66' title='bbox 640 1593 814 1680; x_wconf 87' lang='lat' dir='ltr'>sapientiae</span> <span class='ocrx_word' id='word_1_67' title='bbox 837 1597 870 1658; x_wconf 92' lang='lat' dir='ltr'>et</span> <span class='ocrx_word' id='word_1_68' title='bbox 892 1593 1043 1660; x_wconf 80' lang='lat' dir='ltr'>scientiae</span> <span class='ocrx_word' id='word_1_69' title='bbox 1067 1587 1269 1658; x_wconf 81' lang='lat' dir='ltr'>absconditi⁸.</span> <span class='ocrx_word' id='word_1_70' title='bbox 1317 1591 1385 1657; x_wconf 89' lang='lat' dir='ltr'>Hoo</span> <span class='ocrx_word' id='word_1_71' title='bbox 1414 1597 1518 1659; x_wconf 88' lang='lat' dir='ltr'>autem</span> <span class='ocrx_word' id='word_1_72' title='bbox 1549 1591 1635 1677; x_wconf 85' lang='lat' dir='ltr'>dico,</span> <span class='ocrx_word' id='word_1_73' title='bbox 1664 1592 1813 1677; x_wconf 90' lang='lat' dir='ltr'>quoniam</span> <span class='ocrx_word' id='word_1_74' title='bbox 1930 1667 1931 1672; x_wconf 8' lang='grc' dir='ltr'>ἵ</span> 
     </span>
     <span class='ocr_line' id='line_1_9' title="bbox 639 1705 1812 1796; baseline 0 -22"><span class='ocrx_word' id='word_1_75' title='bbox 639 1729 738 1795; x_wconf 86' lang='lat' dir='ltr'>prope</span> <span class='ocrx_word' id='word_1_76' title='bbox 761 1713 810 1775; x_wconf 90' lang='lat' dir='ltr'>est</span> <span class='ocrx_word' id='word_1_77' title='bbox 838 1729 971 1793; x_wconf 81' lang='lat' dir='ltr'>regnum</span> <span class='ocrx_word' id='word_1_78' title='bbox 994 1705 1081 1792; x_wconf 72' lang='lat' dir='ltr'>ner,</span> <span class='ocrx_word' id='word_1_79' title='bbox 1112 1713 1148 1774; x_wconf 94' lang='lat' dir='ltr'>ut</span> <span class='ocrx_word' id='word_1_80' title='bbox 1169 1727 1261 1773; x_wconf 90' lang='lat' dir='ltr'>nemo</span> <span class='ocrx_word' id='word_1_81' title='bbox 1286 1727 1341 1773; x_wconf 87' lang='lat' dir='ltr'>voe</span> <span class='ocrx_word' id='word_1_82' title='bbox 1365 1708 1500 1796; x_wconf 87' lang='lat' dir='ltr'>amplius</span> <span class='ocrx_word' id='word_1_83' title='bbox 1524 1708 1662 1794; x_wconf 89' lang='lat' dir='ltr'>decipiat</span> <span class='ocrx_word' id='word_1_84' title='bbox 1683 1708 1718 1774; x_wconf 94' lang='lat' dir='ltr'>in</span> <span class='ocrx_word' id='word_1_85' title='bbox 1740 1707 1812 1774; x_wconf 82' lang='lat' dir='ltr'>suh</span> 
     </span>
     <span class='ocr_line' id='line_1_10' title="bbox 638 1821 1813 1910; baseline -0.001 -20"><span class='ocrx_word' id='word_1_86' title='bbox 638 1825 773 1890; x_wconf 87' lang='lat' dir='ltr'>limitato</span> <span class='ocrx_word' id='word_1_87' title='bbox 796 1821 1010 1891; x_wconf 78' lang='lat' dir='ltr'>sermonum⁵z</span> <span class='ocrx_word' id='word_1_88' title='bbox 1034 1829 1071 1890; x_wconf 90' lang='lat' dir='ltr'>ut</span> <span class='ocrx_word' id='word_1_89' title='bbox 1092 1826 1126 1890; x_wconf 93' lang='lat' dir='ltr'>in</span> <span class='ocrx_word' id='word_1_90' title='bbox 1150 1843 1346 1910; x_wconf 88' lang='lat' dir='ltr'>quocumque</span> <span class='ocrx_word' id='word_1_91' title='bbox 1368 1823 1495 1890; x_wconf 80' lang='lat' dir='ltr'>metallo</span> <span class='ocrx_word' id='word_1_92' title='bbox 1518 1824 1653 1890; x_wconf 85' lang='lat' dir='ltr'>salutem</span> <span class='ocrx_word' id='word_1_93' title='bbox 1674 1829 1813 1890; x_wconf 84' lang='lat' dir='ltr'>vestram</span> 
     </span>
     <span class='ocr_line' id='line_1_11' title="bbox 640 1940 1811 2026; baseline 0 -20"><span class='ocrx_word' id='word_1_94' title='bbox 640 1942 814 2026; x_wconf 86' lang='lat' dir='ltr'>quaeratis,</span> <span class='ocrx_word' id='word_1_95' title='bbox 840 1941 1007 2007; x_wconf 86' lang='lat' dir='ltr'>adorantes</span> <span class='ocrx_word' id='word_1_96' title='bbox 1031 1940 1117 2005; x_wconf 88' lang='lat' dir='ltr'>idola</span> <span class='ocrx_word' id='word_1_97' title='bbox 1139 1961 1235 2006; x_wconf 87' lang='lat' dir='ltr'>manu</span> <span class='ocrx_word' id='word_1_98' title='bbox 1257 1940 1357 2026; x_wconf 83' lang='lat' dir='ltr'>faeta,</span> <span class='ocrx_word' id='word_1_99' title='bbox 1382 1961 1494 2025; x_wconf 84' lang='lat' dir='ltr'>aurea,</span> <span class='ocrx_word' id='word_1_100' title='bbox 1519 1947 1684 2024; x_wconf 83' lang='lat' dir='ltr'>argenteo,</span> <span class='ocrx_word' id='word_1_101' title='bbox 1709 1961 1811 2023; x_wconf 74' lang='lat' dir='ltr'>aerea,</span> 
     </span>
     <span class='ocr_line' id='line_1_12' title="bbox 638 2055 1814 2144; baseline -0.002 -21"><span class='ocrx_word' id='word_1_102' title='bbox 638 2057 765 2144; x_wconf 87' lang='lat' dir='ltr'>lapidea</span> <span class='ocrx_word' id='word_1_103' title='bbox 786 2057 838 2123; x_wconf 85' lang='lat' dir='ltr'>vel</span> <span class='ocrx_word' id='word_1_104' title='bbox 859 2057 899 2123; x_wconf 91' lang='lat' dir='ltr'>de</span> <span class='ocrx_word' id='word_1_105' title='bbox 921 2076 1118 2142; x_wconf 88' lang='lat' dir='ltr'>quacumque</span> <span class='ocrx_word' id='word_1_106' title='bbox 1140 2057 1272 2122; x_wconf 86' lang='lat' dir='ltr'>materia</span> <span class='ocrx_word' id='word_1_107' title='bbox 1294 2057 1387 2122; x_wconf 88' lang='lat' dir='ltr'>facta.</span> <span class='ocrx_word' id='word_1_108' title='bbox 1433 2055 1493 2134; x_wconf 82' lang='lat' dir='ltr'>Qui</span> <span class='ocrx_word' id='word_1_109' title='bbox 1516 2056 1661 2122; x_wconf 88' lang='lat' dir='ltr'>falsidica</span> <span class='ocrx_word' id='word_1_110' title='bbox 1683 2056 1814 2122; x_wconf 87' lang='lat' dir='ltr'>numina</span> 
     </span>
     <span class='ocr_line' id='line_1_13' title="bbox 640 2171 1812 2259; baseline -0.001 -20"><span class='ocrx_word' id='word_1_111' title='bbox 640 2193 660 2239; x_wconf 84' lang='lat' dir='ltr'>a</span> <span class='ocrx_word' id='word_1_112' title='bbox 681 2173 814 2259; x_wconf 86' lang='lat' dir='ltr'>paganis</span> <span class='ocrx_word' id='word_1_113' title='bbox 838 2173 1011 2257; x_wconf 90' lang='lat' dir='ltr'>antiquitus</span> <span class='ocrx_word' id='word_1_114' title='bbox 1035 2171 1141 2256; x_wconf 85' lang='lat' dir='ltr'>quasi·</span> <span class='ocrx_word' id='word_1_115' title='bbox 1165 2173 1209 2237; x_wconf 93' lang='lat' dir='ltr'>dii</span> <span class='ocrx_word' id='word_1_116' title='bbox 1232 2173 1335 2242; x_wconf 88' lang='lat' dir='ltr'>vocati</span> <span class='ocrx_word' id='word_1_117' title='bbox 1358 2177 1446 2256; x_wconf 81' lang='lat' dir='ltr'>sunt,</span> <span class='ocrx_word' id='word_1_118' title='bbox 1470 2173 1505 2238; x_wconf 90' lang='lat' dir='ltr'>in</span> <span class='ocrx_word' id='word_1_119' title='bbox 1528 2172 1640 2258; x_wconf 91' lang='lat' dir='ltr'>quihus</span> <span class='ocrx_word' id='word_1_120' title='bbox 1663 2173 1812 2238; x_wconf 87' lang='lat' dir='ltr'>demones</span> 
     </span>
     <span class='ocr_line' id='line_1_14' title="bbox 639 2288 1812 2375; baseline -0.001 -20"><span class='ocrx_word' id='word_1_121' title='bbox 639 2289 783 2355; x_wconf 89' lang='lat' dir='ltr'>habitare</span> <span class='ocrx_word' id='word_1_122' title='bbox 798 2294 987 2370; x_wconf 80' lang='lat' dir='ltr'>noscuntur3</span> <span class='ocrx_word' id='word_1_123' title='bbox 1012 2289 1161 2372; x_wconf 88' lang='lat' dir='ltr'>quoniam</span> <span class='ocrx_word' id='word_1_124' title='bbox 1177 2308 1285 2354; x_wconf 86' lang='lat' dir='ltr'>omnes</span> <span class='ocrx_word' id='word_1_125' title='bbox 1301 2289 1345 2353; x_wconf 92' lang='lat' dir='ltr'>dii</span> <span class='ocrx_word' id='word_1_126' title='bbox 1360 2288 1512 2373; x_wconf 83' lang='lat' dir='ltr'>gentium,</span> <span class='ocrx_word' id='word_1_127' title='bbox 1533 2294 1570 2354; x_wconf 93' lang='lat' dir='ltr'>ut</span> <span class='ocrx_word' id='word_1_128' title='bbox 1585 2290 1630 2354; x_wconf 87' lang='lat' dir='ltr'>ait</span> <span class='ocrx_word' id='word_1_129' title='bbox 1645 2289 1812 2375; x_wconf 66' lang='lat' dir='ltr'>scriptura„</span> 
     </span>
     <span class='ocr_line' id='line_1_15' title="bbox 640 2401 1812 2486; baseline 0 -15"><span class='ocrx_word' id='word_1_130' title='bbox 640 2405 787 2471; x_wconf 86' lang='lat' dir='ltr'>demonia</span> <span class='ocrx_word' id='word_1_131' title='bbox 809 2409 898 2486; x_wconf 90' lang='lat' dir='ltr'>sunt;</span> <span class='ocrx_word' id='word_1_132' title='bbox 921 2403 1077 2469; x_wconf 88' lang='lat' dir='ltr'>Dominus</span> <span class='ocrx_word' id='word_1_133' title='bbox 1102 2409 1206 2469; x_wconf 89' lang='lat' dir='ltr'>autem</span> <span class='ocrx_word' id='word_1_134' title='bbox 1236 2405 1312 2470; x_wconf 88' lang='lat' dir='ltr'>deus</span> <span class='ocrx_word' id='word_1_135' title='bbox 1340 2410 1448 2470; x_wconf 86' lang='lat' dir='ltr'>noster</span> <span class='ocrx_word' id='word_1_136' title='bbox 1477 2404 1579 2472; x_wconf 88' lang='lat' dir='ltr'>caelos</span> <span class='ocrx_word' id='word_1_137' title='bbox 1601 2401 1703 2472; x_wconf 63' lang='lat' dir='ltr'>fecis.</span> <span class='ocrx_word' id='word_1_138' title='bbox 1739 2405 1812 2484; x_wconf 86' lang='lat' dir='ltr'>Qui·</span> 
     </span>
     <span class='ocr_line' id='line_1_16' title="bbox 640 2519 1812 2607; baseline 0 -21"><span class='ocrx_word' id='word_1_139' title='bbox 640 2541 773 2606; x_wconf 89' lang='lat' dir='ltr'>cumque</span> <span class='ocrx_word' id='word_1_140' title='bbox 796 2526 902 2586; x_wconf 85' lang='lat' dir='ltr'>autem</span> <span class='ocrx_word' id='word_1_141' title='bbox 924 2521 958 2585; x_wconf 94' lang='lat' dir='ltr'>in</span> <span class='ocrx_word' id='word_1_142' title='bbox 981 2519 1070 2585; x_wconf 82' lang='lat' dir='ltr'>vobis</span> <span class='ocrx_word' id='word_1_143' title='bbox 1100 2525 1306 2607; x_wconf 83' lang='lat' dir='ltr'>susceperunt</span> <span class='ocrx_word' id='word_1_144' title='bbox 1328 2519 1488 2586; x_wconf 82' lang='lat' dir='ltr'>Christum</span> <span class='ocrx_word' id='word_1_145' title='bbox 1518 2521 1621 2587; x_wconf 87' lang='lat' dir='ltr'>lesum</span> <span class='ocrx_word' id='word_1_146' title='bbox 1651 2521 1812 2587; x_wconf 92' lang='lat' dir='ltr'>dominum</span> 
     </span>
     <span class='ocr_line' id='line_1_17' title="bbox 642 2631 1812 2722; baseline 0.003 -21"><span class='ocrx_word' id='word_1_147' title='bbox 642 2641 796 2720; x_wconf 85' lang='lat' dir='ltr'>nostrum,</span> <span class='ocrx_word' id='word_1_148' title='bbox 818 2636 852 2702; x_wconf 91' lang='lat' dir='ltr'>in</span> <span class='ocrx_word' id='word_1_149' title='bbox 874 2637 944 2722; x_wconf 90' lang='lat' dir='ltr'>ipso</span> <span class='ocrx_word' id='word_1_150' title='bbox 968 2631 1156 2719; x_wconf 82' lang='lat' dir='ltr'>ambulent⁷,</span> <span class='ocrx_word' id='word_1_151' title='bbox 1179 2635 1311 2702; x_wconf 90' lang='lat' dir='ltr'>radicati</span> <span class='ocrx_word' id='word_1_152' title='bbox 1335 2641 1366 2702; x_wconf 89' lang='grc' dir='ltr'>ιι</span> <span class='ocrx_word' id='word_1_153' title='bbox 1385 2636 1636 2722; x_wconf 85' lang='lat' dir='ltr'>superaedificati</span> <span class='ocrx_word' id='word_1_154' title='bbox 1653 2641 1685 2704; x_wconf 87' lang='grc' dir='ltr'>ιι</span> <span class='ocrx_word' id='word_1_155' title='bbox 1700 2637 1812 2705; x_wconf 89' lang='lat' dir='ltr'>confir·</span> 
     </span>
     <span class='ocr_line' id='line_1_18' title="bbox 639 2747 1810 2839; baseline 0.002 -21"><span class='ocrx_word' id='word_1_156' title='bbox 639 2753 718 2818; x_wconf 87' lang='lat' dir='ltr'>mati</span> <span class='ocrx_word' id='word_1_157' title='bbox 739 2751 811 2836; x_wconf 88' lang='lat' dir='ltr'>fide,</span> <span class='ocrx_word' id='word_1_158' title='bbox 835 2751 1030 2819; x_wconf 83' lang='lat' dir='ltr'>abundantes</span> <span class='ocrx_word' id='word_1_159' title='bbox 1053 2752 1087 2817; x_wconf 90' lang='lat' dir='ltr'>in</span> <span class='ocrx_word' id='word_1_160' title='bbox 1110 2752 1282 2835; x_wconf 83' lang='lat' dir='ltr'>gratiarum</span> <span class='ocrx_word' id='word_1_161' title='bbox 1307 2747 1490 2818; x_wconf 80' lang='lat' dir='ltr'>actionem⁸.</span> <span class='ocrx_word' id='word_1_162' title='bbox 1530 2753 1653 2838; x_wconf 80' lang='lat' dir='ltr'>Videte,</span> <span class='ocrx_word' id='word_1_163' title='bbox 1676 2774 1717 2820; x_wconf 95' lang='lat' dir='ltr'>ne</span> <span class='ocrx_word' id='word_1_164' title='bbox 1741 2753 1810 2839; x_wconf 91' lang='lat' dir='ltr'>quis</span> 
     </span>
     <span class='ocr_line' id='line_1_19' title="bbox 640 2865 1809 2956; baseline 0 -22"><span class='ocrx_word' id='word_1_165' title='bbox 640 2889 695 2935; x_wconf 88' lang='lat' dir='ltr'>vos</span> <span class='ocrx_word' id='word_1_166' title='bbox 711 2869 866 2956; x_wconf 57' lang='lat' dir='ltr'>„amplius</span> <span class='ocrx_word' id='word_1_167' title='bbox 900 2868 1038 2955; x_wconf 85' lang='lat' dir='ltr'>decipiat</span> <span class='ocrx_word' id='word_1_168' title='bbox 1065 2889 1122 2954; x_wconf 89' lang='lat' dir='ltr'>per</span> <span class='ocrx_word' id='word_1_169' title='bbox 1151 2869 1382 2956; x_wconf 88' lang='lat' dir='ltr'>philosophiam</span> <span class='ocrx_word' id='word_1_170' title='bbox 1411 2874 1444 2936; x_wconf 88' lang='lat' dir='ltr'>et</span> <span class='ocrx_word' id='word_1_171' title='bbox 1471 2869 1598 2936; x_wconf 82' lang='lat' dir='ltr'>inanem</span> <span class='ocrx_word' id='word_1_172' title='bbox 1626 2865 1809 2936; x_wconf 79' lang='lat' dir='ltr'>fallatiam⁹.</span> 
     </span>
     <span class='ocr_line' id='line_1_20' title="bbox 639 2981 1811 3071; baseline 0.001 -20"><span class='ocrx_word' id='word_1_173' title='bbox 639 2985 819 3052; x_wconf 87' lang='lat' dir='ltr'>Astutiores</span> <span class='ocrx_word' id='word_1_174' title='bbox 835 2987 919 3052; x_wconf 88' lang='lat' dir='ltr'>onim</span> <span class='ocrx_word' id='word_1_175' title='bbox 935 2991 1009 3051; x_wconf 87' lang='lat' dir='ltr'>sunt</span> <span class='ocrx_word' id='word_1_176' title='bbox 1022 2983 1081 3049; x_wconf 89' lang='lat' dir='ltr'>filii</span> <span class='ocrx_word' id='word_1_177' title='bbox 1096 2985 1297 3052; x_wconf 87' lang='lat' dir='ltr'>tenebrarum</span> <span class='ocrx_word' id='word_1_178' title='bbox 1313 3006 1408 3070; x_wconf 88' lang='lat' dir='ltr'>quam</span> <span class='ocrx_word' id='word_1_179' title='bbox 1422 2984 1479 3051; x_wconf 93' lang='lat' dir='ltr'>filii</span> <span class='ocrx_word' id='word_1_180' title='bbox 1494 2985 1572 3051; x_wconf 88' lang='lat' dir='ltr'>lucis</span> <span class='ocrx_word' id='word_1_181' title='bbox 1580 2981 1611 3050; x_wconf 84' lang='lat'>¹⁰.</span> <span class='ocrx_word' id='word_1_182' title='bbox 1640 2985 1811 3071; x_wconf 76' lang='lat' dir='ltr'>Discedite,</span> 
     </span>
     <span class='ocr_line' id='line_1_21' title="bbox 639 3097 1811 3186; baseline 0 -18"><span class='ocrx_word' id='word_1_183' title='bbox 639 3100 709 3186; x_wconf 78' lang='lat' dir='ltr'>filii,</span> <span class='ocrx_word' id='word_1_184' title='bbox 726 3101 765 3168; x_wconf 91' lang='lat' dir='ltr'>ab</span> <span class='ocrx_word' id='word_1_185' title='bbox 780 3102 937 3168; x_wconf 89' lang='lat' dir='ltr'>idolorum</span> <span class='ocrx_word' id='word_1_186' title='bbox 953 3097 1115 3182; x_wconf 89' lang='lat' dir='ltr'>oultura¹¹;</span> <span class='ocrx_word' id='word_1_187' title='bbox 1140 3106 1172 3167; x_wconf 90' lang='grc' dir='ltr'>ιι</span> <span class='ocrx_word' id='word_1_188' title='bbox 1187 3102 1325 3168; x_wconf 88' lang='lat' dir='ltr'>accedite</span> <span class='ocrx_word' id='word_1_189' title='bbox 1340 3107 1372 3168; x_wconf 90' lang='grc' dir='ltr'>ιι</span> <span class='ocrx_word' id='word_1_190' title='bbox 1387 3103 1515 3168; x_wconf 81' lang='lat' dir='ltr'>adorate</span> <span class='ocrx_word' id='word_1_191' title='bbox 1530 3101 1693 3168; x_wconf 86' lang='lat' dir='ltr'>dominum</span> <span class='ocrx_word' id='word_1_192' title='bbox 1708 3101 1811 3169; x_wconf 90' lang='lat' dir='ltr'>Deum</span> 
     </span>
     <span class='ocr_line' id='line_1_22' title="bbox 640 3216 1812 3304; baseline 0.001 -20"><span class='ocrx_word' id='word_1_193' title='bbox 640 3222 801 3302; x_wconf 88' lang='lat' dir='ltr'>nostrum,</span> <span class='ocrx_word' id='word_1_194' title='bbox 829 3219 884 3304; x_wconf 88' lang='lat' dir='ltr'>qui</span> <span class='ocrx_word' id='word_1_195' title='bbox 911 3217 986 3284; x_wconf 85' lang='lat' dir='ltr'>lecit</span> <span class='ocrx_word' id='word_1_196' title='bbox 1014 3216 1137 3283; x_wconf 91' lang='lat' dir='ltr'>caelum</span> <span class='ocrx_word' id='word_1_197' title='bbox 1165 3223 1197 3284; x_wconf 93' lang='grc' dir='ltr'>ιι</span> <span class='ocrx_word' id='word_1_198' title='bbox 1218 3223 1352 3304; x_wconf 87' lang='lat' dir='ltr'>terram,</span> <span class='ocrx_word' id='word_1_199' title='bbox 1381 3238 1469 3285; x_wconf 87' lang='lat' dir='ltr'>mare</span> <span class='ocrx_word' id='word_1_200' title='bbox 1492 3223 1524 3284; x_wconf 91' lang='lat' dir='ltr'>et</span> <span class='ocrx_word' id='word_1_201' title='bbox 1546 3219 1653 3284; x_wconf 88' lang='lat' dir='ltr'>omnia</span> <span class='ocrx_word' id='word_1_202' title='bbox 1675 3239 1756 3304; x_wconf 89' lang='lat' dir='ltr'>quae</span> <span class='ocrx_word' id='word_1_203' title='bbox 1779 3220 1812 3285; x_wconf 93' lang='lat' dir='ltr'>in</span> 
     </span>
     <span class='ocr_line' id='line_1_23' title="bbox 641 3329 1812 3415; baseline -0.001 -14"><span class='ocrx_word' id='word_1_204' title='bbox 641 3334 686 3401; x_wconf 89' lang='lat' dir='ltr'>eis</span> <span class='ocrx_word' id='word_1_205' title='bbox 709 3329 825 3415; x_wconf 84' lang='lat' dir='ltr'>sunt¹’;</span> <span class='ocrx_word' id='word_1_206' title='bbox 849 3338 881 3400; x_wconf 89' lang='lat' dir='ltr'>et</span> <span class='ocrx_word' id='word_1_207' title='bbox 902 3332 1008 3399; x_wconf 82' lang='lat' dir='ltr'>vultus</span> <span class='ocrx_word' id='word_1_208' title='bbox 1030 3333 1129 3400; x_wconf 84' lang='lat' dir='ltr'>vestri</span> <span class='ocrx_word' id='word_1_209' title='bbox 1151 3353 1215 3400; x_wconf 94' lang='lat' dir='ltr'>non</span> <span class='ocrx_word' id='word_1_210' title='bbox 1238 3329 1456 3401; x_wconf 79' lang='lat' dir='ltr'>erubescent¹⁸.</span> <span class='ocrx_word' id='word_1_211' title='bbox 1492 3333 1580 3400; x_wconf 90' lang='lat' dir='ltr'>Unus</span> <span class='ocrx_word' id='word_1_212' title='bbox 1601 3335 1686 3400; x_wconf 89' lang='lat' dir='ltr'>enim</span> <span class='ocrx_word' id='word_1_213' title='bbox 1701 3333 1812 3401; x_wconf 92' lang='lat' dir='ltr'>Domi-</span> 
     </span>
     <span class='ocr_line' id='line_1_24' title="bbox 640 3448 1812 3537; baseline 0.002 -21"><span class='ocrx_word' id='word_1_214' title='bbox 640 3471 700 3516; x_wconf 91' lang='lat' dir='ltr'>nus</span> <span class='ocrx_word' id='word_1_215' title='bbox 723 3449 886 3516; x_wconf 90' lang='lat' dir='ltr'>hominum</span> <span class='ocrx_word' id='word_1_216' title='bbox 908 3448 1071 3516; x_wconf 82' lang='lat' dir='ltr'>volucrum</span> <span class='ocrx_word' id='word_1_217' title='bbox 1095 3450 1331 3536; x_wconf 89' lang='lat' dir='ltr'>quadrupedum</span> <span class='ocrx_word' id='word_1_218' title='bbox 1356 3455 1388 3518; x_wconf 91' lang='lat' dir='ltr'>et</span> <span class='ocrx_word' id='word_1_219' title='bbox 1410 3450 1555 3537; x_wconf 87' lang='lat' dir='ltr'>piscium,</span> <span class='ocrx_word' id='word_1_220' title='bbox 1580 3451 1633 3534; x_wconf 90' lang='lat' dir='ltr'>qui</span> <span class='ocrx_word' id='word_1_221' title='bbox 1654 3455 1703 3516; x_wconf 88' lang='lat' dir='ltr'>est</span> <span class='ocrx_word' id='word_1_222' title='bbox 1718 3450 1812 3518; x_wconf 81' lang='lat' dir='ltr'>bene·</span> 
     </span>
     <span class='ocr_line' id='line_1_25' title="bbox 642 3565 1812 3654; baseline 0 -21"><span class='ocrx_word' id='word_1_223' title='bbox 642 3566 743 3633; x_wconf 90' lang='lat' dir='ltr'>dictus</span> <span class='ocrx_word' id='word_1_224' title='bbox 765 3568 799 3632; x_wconf 93' lang='lat' dir='ltr'>in</span> <span class='ocrx_word' id='word_1_225' title='bbox 823 3565 928 3632; x_wconf 85' lang='lat' dir='ltr'>secula</span> <span class='ocrx_word' id='word_1_226' title='bbox 950 3566 1136 3632; x_wconf 88' lang='lat' dir='ltr'>seculorum.</span> <span class='ocrx_word' id='word_1_227' title='bbox 1182 3566 1351 3654; x_wconf 82' lang='lat' dir='ltr'>Expoliate</span> <span class='ocrx_word' id='word_1_228' title='bbox 1374 3587 1448 3650; x_wconf 85' lang='lat' dir='ltr'>ergo</span> <span class='ocrx_word' id='word_1_229' title='bbox 1471 3587 1526 3632; x_wconf 85' lang='lat' dir='ltr'>vos</span> <span class='ocrx_word' id='word_1_230' title='bbox 1549 3571 1688 3633; x_wconf 86' lang='lat' dir='ltr'>veterem</span> <span class='ocrx_word' id='word_1_231' title='bbox 1710 3567 1812 3633; x_wconf 93' lang='lat' dir='ltr'>homi·</span> 
     </span>
     <span class='ocr_line' id='line_1_26' title="bbox 641 3679 1811 3771; baseline 0.001 -22"><span class='ocrx_word' id='word_1_232' title='bbox 641 3679 750 3768; x_wconf 86' lang='lat' dir='ltr'>nem¹‘‚</span> <span class='ocrx_word' id='word_1_233' title='bbox 780 3688 813 3750; x_wconf 90' lang='grc' dir='ltr'>ιι</span> <span class='ocrx_word' id='word_1_234' title='bbox 838 3681 960 3749; x_wconf 84' lang='lat' dir='ltr'>induite</span> <span class='ocrx_word' id='word_1_235' title='bbox 982 3681 1144 3748; x_wconf 85' lang='lat' dir='ltr'>Christum</span> <span class='ocrx_word' id='word_1_236' title='bbox 1167 3680 1320 3768; x_wconf 80' lang='lat' dir='ltr'>novum¹⁶,</span> <span class='ocrx_word' id='word_1_237' title='bbox 1349 3683 1541 3771; x_wconf 86' lang='lat' dir='ltr'>deponentes</span> <span class='ocrx_word' id='word_1_238' title='bbox 1569 3683 1690 3750; x_wconf 92' lang='lat' dir='ltr'>omnia:</span> <span class='ocrx_word' id='word_1_239' title='bbox 1719 3683 1811 3767; x_wconf 86' lang='lat' dir='ltr'>iram,</span> 
     </span>
     <span class='ocr_line' id='line_1_27' title="bbox 641 3797 1813 3887; baseline 0.002 -24"><span class='ocrx_word' id='word_1_240' title='bbox 641 3798 900 3883; x_wconf 84' lang='lat' dir='ltr'>indignationem,</span> <span class='ocrx_word' id='word_1_241' title='bbox 924 3797 1089 3881; x_wconf 86' lang='lat' dir='ltr'>malitiam,</span> <span class='ocrx_word' id='word_1_242' title='bbox 1113 3798 1357 3885; x_wconf 69' lang='lat' dir='ltr'>blasphemiam</span> <span class='ocrx_word' id='word_1_243' title='bbox 1379 3804 1505 3887; x_wconf 89' lang='lat' dir='ltr'>turpem</span> <span class='ocrx_word' id='word_1_244' title='bbox 1523 3819 1701 3865; x_wconf 90' lang='lat' dir='ltr'>sermonem</span> <span class='ocrx_word' id='word_1_245' title='bbox 1715 3799 1813 3866; x_wconf 88' lang='lat' dir='ltr'>nolite</span> 
     </span>
     <span class='ocr_line' id='line_1_28' title="bbox 643 3910 1813 4002; baseline 0.002 -22"><span class='ocrx_word' id='word_1_246' title='bbox 643 3914 682 3980; x_wconf 91' lang='lat' dir='ltr'>de</span> <span class='ocrx_word' id='word_1_247' title='bbox 717 3933 771 3980; x_wconf 91' lang='lat' dir='ltr'>ore</span> <span class='ocrx_word' id='word_1_248' title='bbox 799 3910 930 3980; x_wconf 84' lang='lat' dir='ltr'>vestro¹⁶</span> <span class='ocrx_word' id='word_1_249' title='bbox 958 3915 1141 4002; x_wconf 88' lang='lat' dir='ltr'>producere.</span> <span class='ocrx_word' id='word_1_250' title='bbox 1182 3914 1233 3981; x_wconf 86' lang='lat' dir='ltr'>Ab</span> <span class='ocrx_word' id='word_1_251' title='bbox 1262 3915 1418 3982; x_wconf 91' lang='lat' dir='ltr'>idolorum</span> <span class='ocrx_word' id='word_1_252' title='bbox 1446 3915 1533 3981; x_wconf 91' lang='lat' dir='ltr'>cultu</span> <span class='ocrx_word' id='word_1_253' title='bbox 1560 3915 1712 3998; x_wconf 88' lang='lat' dir='ltr'>recedite;</span> <span class='ocrx_word' id='word_1_254' title='bbox 1749 3916 1813 3982; x_wconf 91' lang='lat' dir='ltr'>iarn</span> 
     </span>
     <span class='ocr_line' id='line_1_29' title="bbox 643 4026 1812 4120; baseline 0.002 -24"><span class='ocrx_word' id='word_1_255' title='bbox 643 4030 727 4096; x_wconf 86' lang='lat' dir='ltr'>enim</span> <span class='ocrx_word' id='word_1_256' title='bbox 751 4029 985 4117; x_wconf 81' lang='lat' dir='ltr'>advesperascit</span> <span class='ocrx_word' id='word_1_257' title='bbox 1007 4026 1109 4097; x_wconf 82' lang='lat' dir='ltr'>dies¹⁷.</span> <span class='ocrx_word' id='word_1_258' title='bbox 1144 4031 1249 4096; x_wconf 86' lang='lat' dir='ltr'>Nolite</span> <span class='ocrx_word' id='word_1_259' title='bbox 1273 4052 1341 4097; x_wconf 87' lang='lat' dir='ltr'>esse</span> <span class='ocrx_word' id='word_1_260' title='bbox 1364 4031 1472 4114; x_wconf 82' lang='lat' dir='ltr'>otiosi3</span> <span class='ocrx_word' id='word_1_261' title='bbox 1495 4031 1551 4096; x_wconf 89' lang='lat' dir='ltr'>sed</span> <span class='ocrx_word' id='word_1_262' title='bbox 1573 4032 1678 4118; x_wconf 94' lang='lat' dir='ltr'>potius</span> <span class='ocrx_word' id='word_1_263' title='bbox 1701 4051 1812 4120; x_wconf 88' lang='lat' dir='ltr'>opera-</span> 
     </span>
    </p>
   </div>
   <div class='ocr_carea' id='block_1_3' title="bbox 643 4147 1813 4234">
    <p class='ocr_par' dir='ltr' id='par_1_4' title="bbox 643 4147 1813 4234">
     <span class='ocr_line' id='line_1_30' title="bbox 643 4147 1813 4234; baseline 0.002 -22"><span class='ocrx_word' id='word_1_264' title='bbox 643 4147 722 4212; x_wconf 92' lang='lat' dir='ltr'>mini</span> <span class='ocrx_word' id='word_1_265' title='bbox 745 4167 823 4233; x_wconf 87' lang='lat' dir='ltr'>opus</span> <span class='ocrx_word' id='word_1_266' title='bbox 846 4147 973 4231; x_wconf 87' lang='lat' dir='ltr'>bonum,</span> <span class='ocrx_word' id='word_1_267' title='bbox 996 4152 1033 4213; x_wconf 91' lang='lat' dir='ltr'>ut</span> <span class='ocrx_word' id='word_1_268' title='bbox 1048 4147 1191 4214; x_wconf 90' lang='lat' dir='ltr'>Christus</span> <span class='ocrx_word' id='word_1_269' title='bbox 1214 4147 1336 4215; x_wconf 88' lang='lat' dir='ltr'>habitet</span> <span class='ocrx_word' id='word_1_270' title='bbox 1357 4149 1391 4214; x_wconf 93' lang='lat' dir='ltr'>in</span> <span class='ocrx_word' id='word_1_271' title='bbox 1406 4147 1504 4214; x_wconf 90' lang='lat' dir='ltr'>vobis.</span> <span class='ocrx_word' id='word_1_272' title='bbox 1537 4147 1581 4214; x_wconf 92' lang='lat' dir='ltr'>Et</span> <span class='ocrx_word' id='word_1_273' title='bbox 1596 4147 1813 4234; x_wconf 88' lang='lat' dir='ltr'>quodcumque</span> 
     </span>
    </p>
   </div>
   <div class='ocr_carea' id='block_1_4' title="bbox 715 4310 844 4365">
    <p class='ocr_par' dir='ltr' id='par_1_5' title="bbox 715 4310 844 4365">
     <span class='ocr_line' id='line_1_31' title="bbox 715 4310 844 4365; baseline -0.016 -11"><span class='ocrx_word' id='word_1_274' title='bbox 715 4320 735 4354; x_wconf 72' lang='lat' dir='ltr'>a</span> <span class='ocrx_word' id='word_1_275' title='bbox 757 4320 794 4365; x_wconf 86' lang='lat' dir='ltr'>qsr</span> <span class='ocrx_word' id='word_1_276' title='bbox 809 4310 844 4353; x_wconf 78' lang='lat' dir='ltr'>M.</span> 
     </span>
    </p>
   </div>
   <div class='ocr_carea' id='block_1_5' title="bbox 642 4411 1814 4930">
    <p class='ocr_par' dir='ltr' id='par_1_6' title="bbox 642 4411 1814 4930">
     <span class='ocr_line' id='line_1_32' title="bbox 715 4411 1814 4483; baseline 0.001 -18"><span class='ocrx_word' id='word_1_277' title='bbox 715 4411 739 4466; x_wconf 90' lang='lat'>1.</span> <span class='ocrx_word' id='word_1_278' title='bbox 763 4411 867 4466; x_wconf 85' lang='lat' dir='ltr'>Coloss.</span> <span class='ocrx_word' id='word_1_279' title='bbox 881 4412 945 4480; x_wconf 89' lang='grc'>2,1.</span> <span class='ocrx_word' id='word_1_280' title='bbox 1035 4413 1061 4466; x_wconf 91' lang='grc'>2.</span> <span class='ocrx_word' id='word_1_281' title='bbox 1085 4411 1189 4467; x_wconf 91' lang='lat' dir='ltr'>Coloss.</span> <span class='ocrx_word' id='word_1_282' title='bbox 1203 4415 1228 4482; x_wconf 86' lang='grc'>2,</span> <span class='ocrx_word' id='word_1_283' title='bbox 1241 4413 1272 4467; x_wconf 80' lang='lat'>2:</span> <span class='ocrx_word' id='word_1_284' title='bbox 1298 4418 1350 4483; x_wconf 84' lang='grc' dir='ltr'>,ιιι</span> <span class='ocrx_word' id='word_1_285' title='bbox 1367 4413 1541 4468; x_wconf 86' lang='lat' dir='ltr'>consolentur</span> <span class='ocrx_word' id='word_1_286' title='bbox 1559 4443 1592 4452; x_wconf 90' lang='lat'>-</span> <span class='ocrx_word' id='word_1_287' title='bbox 1611 4411 1656 4468; x_wconf 89' lang='lat' dir='ltr'>dei</span> <span class='ocrx_word' id='word_1_288' title='bbox 1678 4413 1768 4467; x_wconf 90' lang='lat' dir='ltr'>Patris</span> <span class='ocrx_word' id='word_1_289' title='bbox 1786 4417 1814 4468; x_wconf 90' lang='grc' dir='ltr'>ιι</span> 
     </span>
     <span class='ocr_line' id='line_1_33' title="bbox 644 4497 1811 4572; baseline 0.001 -17"><span class='ocrx_word' id='word_1_290' title='bbox 644 4498 744 4555; x_wconf 87' lang='lat' dir='ltr'>Christi</span> <span class='ocrx_word' id='word_1_291' title='bbox 755 4499 844 4554; x_wconf 83' lang='lat' dir='ltr'>Iesu“.</span> <span class='ocrx_word' id='word_1_292' title='bbox 916 4500 942 4554; x_wconf 88' lang='lat'>3.</span> <span class='ocrx_word' id='word_1_293' title='bbox 961 4497 1066 4556; x_wconf 87' lang='lat' dir='ltr'>Coloos.</span> <span class='ocrx_word' id='word_1_294' title='bbox 1080 4502 1105 4570; x_wconf 89' lang='grc'>2,</span> <span class='ocrx_word' id='word_1_295' title='bbox 1118 4501 1148 4555; x_wconf 84' lang='lat'>3:</span> <span class='ocrx_word' id='word_1_296' title='bbox 1170 4501 1213 4572; x_wconf 72' lang='lat' dir='ltr'>„in</span> <span class='ocrx_word' id='word_1_297' title='bbox 1225 4515 1279 4571; x_wconf 91' lang='lat' dir='ltr'>quo</span> <span class='ocrx_word' id='word_1_298' title='bbox 1293 4531 1325 4541; x_wconf 92' lang='lat'><em>-</em></span> <span class='ocrx_word' id='word_1_299' title='bbox 1339 4500 1518 4557; x_wconf 83' lang='lat' dir='ltr'>absconditi‘¹.</span> <span class='ocrx_word' id='word_1_300' title='bbox 1589 4501 1616 4558; x_wconf 86' lang='lat'>4.</span> <span class='ocrx_word' id='word_1_301' title='bbox 1635 4502 1702 4556; x_wconf 84' lang='lat' dir='ltr'>Luc.</span> <span class='ocrx_word' id='word_1_302' title='bbox 1714 4503 1758 4572; x_wconf 98' lang='grc'>21,</span> <span class='ocrx_word' id='word_1_303' title='bbox 1770 4501 1811 4557; x_wconf 88' lang='lat'>31.</span> 
     </span>
     <span class='ocr_line' id='line_1_34' title="bbox 642 4588 1812 4662; baseline 0.003 -20"><span class='ocrx_word' id='word_1_304' title='bbox 642 4590 670 4642; x_wconf 77' lang='grc'><strong>5.</strong></span> <span class='ocrx_word' id='word_1_305' title='bbox 693 4588 798 4644; x_wconf 86' lang='lat' dir='ltr'>Coloss.</span> <span class='ocrx_word' id='word_1_306' title='bbox 812 4590 837 4656; x_wconf 82' lang='lat'>2,</span> <span class='ocrx_word' id='word_1_307' title='bbox 849 4589 876 4644; x_wconf 83' lang='grc'><strong>4.</strong></span> <span class='ocrx_word' id='word_1_308' title='bbox 971 4589 997 4644; x_wconf 92' lang='grc'><strong>6.</strong></span> <span class='ocrx_word' id='word_1_309' title='bbox 1021 4590 1066 4644; x_wconf 89' lang='lat' dir='ltr'>Ps.</span> <span class='ocrx_word' id='word_1_310' title='bbox 1079 4591 1123 4659; x_wconf 82' lang='lat'>95,</span> <span class='ocrx_word' id='word_1_311' title='bbox 1136 4590 1162 4644; x_wconf 81' lang='lat'>5.</span> <span class='ocrx_word' id='word_1_312' title='bbox 1258 4593 1283 4646; x_wconf 82' lang='grc'><strong>7.</strong></span> <span class='ocrx_word' id='word_1_313' title='bbox 1308 4589 1412 4646; x_wconf 87' lang='lat' dir='ltr'>Coloss.</span> <span class='ocrx_word' id='word_1_314' title='bbox 1427 4593 1451 4660; x_wconf 83' lang='lat'>2,</span> <span class='ocrx_word' id='word_1_315' title='bbox 1465 4591 1490 4646; x_wconf 91' lang='grc'><strong>6.</strong></span> <span class='ocrx_word' id='word_1_316' title='bbox 1580 4592 1605 4646; x_wconf 89' lang='grc'>8.</span> <span class='ocrx_word' id='word_1_317' title='bbox 1630 4589 1735 4646; x_wconf 77' lang='lat' dir='ltr'>Colore.</span> <span class='ocrx_word' id='word_1_318' title='bbox 1749 4593 1775 4662; x_wconf 93' lang='grc'>2,</span> <span class='ocrx_word' id='word_1_319' title='bbox 1788 4591 1812 4646; x_wconf 79' lang='grc'><strong>7.</strong></span> 
     </span>
     <span class='ocr_line' id='line_1_35' title="bbox 644 4676 1812 4750; baseline 0 -17"><span class='ocrx_word' id='word_1_320' title='bbox 644 4680 668 4733; x_wconf 86' lang='grc'><strong>9.</strong></span> <span class='ocrx_word' id='word_1_321' title='bbox 693 4677 797 4733; x_wconf 86' lang='lat' dir='ltr'>Coloss.</span> <span class='ocrx_word' id='word_1_322' title='bbox 816 4679 841 4747; x_wconf 92' lang='grc'>2,</span> <span class='ocrx_word' id='word_1_323' title='bbox 860 4678 886 4732; x_wconf 91' lang='grc'>8.</span> <span class='ocrx_word' id='word_1_324' title='bbox 1012 4679 1055 4732; x_wconf 89' lang='grc'>10.</span> <span class='ocrx_word' id='word_1_325' title='bbox 1078 4676 1120 4734; x_wconf 84' lang='lat' dir='ltr'>Cf.</span> <span class='ocrx_word' id='word_1_326' title='bbox 1139 4679 1206 4734; x_wconf 90' lang='lat' dir='ltr'>Luc.</span> <span class='ocrx_word' id='word_1_327' title='bbox 1227 4681 1269 4749; x_wconf 88' lang='grc'>16,</span> <span class='ocrx_word' id='word_1_328' title='bbox 1288 4681 1314 4734; x_wconf 88' lang='grc'>8.</span> <span class='ocrx_word' id='word_1_329' title='bbox 1441 4680 1482 4734; x_wconf 90' lang='grc'><strong>11.</strong></span> <span class='ocrx_word' id='word_1_330' title='bbox 1508 4677 1549 4736; x_wconf 82' lang='lat' dir='ltr'>cf.</span> <span class='ocrx_word' id='word_1_331' title='bbox 1569 4677 1688 4736; x_wconf 88' lang='lat' dir='ltr'>Corinth.</span> <span class='ocrx_word' id='word_1_332' title='bbox 1709 4681 1751 4750; x_wconf 90' lang='grc'>10,</span> <span class='ocrx_word' id='word_1_333' title='bbox 1772 4679 1812 4734; x_wconf 81' lang='lat'>14.</span> 
     </span>
     <span class='ocr_line' id='line_1_36' title="bbox 645 4765 1813 4840; baseline 0.003 -19"><span class='ocrx_word' id='word_1_334' title='bbox 645 4769 686 4821; x_wconf 88' lang='grc'>12.</span> <span class='ocrx_word' id='word_1_335' title='bbox 710 4767 755 4821; x_wconf 85' lang='lat' dir='ltr'>Po.</span> <span class='ocrx_word' id='word_1_336' title='bbox 771 4767 830 4835; x_wconf 81' lang='lat'>145,</span> <span class='ocrx_word' id='word_1_337' title='bbox 844 4767 869 4820; x_wconf 93' lang='grc'><strong>6.</strong></span> <span class='ocrx_word' id='word_1_338' title='bbox 960 4767 1002 4821; x_wconf 84' lang='grc'><strong>13.</strong></span> <span class='ocrx_word' id='word_1_339' title='bbox 1028 4765 1069 4822; x_wconf 84' lang='lat' dir='ltr'>Cf.</span> <span class='ocrx_word' id='word_1_340' title='bbox 1087 4767 1151 4822; x_wconf 82' lang='lat' dir='ltr'>lsai.</span> <span class='ocrx_word' id='word_1_341' title='bbox 1165 4769 1207 4838; x_wconf 88' lang='grc'>29,</span> <span class='ocrx_word' id='word_1_342' title='bbox 1221 4769 1264 4823; x_wconf 90' lang='grc'>22.</span> <span class='ocrx_word' id='word_1_343' title='bbox 1354 4769 1397 4824; x_wconf 88' lang='grc'><strong>14.</strong></span> <span class='ocrx_word' id='word_1_344' title='bbox 1423 4767 1526 4826; x_wconf 86' lang='lat' dir='ltr'>Coloss.</span> <span class='ocrx_word' id='word_1_345' title='bbox 1539 4769 1565 4840; x_wconf 82' lang='lat'>3,</span> <span class='ocrx_word' id='word_1_346' title='bbox 1578 4769 1604 4824; x_wconf 90' lang='grc'><strong>9.</strong></span> <span class='ocrx_word' id='word_1_347' title='bbox 1695 4769 1738 4826; x_wconf 85' lang='grc'><strong>15.</strong></span> <span class='ocrx_word' id='word_1_348' title='bbox 1764 4767 1813 4826; x_wconf 90' lang='lat' dir='ltr'>Co·</span> 
     </span>
     <span class='ocr_line' id='line_1_37' title="bbox 642 4854 1542 4930; baseline 0.006 -21"><span class='ocrx_word' id='word_1_349' title='bbox 642 4855 802 4924; x_wconf 87' lang='lat' dir='ltr'>loss.3,10.</span> <span class='ocrx_word' id='word_1_350' title='bbox 894 4857 936 4910; x_wconf 90' lang='grc'><strong>16.</strong></span> <span class='ocrx_word' id='word_1_351' title='bbox 960 4854 1065 4911; x_wconf 80' lang='lat' dir='ltr'>Coloss.</span> <span class='ocrx_word' id='word_1_352' title='bbox 1078 4857 1104 4926; x_wconf 88' lang='lat'>3,</span> <span class='ocrx_word' id='word_1_353' title='bbox 1117 4857 1143 4912; x_wconf 82' lang='lat'>8.</span> <span class='ocrx_word' id='word_1_354' title='bbox 1234 4857 1277 4912; x_wconf 84' lang='grc'><strong>17.</strong></span> <span class='ocrx_word' id='word_1_355' title='bbox 1302 4854 1344 4912; x_wconf 79' lang='lat' dir='ltr'>ef.</span> <span class='ocrx_word' id='word_1_356' title='bbox 1362 4857 1429 4914; x_wconf 87' lang='lat' dir='ltr'>Luc.</span> <span class='ocrx_word' id='word_1_357' title='bbox 1442 4858 1485 4930; x_wconf 83' lang='lat'>24,</span> <span class='ocrx_word' id='word_1_358' title='bbox 1498 4859 1542 4914; x_wconf 87' lang='grc'>29.</span> 
     </span>
    </p>
   </div>
   <div class='ocr_carea' id='block_1_6' title="bbox 0 0 2184 6034">
    <p class='ocr_par' dir='ltr' id='par_1_7' title="bbox 0 0 2184 6034">
     <span class='ocr_line' id='line_1_38' title="bbox 0 0 2184 6034; baseline 0 0"><span class='ocrx_word' id='word_1_359' title='bbox 0 0 2184 6034; x_wconf 95' lang='lat' dir='ltr'> </span> 
     </span>
    </p>
   </div>
  </div>
 </body>
</html>
