4342 6034
528 912 581 968 745

500 988 553 1033 anta
561 984 610 1033 Oct.

543 3922 595 3976 745

523 3994 573 4041 oo„
582 3995 612 4042 lb

631 745 695 812 140
875 761 903 810 s.
919 762 1097 810 somnum
1118 763 1163 810 nr
1185 763 1287 810 uuum
1309 761 1497 810 numerosus
1520 761 1550 808 so

628 923 717 970 mum
739 903 841 970 scelus
865 907 897 970 et
918 903 1116 991 blasphemia
1137 909 1247 971 contra
1269 903 1373 970 Deum
1404 923 1474 970 esse
1504 903 1686 986 uidebatur,
1715 902 1798 970 feeit

629 1020 777 1086 Venienti
799 1019 884 1085 enim
906 1019 1039 1106 populo,
1063 1024 1096 1086 et
1117 1024 1275 1106 prostrato
1300 1024 1373 1086 ante
1396 1019 1491 1105 pedes
1515 1019 1581 1086 eine
1606 1024 1638 1086 et
1660 1019 1801 1105 cupienti
1925 1019 1926 1064 Ἰ

630 1134 772 1202 confiteri
794 1140 924 1221 peccata
946 1155 1020 1219 sua,
1048 1134 1145 1203 dixit:
1177 1135 1252 1202 Scio
1282 1139 1389 1201 omnia
1416 1149 1546 1223 peccata
1572 1148 1691 1216 oestro,
1724 1138 1800 1221 quia

628 1254 710 1318 miti
731 1254 856 1338 cepasio
883 1264 957 1317 sant
985 1251 1106 1317 occulta
1133 1264 1246 1316 oestro.
1293 1251 1369 1316 Noa
1392 1265 1438 1317 cst
1460 1275 1539 1339 opus
1563 1251 1719 1334 confisam
1748 1252 1802 1315 scd

630 1371 779 1433 dimisso‘*
801 1381 874 1432 suat
902 1365 1008 1431 eobo*
1029 1381 1159 1454 peccota
1187 1380 1291 1432 oestro
1316 1371 1497 1454 praeterita.
1520 1367 1659 1434 ·Sscurs'
1686 1378 1716 1432 ct
1745 1367 1800 1432 ab·

630 1485 726 1550 solati
756 1485 949 1548 rmcrtimiaa'
981 1484 1025 1547 ad
1055 1485 1164 1548 desnos
1191 1496 1308 1548 vestras
1338 1506 1407 1547 com
1431 1506 1522 1570 poce.
1613 1481 1657 1548 Et
1684 1481 1801 1565 omnia,

630 1618 845 1684 quaecumque
867 1600 1012 1663 sanctum
1034 1597 1232 1681 euangelium
1250 1597 1431 1683 ypochritas
1446 1597 1558 1664 fecisse
1573 1600 1721 1679 testetur,
1746 1615 1802 1664 sno

629 1715 740 1782 habitu
761 1719 793 1780 et
814 1714 939 1780 incessu
962 1717 994 1779 et
1016 1713 1156 1779 moribus
1179 1713 1322 1779 imitatus
1345 1719 1403 1779 est.

717 1830 810 1897 Alter
832 1834 936 1895 sutem
959 1828 1133 1912 hereticus,
1159 1830 1213 1913 qui
1236 1829 1351 1895 dicitur
1375 1827 1537 1911 Clemens,
1560 1833 1672 1896 contra
1694 1829 1802 1898 catho-

628 1947 723 2014 licam
745 1945 907 2012 contendit
928 1944 1123 2028 aecclesiam,
1147 1963 1282 2012 canones
1305 1943 1508 2010 ecclesiarum
1524 1942 1643 2012 Christi
1666 1944 1803 2030 abnegat
1925 1953 1926 1992 ³

629 2068 662 2130 et
682 2062 817 2145 refutet,
839 2064 993 2127 tractatus
1017 2065 1049 2126 et
1070 2059 1248 2126 intellectus
1272 2065 1451 2126 sauctorum
1474 2063 1600 2146 patrum
1624 2059 1802 2128 Hieronimi

629 2177 801 2262 Augustini
822 2175 968 2260 Gregorii
989 2180 1141 2242 recusat‘.
1189 2175 1361 2262 Synodalia
1383 2175 1454 2242 iura
1475 2195 1645 2262 spumeus,
1669 2177 1801 2264 proprio

630 2314 724 2361 sensu
752 2290 915 2358 adfirmat:
947 2311 981 2358 se
1005 2297 1143 2378 -post
1171 2292 1250 2358 duos
1279 2289 1361 2358 filios
1390 2291 1451 2358 sibi
1473 2291 1508 2357 in
1530 2291 1684 2359 adulterio
1710 2299 1801 2360 natos

630 2409 688 2476 sub
710 2409 837 2474 nomine
860 2407 1066 2494 episcopi-
1091 2427 1159 2475 esse
1182 2427 1275 2494 posse
1296 2407 1376 2492 legis
1399 2407 1590 2474 christianae
1606 2410 1799 2496 episcopum.

629 2518 840 2591 Iudaismum¹
861 2523 1024 2607 inducens,
1047 2523 1165 2589 iustum
1189 2543 1258 2590 csse
1279 2523 1400 2590 iudicat
1421 2523 1608 2590 christiano:
1633 2529 1678 2609 ul,
1703 2526 1732 2592 si
1747 2546 1801 2592 ro-

628 2641 739 2724 luerit,
775 2640 901 2706 viduam
935 2640 1043 2706 fratris
1079 2639 1219 2706 defuncti
1253 2640 1388 2727 accipiet
1415 2659 1556 2706 uxorem.
1603 2639 1664 2719 Qui
1691 2647 1802 2709 contra
1925 2649 1926 2654 ’

628 2755 722 2822 fidem
745 2761 926 2822 sanctorum
948 2761 1076 2842 patrum
1099 2756 1270 2842 contendit,
1294 2757 1416 2823 dicens:
1445 2755 1528 2840 quod
1551 2754 1694 2824 Christus
1717 2755 1801 2825 filins

629 2871 700 2956 Dei,
723 2871 914 2938 descendens
937 2870 978 2937 ad
1000 2871 1128 2955 inferos,
1152 2891 1271 2955 omnes,
1295 2890 1373 2956 quos
1393 2871 1509 2938 inferni
1532 2891 1640 2939 career
1655 2873 1801 2959 detinuit,

629 2988 702 3055 inde
724 2987 904 3071 liberasset,
928 2986 1071 3053 credulos
1095 2992 1127 3053 et
1148 2986 1342 3071 incredulos,
1365 2987 1545 3055 laudatores
1568 2988 1628 3055 Dei
1651 2989 1747 3056 simul
1770 2995 1803 3058 et

629 3103 764 3171 cultores
786 3102 972 3170 idulomml.
1017 3102 1062 3169 Et
1083 3102 1183 3168 multa
1206 3103 1270 3169 alia
1291 3102 1456 3171 horribilia
1478 3103 1517 3170 de
1538 3105 1802 3191 predistinatione

629 3219 699 3302 Dei,
723 3219 883 3284 contrarie
903 3217 977 3285 fidei
999 3218 1181 3302 catholicae,
1205 3215 1359 3284 adfirmet
1452 3219 1651 3308 Quapropter
1680 3220 1720 3288 do
1741 3220 1802 3288 hoc

629 3354 752 3420 quoque
775 3334 913 3400 heretico
935 3354 1061 3421 precor:
1085 3339 1122 3399 ut
1144 3353 1201 3420 per
1223 3333 1345 3400 litteras
1368 3341 1490 3402 vestras
1512 3337 1664 3404 mandare
1684 3339 1802 3404 curetis

630 3450 702 3516 duci
725 3449 946 3535 Csrlomanno,
969 3455 1006 3516 ut
1026 3449 1172 3516 mittatur
1194 3450 1227 3515 in
1250 3449 1440 3533 custodiam
1469 3458 1506 3519 ut
1527 3453 1650 3520 semina
1671 3459 1801 3520 satanae

629 3566 724 3632 latius
747 3585 811 3631 non
834 3566 977 3650 seminet,
1000 3586 1040 3632 ne
1062 3566 1197 3632 forsitan
1219 3585 1283 3633 uns
1306 3567 1373 3633 ovis
1396 3569 1541 3636 morbida
1554 3574 1658 3636 toturn
1672 3589 1800 3654 gregem

629 3681 759 3770 polluat
851 3681 962 3748 Valere
985 3681 1185 3749 sanctitatem
1207 3687 1345 3750 vestram
1368 3689 1401 3750 et
1421 3686 1583 3772 prosperis
1608 3685 1800 3771 profectibus

629 3798 766 3882 gaudere
788 3798 823 3862 in
844 3797 1073 3882 longitudinem
1096 3797 1219 3864 dierum
1241 3797 1419 3886 optamus“.

720 3914 861 3998 Cumque
883 3912 1000 3980 relecta
1015 3919 1108 3998 esset,
1130 3912 1298 3981 Zacharias
1315 3917 1532 3983 sanctissimus
1548 3935 1585 3983 sc
1599 3915 1799 3984 beatissimus

629 4050 714 4117 papa
736 4029 832 4096 dixit:
856 4031 1013 4111 Audesne,
1038 4031 1200 4096 semema·
1211 4031 1346 4116 fratres,
1372 4035 1450 4119 quid
1471 4035 1507 4098 ia
1524 4035 1586 4099 osto
1602 4035 1735 4121 apostolo
1749 4057 1798 4100 rs-

629 4148 741 4212 lectam
763 4149 806 4212 sis
827 4169 864 4212 ea·
886 4147 1048 4233 socrilspis
1070 4147 1153 4227 illis,
1179 4151 1236 4233 qai
1256 4171 1289 4214 ss
1310 4151 1354 4214 ad
1375 4171 1467 4214 sesam
1489 4151 1800 4237 condempnationem

629 4263 787 4350 apostolos
808 4263 937 4350 populis
955 4265 1248 4351 praedicaverant&
1329 4263 1527 4330 Sanctissimi
1543 4265 1685 4352 episcopi
1700 4271 1733 4332 et
1746 4285 1799 4332 vo·

628 4375 785 4444 ncrabiles
813 4377 982 4463 presbiteri
1011 4379 1255 4465 responderunt:
1284 4379 1475 4446 Audivimus
1504 4395 1582 4450 certe
1603 4404 1665 4469 por
1692 4387 1799 4448 umato

628 4517 693 4560 aoso
715 4494 873 4580 apostolos
901 4496 957 4560 sed
985 4499 1146 4562 minsitros
1176 4509 1306 4563 somnus
1334 4511 1363 4563 ct
1380 4519 1604 4584 praecursores
1627 4499 1796 4566 aadbmti.

700 4684 722 4717 a.
743 4669 826 4716 dimisa
844 4673 879 4717 M.
978 4671 1001 4718 b.
1021 4671 1086 4720 robis
1108 4689 1150 4719 om.
1168 4677 1202 4720 M.
1303 4687 1322 4720 a
1344 4677 1447 4720 recursat
1463 4677 1497 4722 M.
1597 4674 1621 4722 d.
1642 4675 1755 4722 idolorum
1772 4679 1798 4724 c.

628 4766 649 4798 e.
667 4749 829 4810 praedicarunt
845 4753 870 4798 C.

699 4855 724 4909 1.
742 4853 777 4911 v.
791 4853 903 4909 neser.
916 4855 960 4924 aa,
972 4856 998 4910 o.
