4342 6034
535 775 537 778 .
651 718 718 785 616
855 736 936 783 vrrs
957 734 1114 783 sarcum
1135 733 1397 783 nncmnnrsconr
1418 732 1616 783 noourrnu

559 886 629 941 1156
651 878 692 944 ad
714 882 849 945 mortem
871 896 972 961 usque
993 878 1151 960 invectus,
1180 878 1266 943 omui
1289 881 1432 962 tempore
1454 875 1519 942 vite
1542 896 1599 942 sue
1620 874 1826 943 machinaba-

649 1000 702 1061 tur
731 1000 842 1061 contm
870 1012 942 1059 eum
970 998 1002 1059 et
1029 993 1130 1079 ipsius
1159 991 1413 1059 inenarrabiliter
1434 992 1563 1059 sitiebat
1585 992 1728 1059 exibam.
1764 990 1827 1057 Re-

649 1116 778 1197 ceptum
799 1111 906 1193 itaque
920 1115 1011 1175 tauta
1024 1108 1129 1191 gratis
1143 1108 1228 1194 cepit
1241 1108 1409 1195 respicere,
1433 1108 1528 1193 quod,
1551 1108 1706 1175 restitutis
1722 1108 1827 1173 omni-

649 1226 709 1293 bus
732 1246 793 1312 que
814 1224 885 1307 lege
907 1223 1129 1291 beneficiorum
1153 1225 1319 1309 emiserat,
1351 1244 1422 1291 eum
1446 1225 1531 1291 inter
1553 1224 1673 1311 primos
1696 1228 1730 1289 et
1749 1243 1828 1309 pro·

650 1342 760 1427 cipuos
783 1334 902 1407 amicos
915 1340 1048 1407 haberet
1061 1340 1208 1423 diligeret
1224 1345 1255 1406 et
1269 1340 1406 1422 foveret3
1429 1339 1510 1406 illud
1524 1360 1600 1425 eope
1614 1344 1828 1427 pertractans,

649 1456 733 1543 quod
754 1457 972 1523 misericordia
994 1456 1211 1541 superexaltat
1231 1453 1401 1523 iudicium¹
1424 1460 1471 1523 et:
1495 1458 1577 1523 Noli
1591 1460 1677 1523 eiad
1690 1482 1712 1523 a
1725 1457 1827 1537 mab,

649 1576 705 1640 sed
725 1578 815 1640 aines
836 1577 872 1639 in
895 1574 974 1639 dono
997 1568 1144 1637 malcm'.
1235 1572 1301 1639 Iam
1326 1574 1409 1639 enim
1433 1572 1565 1639 verbum
1586 1572 1673 1637 istud
1694 1572 1728 1637 in
1749 1592 1829 1658 pro-

649 1690 792 1757 verbium
816 1689 908 1755 exiit:
940 1687 1024 1773 quod
1046 1688 1181 1754 domnus
1203 1688 1363 1755 Amoldus
1386 1688 1591 1771 Maguntinus
1615 1688 1829 1773 archiepisco-

649 1827 720 1893 pus,
743 1806 798 1891 qui
818 1806 925 1891 ipsum
947 1803 1058 1871 odiunt
1079 1809 1286 1890 persecuntur
1306 1812 1339 1873 et
1352 1804 1471 1887 leduut,
1495 1824 1549 1871 eos
1565 1803 1677 1887 diligat
1690 1804 1829 1871 honoret

650 1928 683 1989 et
704 1920 884 2009 amplificet
917 1920 961 1987 Et
983 1921 1094 2005 utique
1115 1940 1153 1987 aa
1175 1921 1301 1987 vimutis
1325 1920 1457 1987 altitudo
1481 1925 1514 1985 et
1534 1920 1592 1985 illa
1608 1920 1827 1987 misericordis

650 2038 827 2105 sublimitas
856 2042 926 2103 erat
952 2038 986 2101 in
1014 2036 1158 2123 principe
1186 2042 1218 2103 et
1245 2038 1277 2103 iu
1307 2034 1439 2103 mirilico
1467 2035 1594 2121 presule
1623 2034 1740 2101 Christi
1769 2036 1826 2101 illa

648 2154 809 2237 nobilitas,
826 2153 920 2238 quod,
939 2152 979 2218 de
994 2159 1263 2238 quantacumque·
1279 2151 1399 2219 offensa
1416 2150 1575 2237 quispiam
1590 2152 1631 2217 ed
1647 2172 1736 2217 suam
1749 2172 1826 2236 gra-

649 2271 728 2338 tiam
762 2290 821 2355 per
848 2268 1096 2337 satisfactionem
1125 2268 1258 2351 rediret,
1292 2287 1466 2353 numquam
1494 2287 1586 2333 suam
1613 2268 1759 2333 iniuriam
1791 2269 1824 2333 in

649 2392 813 2473 posterum
834 2384 996 2451 reminisci
1018 2384 1074 2451 sed
1097 2384 1203 2470 potius
1227 2384 1256 2451 ei
1278 2384 1423 2450 misereri
1445 2384 1533 2450 etin
1555 2384 1660 2467 gratia
1677 2384 1760 2450 bona
1774 2405 1825 2450 re·

649 2502 772 2588 spicere
790 2520 863 2566 eum
876 2500 1001 2581 mallet3
1025 2499 1179 2565 malorum
1196 2500 1339 2567 iudicans
1355 2519 1434 2583 esse,
1457 2499 1640 2566 meminisse
1654 2500 1735 2565 iram
1750 2506 1826 2587 post

649 2616 843 2683 inimicitias.
934 2615 1172 2699 Ingrediebatur
1198 2616 1306 2700 itaque
1328 2615 1494 2700 Mangotue
1520 2615 1561 2681 ad
1583 2615 1735 2683 domnum
1757 2616 1825 2703 epi·

649 2752 781 2818 scopum
803 2737 836 2797 et
858 2730 1094 2815 egrediebatur3
1118 2732 1330 2817 interemtuue
1353 2732 1493 2798 consiliis
1514 2736 1547 2799 et
1564 2731 1692 2798 secretis
1706 2732 1822 2818 ipsius;

648 2847 847 2932 habebatque
861 2846 1087 2934 periidentsml
1104 2852 1136 2913 et
1150 2848 1287 2915 amicum
1301 2848 1466 2915 introitum
1482 2847 1522 2914 ad
1538 2847 1737 2933 omniaque
1752 2868 1823 2931 egs-

649 2965 766 3031 bantur
795 2964 882 3029 omni
909 2968 1053 3049 tempore
1075 2964 1140 3029 vite
1164 2982 1228 3031 sue.
1263 2964 1344 3031 Erat
1364 2970 1470 3031 summ
1492 2962 1659 3047 hieugotus
1682 2964 1821 3031 ministe-

650 3081 739 3147 rialis
754 3078 944 3163 Magantini,
965 3084 1134 3145 strennuus
1150 3080 1276 3166 sapiens
1293 3086 1325 3147 et
1338 3080 1372 3145 in
1387 3079 1496 3146 multis
1511 3086 1662 3166 expertus
1678 3086 1710 3147 et
1724 3080 1820 3146 omni·

650 3197 710 3263 bus
732 3195 928 3279 Magantinis
950 3194 1067 3261 virtute
1090 3194 1179 3281 prole
1201 3192 1322 3261 viribus
1346 3200 1456 3282 atque·
1472 3196 1592 3263 divitiis
1612 3200 1755 3283 tempore
1767 3195 1818 3261 illo

652 3310 864 3380 excellentior.
900 3308 1146 3395 Confidebatque
1168 3311 1229 3378 sihi
1247 3312 1436 3378 venerabilis
1454 3311 1719 3400 archiepiscopus,
1741 3316 1818 3379 ent

652 3450 713 3515 qne
735 3427 797 3495 sihi
818 3427 986 3494 familiaris
1008 3426 1142 3493 dilectus
1157 3433 1190 3494 et
1203 3428 1325 3513 primus
1341 3429 1471 3513 amicus,
1495 3428 1816 3514 omnemquedomun

652 3546 720 3613 eius
742 3550 850 3611 tenera
872 3543 1033 3627 diligebat

741 3660 851 3728 Noluit
872 3680 948 3727 vero
970 3660 1116 3726 dominus
1139 3658 1225 3725 Deus
1249 3660 1351 3745 pacis,
1376 3660 1430 3744 qui
1453 3665 1502 3726 est
1522 3658 1674 3727 terribilis
1696 3660 1728 3725 in
1749 3677 1814 3725 cou-

653 3777 734 3845 siliis
757 3796 853 3863 super
874 3776 957 3842 lilios
979 3770 1171 3858 hominum³,
1194 3776 1345 3841 iniuriam
1367 3775 1466 3859 illam,
1490 3794 1585 3860 quam
1607 3776 1746 3862 prefatus
1763 3794 1813 3861 ps·

652 3894 771 3960 latinus
794 3899 827 3959 et
840 3890 1006 3977 hiengotus
1029 3897 1062 3958 et
1083 3891 1139 3957 alii
1162 3891 1330 3978 complices
1353 3910 1461 3957 eorum
1484 3891 1599 3958 domno
1618 3892 1761 3979 episcopo
1774 3890 1812 3956 ls-

653 4014 773 4095 cerant,
797 4008 837 4075 de
859 4028 923 4093 qua
944 4028 1043 4094 supra
1063 4007 1277 4091 meminimus,
1301 4008 1435 4075 transire
1450 4008 1595 4075 inultum.
1631 4006 1705 4093 Sed,
1726 4006 1811 4074 reior

652 4130 741 4193 mata
767 4144 862 4212 pace,
891 4125 926 4190 in
953 4124 1043 4191 brevi
1071 4142 1125 4190 eos
1148 4122 1304 4191 Dominus
1331 4124 1378 4189 ita
1405 4122 1522 4191 delerit
1548 4124 1588 4190 de
1614 4129 1715 4209 terra,
1741 4120 1809 4209 quod

654 4260 778 4326 omnes,
809 4241 863 4325 qui
884 4239 970 4305 illius
991 4240 1142 4307 facinoris
1164 4240 1291 4306 fueraut
1313 4245 1472 4325 auctores,
1501 4241 1642 4327 exceptis
1664 4240 1724 4307 hiis
1745 4256 1809 4323 quor

654 4358 778 4443 gladius
802 4354 1012 4423 anathematis
1036 4362 1109 4423 ante
1131 4356 1417 4423 reconciliationem
1442 4356 1532 4443 quasi
1554 4357 1644 4423 vivos
1663 4357 1809 4441 absorpso

612 4462 616 4471 ’
654 4479 721 4559 rat,
752 4478 807 4540 aut
834 4477 909 4539 sunt
930 4472 1036 4539 seculo
1058 4474 1176 4540 mortui
1200 4478 1255 4539 aut
1277 4494 1349 4539 eum
1371 4473 1450 4559 ipsis
1472 4472 1567 4540 rebus
1590 4474 1691 4541 vitam
1713 4472 1809 4539 amiso

535 4612 599 4673 sepe
608 4614 638 4659 ao
654 4590 747 4657 runt*
762 4594 950 4657 extremm.
984 4588 1128 4656 Mortuus
1152 4596 1201 4656 est
1215 4610 1288 4673 ergo
1304 4588 1505 4656 Hermannus
1519 4588 1680 4677 palatinus
1695 4580 1807 4656 comest

726 4755 747 4788 a
763 4738 944 4801 quanticumque
955 4743 977 4788 1.
1029 4740 1052 4788 h.
1067 4740 1201 4801 perfidelem
1212 4744 1233 4797 1,
1245 4743 1267 4787 2.
1318 4755 1338 4789 c.
1354 4742 1413 4789 act.
1467 4740 1490 4787 d
1506 4740 1630 4789 amiseram
1640 4742 1662 4797 1,
1678 4735 1807 4787 muetos

726 4837 751 4892 1.
769 4836 825 4892 lac.
839 4837 865 4907 Β,
879 4838 922 4893 13.
994 4838 1020 4892 2.
1038 4836 1118 4893 Rom.
1133 4838 1231 4907 1221.
1303 4837 1329 4893 3.
1348 4835 1487 4907 Ps.65,5.
1558 4835 1585 4891 4.
1604 4837 1676 4892 1166
1693 4834 1761 4907 Sept
1771 4830 1804 4887 20·
