4342 6034
654 836 841 886 narsnonnra
863 838 1092 886 monuunnrnn
1115 838 1146 884 oe
1417 822 1483 889 403

330 978 515 1063 linguntina,
539 1000 611 1046 eum
633 978 826 1065 prebendam
847 978 990 1067 ipsomm
1011 978 1046 1045 in
1068 978 1254 1047 benefitium
1275 979 1380 1064 laicis,
1403 981 1483 1067 ipsis
1515 989 1586 1045 nse

329 1094 532 1179 renitentibus,
555 1096 703 1163 tribuisse
726 1101 757 1162 et
779 1116 890 1161 aurum
914 1100 1079 1179 argentum
1102 1100 1134 1161 et
1156 1095 1220 1161 alia
1233 1100 1419 1163 ornamenta
1433 1116 1484 1164 eo·
1499 1062 1605 1155 1’ώῐῗη

328 1210 410 1277 olesie
426 1210 601 1278 inconsulto
616 1212 699 1279 elero
716 1232 752 1277 ae
766 1212 883 1299 populo
900 1210 1084 1277 distraxisse
1100 1230 1137 1276 ao
1151 1216 1225 1297 post
1239 1211 1485 1299 appellationem

328 1326 363 1391 ad
381 1346 436 1392 nos
457 1327 574 1393 fastam
596 1327 698 1394 multa
719 1328 758 1393 de
781 1328 871 1393 bonis
894 1327 960 1393 suis
984 1326 1029 1393 eis
1053 1326 1221 1393 abstulisse
1242 1326 1404 1411 dixemnt3
1429 1328 1483 1395 ad-

326 1442 443 1508 ieientes
465 1444 571 1527 etiam,
596 1443 728 1511 eundern
751 1443 882 1509 fratrem
900 1448 1044 1509 nostrum
1061 1448 1234 1509 eonroeata
1247 1442 1358 1509 sinodo
1372 1443 1485 1511 iecisse

326 1557 438 1642 publiea
459 1557 615 1643 interdici,
639 1578 679 1624 ne
702 1559 868 1643 quisquam
891 1557 932 1623 ad
954 1556 1126 1647 apostolice
1147 1559 1231 1624 sedis
1246 1559 1398 1627 iudioinm
1412 1580 1484 1646 pre-

325 1678 452 1739 sumeret
473 1674 643 1761 sppellare.
679 1674 745 1753 Quo
769 1674 905 1760 quidem,
929 1672 957 1739 si
978 1674 1012 1740 in
1031 1674 1166 1740 veritate
1184 1674 1372 1759 subsistunt,
1395 1680 1484 1742 tanto

325 1788 449 1875 amplius
465 1810 523 1856 nos
538 1790 736 1874 oontristsnt,
760 1795 877 1875 quanto
892 1788 997 1855 minus
1014 1788 1053 1855 ab
1069 1810 1107 1855 eo
1121 1788 1185 1856 tale
1200 1790 1321 1876 aliquid
1335 1790 1484 1859 eredeba-

324 1924 385 1969 mus
408 1905 573 1972 adversum
588 1926 646 1972 nos
659 1911 692 1972 et
706 1912 938 1973 sacrosanctam
953 1905 1128 1971 Romanam
1144 1904 1309 1973 ecelesiam
1324 1907 1483 1974 attentari.

323 2018 511 2108 Quapropter
532 2026 583 2105 ut,
607 2042 667 2107 que
689 2020 774 2087 dieta
796 2027 885 2106 sunt,
907 2021 1066 2087 inlunem
1089 2019 1216 2088 valeant
1237 2022 1402 2107 devenire,
1425 2042 1484 2109 per

323 2143 422 2203 nostra
443 2138 473 2204 ei
495 2137 614 2224 scripta
636 2137 870 2203 mandavimus:
893 2142 929 2203 ut
951 2137 1001 2204 vel
1023 2137 1064 2203 ad
1085 2138 1280 2224 presentiam
1294 2143 1382 2204 tuam
1397 2158 1485 2205 aeoe-

323 2252 377 2335 dat,
400 2259 606 2320 exeusaturns
630 2254 658 2319 si
680 2253 797 2339 poterit
818 2252 1030 2319 innoeentiam
1054 2273 1144 2319 suam
1161 2258 1193 2319 et
1207 2249 1406 2321 exhibiturus
1420 2254 1485 2321 illis

323 2368 371 2434 snb
391 2374 446 2435 tuo
470 2370 615 2435 examine
636 2368 761 2434 iusticie
783 2368 1063 2455 oomplementnm;
1087 2368 1139 2435 rel
1153 2369 1301 2456 proxima
1312 2370 1485 2438 festivitate

323 2482 397 2550 beati
416 2480 520 2552 Luee¹
541 2489 650 2550 nostro
674 2504 708 2551 se
730 2484 911 2571 oonspeetui
933 2489 1145 2571 representet,
1168 2485 1227 2553 snb
1249 2491 1358 2553 nostm
1381 2486 1421 2553 de
1434 2486 1484 2553 his

322 2600 456 2667 omnibus
479 2598 595 2666 iudieio
617 2619 836 2686 responsurus.

400 2716 554 2795 Quoeiroa
580 2734 637 2801 per
661 2715 834 2802 apostoliea
854 2715 974 2802 seriptn
994 2716 1188 2783 fraternitati
1209 2722 1264 2783 tne
1286 2717 1484 2802 mandamns,

323 2838 465 2916 qnatenus
493 2838 558 2898 tam
586 2833 744 2919 prediatus
768 2832 934 2897 canonieus
958 2836 990 2897 et
1012 2830 1108 2915 alios,
1138 2832 1193 2916 qni
1222 2832 1372 2899 adversm
1395 2837 1485 2899 unte-

321 2946 410 3014 latum
432 2949 564 3015 trabem
586 2953 730 3014 nostrum
752 2948 786 3012 in
809 2946 868 3013 hae
890 2966 986 3013 eausa
1007 2952 1093 3013 sture
1107 2946 1274 3032 voluerint,
1297 2968 1390 3032 qnam
1407 2968 1485 3015 enn-

321 3063 384 3129 dem
405 3065 536 3131 fratrem
558 3070 702 3129 nostrum
726 3068 799 3129 ante
822 3068 909 3128 tuam
931 3063 1124 3148 presentiam
1147 3080 1257 3129 erooes
1280 3067 1328 3146 et,
1356 3064 1485 3129 eanoni-

321 3198 416 3246 eornm
440 3179 690 3267 impetitionibus
713 3178 799 3245 illius
821 3198 896 3244 vero
920 3177 1154 3244 defensionibus
1177 3178 1344 3261 diligenter
1367 3178 1484 3245 auditis

321 3300 349 3359 et
367 3294 504 3381 plenarie
527 3296 677 3379 cognitis,
708 3300 741 3361 et
761 3294 886 3361 restitui
910 3294 955 3360 eis
978 3294 1172 3380 prebendam
1194 3314 1301 3377 snam,
1328 3312 1390 3379 qne
1410 3298 1485 3380 post

322 3412 555 3497 appellationem
580 3410 685 3477 ablata
708 3414 772 3493 est,
801 3409 899 3476 fanias
923 3414 971 3494 et,
1002 3410 1152 3495 quiequid
1173 3409 1247 3475 inde
1268 3410 1412 3477 veritatis
1434 3410 1483 3477 in·

321 3530 444 3611 ueneris,
468 3547 525 3614 per
547 3528 666 3612 scripta
687 3530 743 3593 tna
765 3529 798 3591 et
819 3526 945 3591 eosdem
968 3526 1135 3592 eanonioos
1156 3525 1248 3591 nobis
1270 3545 1334 3591 non
1355 3525 1482 3592 desinas

321 3644 471 3725 nuntiare3
495 3648 531 3708 nt
552 3662 620 3725 nos,
642 3662 678 3707 re
700 3642 835 3725 oognita,
859 3641 965 3707 taliter
986 3641 1069 3726 quod
1084 3642 1204 3707 iustum
1217 3640 1292 3707 inde
1306 3640 1403 3707 inerit
1416 3645 1483 3707 sta·

320 3764 451 3843 mamus,
481 3763 533 3842 nt,
561 3758 643 3855 siout
664 3757 810 3823 nolumus
832 3758 1020 3843 reprehendi
1044 3756 1255 3841 austeritatis,
1282 3756 1330 3823 ita
1350 3776 1409 3823 neo
1430 3777 1481 3823 re-

320 3874 468 3940 missionis
491 3878 546 3939 aut
568 3873 687 3939 desidie
708 3873 742 3939 in
764 3873 861 3939 tantis
884 3872 1063 3939 exoessibns
1087 3874 1177 3955 argui
1199 3872 1371 3939 valeamus.

398 3990 555 4073 Preterea,
579 3990 727 4073 quoniam
750 4008 847 4075 snpra
869 3988 971 4054 dietus
994 3988 1069 4054 Her.
1094 4008 1115 4053 a
1136 3987 1323 4073 quibusdam
1345 3987 1482 4053 homini·

320 4102 381 4189 bus,
402 4106 522 4172 soilieet
543 4104 687 4171 U1.R0d.
709 4104 784 4171 Fed.
808 4102 925 4171 Uldelr.
950 4109 983 4169 et
1005 4103 1092 4187 Her,
1113 4103 1216 4171 multa
1237 4104 1277 4171 de
1298 4103 1393 4169 rebus
1415 4104 1481 4171 suis

321 4220 374 4286 sibi
394 4222 535 4306 queritur
557 4220 674 4287 iniuste
696 4225 728 4287 et
749 4220 902 4289 violenter
926 4219 1040 4303 ablata,
1065 4218 1287 4285 niobilominns
1310 4218 1370 4285 tibi
1390 4238 1480 4285 man·

321 4334 438 4403 damus:
461 4342 498 4403 nt
519 4336 606 4420 illos,
635 4336 697 4402 nisi
719 4336 828 4421 inique
850 4336 957 4402 ablata
979 4335 1009 4401 ei
1032 4334 1241 4419 reddiderint,
1265 4335 1479 4401 exeommuni-

321 4452 441 4519 eationis
463 4452 582 4519 ultione
605 4452 767 4539 pereellss.
814 4451 932 4519 Datum
954 4449 1127 4517 Beneventi
1152 4452 1193 4517 15
1214 4450 1285 4517 Kal
1310 4449 1428 4517 llartii

385 4630 407 4683 1.
432 4629 466 4683 18
484 4626 543 4683 Oet
