4342 6034
662 728 729 795 310
867 743 895 793 s.
912 742 1090 792 normam
1111 742 1156 791 rrr
1176 742 1280 791 nunna
1301 740 1488 799 nrmrousn
1511 741 1564 789 rsa
1580 740 1626 789 ras

662 882 763 955 balis¹
783 885 878 953 tidem
908 885 1143 953 accommodare
1169 883 1269 968 volui,
1299 904 1358 951 nec
1379 883 1419 953 de
1441 890 1515 951 tuae
1536 883 1668 951 devotae
1691 884 1812 951 cantab
1903 921 1904 939 ÷

661 1002 821 1070 fidelitate¹
837 1001 959 1088 aliquas
981 1002 1069 1069 dirae
1091 1000 1304 1085 derogationis
1328 1000 1460 1067 aristae·
1476 1018 1636 1069 aoresoere
1652 999 1813 1093 credebam

661 1120 720 1187 sed
744 1120 848 1203 magis
876 1124 950 1185 tuae
979 1116 1156 1184 dilectionis
1183 1116 1433 1184 benevolentiam
1461 1116 1643 1185 meminisse
1668 1136 1739 1185 reor
1759 1136 1815 1183 seu·

660 1235 779 1303 tentiae
803 1234 1012 1318 Salomonis',
1041 1252 1106 1319 qus
1134 1232 1227 1299 dicit:
1255 1232 1308 1299 Ne
1334 1232 1478 1299 molioni
1504 1236 1606 1299 morbo
1628 1247 1681 1299 oso
1704 1234 1816 1313 malua

661 1374 733 1419 ossa
754 1356 823 1439 spec
836 1352 993 1435 fiduciam
1015 1350 1159 1415 Ιιαόυωὶτ
1180 1353 1216 1415 a'o
1238 1344 1294 1415 ιε’.
1328 1348 1372 1415 Et
1393 1366 1477 1417 nuno
1498 1346 1627 1417 credula
1644 1348 1818 1434 cordispre
1911 1386 1912 1389 =

662 1466 769 1533 cordia
795 1472 883 1550 gesto
913 1466 953 1533 de
974 1470 1049 1532 tuae
1072 1464 1249 1531 devotionis
1272 1465 1534 1552 perseverantia⁰.
1626 1462 1752 1531 Gratias
1771 1462 1819 1529 tibi

661 1582 762 1649 refero
794 1601 852 1669 pro
881 1580 1071 1649 adminiculo
1102 1580 1227 1647 divinae
1256 1582 1446 1668 scripturae,
1482 1580 1566 1666 quod
1594 1578 1673 1645 mibi
1701 1580 1821 1662 benigne
1912 1640 1913 1643 ,

661 1698 876 1765 transmittere
899 1696 1028 1764 curasti.
1063 1696 1161 1781 quue
1185 1696 1324 1782 obsecro,
1347 1702 1393 1781 nt,
1417 1696 1541 1782 quando
1557 1697 1699 1783 potueris
1714 1716 1763 1762 me
1776 1694 1821 1761 ad·

660 1812 770 1880 invare
797 1814 832 1879 in
860 1812 1053 1879 membranis
1083 1794 1273 1896 scribendis,
1305 1812 1514 1879 transmittas.
1548 1810 1591 1878 Et
1618 1811 1822 1897 quodcumque

660 1928 739 1995 mibi
765 1928 965 1996 mandaveris
987 1928 1047 1995 tibi
1069 1928 1283 1995 necessarium
1304 1929 1339 1994 in
1362 1928 1518 2015 corporali
1541 1927 1671 2013 solatio,
1701 1926 1823 1994 libenter

649 2037 698 2112 'ac
724 2044 861 2112 fideliter
887 2046 1012 2112 faciam.
1047 2044 1091 2111 Et
1117 2043 1192 2111 licet
1221 2043 1360 2111 locorum
1389 2044 1492 2133 spatio
1521 2044 1613 2129 longe
1640 2062 1822 2131 separemur,

659 2165 767 2228 tamen
789 2159 929 2247 spiritali
951 2160 1083 2227 caritate
1107 2160 1236 2227 adunati
1260 2161 1368 2227 simus.
1400 2160 1478 2228 Vale
1495 2180 1620 2248 semper
1636 2161 1671 2227 in
1685 2156 1823 2241 Domino,

659 2276 829 2361 meaeque⁴
852 2276 1020 2362 parvitatis
1049 2296 1172 2343 mernor
1201 2277 1234 2341 in
1261 2277 1324 2342 tuis
1353 2278 1451 2343 sacris
1477 2276 1672 2344 orationibus
1696 2295 1765 2343 esse
1784 2274 1824 2341 di

660 2412 776 2479 gnerus.

666 2604 751 2674 144.
773 2604 815 2671 H.
845 2605 999 2671 amala
1021 2604 1065 2670 Ν.
1079 2604 1222 2690 fratrem
1250 2604 1410 2693 adimat,
1441 2606 1528 2693 qaod
1554 2620 1618 2673 tom
1647 2606 1705 2673 dia
1731 2608 1827 2671 casim

774 2730 894 2787 ussaw.
1430 2719 1466 2801 (S
1481 2721 1536 2805 56,
1559 2718 1599 2789 W
1613 2722 1688 2806 157,
1711 2717 1741 2787 G
1760 2720 1827 2799 145)

751 2852 855 2921 Fratri
882 2854 974 2922 unico
997 2859 1092 2940 atque
1115 2854 1331 2921 amantissimo
1355 2852 1404 2920 .N.
1427 2853 1485 2939 H.,
1514 2852 1627 2921 ultima
1649 2854 1828 2923 ancillarum

661 2970 733 3057 Dei,
756 2970 791 3037 in
813 2969 939 3038 Christo
962 2971 1106 3039 salutem.

751 3086 833 3167 Quid
855 3094 914 3172 est,
937 3088 1037 3154 frater
1057 3086 1112 3172 mi,
1137 3084 1220 3171 quod
1242 3089 1309 3152 tam
1329 3084 1460 3171 ,longum
1480 3091 1607 3173 tempus
1623 3086 1829 3168 intermisisti,

661 3202 745 3289 quod
768 3204 876 3270 venire
899 3203 1054 3271 tardasti?
1089 3200 1191 3281 Quare
1214 3221 1277 3267 non
1300 3202 1348 3267 vis
1371 3202 1520 3286 cogitare,
1544 3202 1627 3288 quod
1645 3222 1703 3286 ego
1719 3200 1786 3268 sola
1799 3202 1830 3266 in

660 3319 720 3385 bac
742 3323 843 3401 terra;
868 3324 901 3385 et
922 3316 1027 3384 nullus
1052 3317 1131 3383 alius
1154 3318 1252 3383 frater
1277 3316 1383 3395 visitet
1402 3338 1453 3384 me
1468 3338 1569 3402 neque
1584 3318 1830 3406 propinquorum

662 3432 775 3520 aliquis
805 3434 846 3500 ad
873 3454 924 3501 me
947 3432 1073 3501 veniet?
1107 3432 1150 3499 Et
1173 3434 1200 3499 si
1223 3434 1293 3500 ideo
1316 3433 1411 3516 facis,
1441 3434 1516 3519 quia
1538 3432 1655 3501 adhuc'
1675 3434 1756 3500 nibil
1778 3454 1831 3521 po

662 3550 725 3635 tui,
752 3550 923 3617 secundnm
947 3550 1030 3635 qnod
1052 3568 1142 3616 mens
1165 3570 1237 3616 mea
1259 3548 1427 3633 diligenter
1449 3548 1615 3633 voluisset,
1639 3548 1758 3637 aliquid
1781 3550 1830 3616 be

661 3664 783 3733 neficii⁸
805 3665 994 3752 inpendere,
1024 3671 1132 3732 tamen
1160 3666 1300 3733 caritatis
1329 3671 1423 3750 atque
1452 3664 1624 3732 adfinitatis
1652 3666 1723 3733 iura
1747 3664 1830 3733 nullo

663 3782 725 3848 alio
749 3782 911 3866 suadente,
935 3786 990 3847 ant
1011 3801 1102 3847 mens
1125 3787 1181 3847 tua
1202 3780 1364 3867 mutando,
1388 3780 1482 3849 debes
1499 3780 1693 3850 obliviscere.
1729 3782 1831 3849 Oba·

663 3904 728 3982 ter,
759 3918 777 3965 o
804 3898 904 3964 frater
931 3898 992 3982 mi,
1022 3916 1078 3963 cur
1106 3902 1195 3985 potes
1223 3903 1361 3965 mentem
1383 3899 1550 3985 parvitatis
1573 3918 1663 3966 meae
1686 3896 1831 3965 adsiduel

663 4033 786 4083 merore
813 4013 889 4081 deta
911 4019 1006 4099 atque
1028 4014 1159 4081 sistitis
1181 4014 1232 4083 die
1255 4019 1410 4101 noctuque
1432 4016 1574 4083 caritatis
1597 4019 1669 4083 tuae
1692 4012 1833 4081 absentia

664 4128 834 4215 adfligere?
866 4128 978 4197 Nonne
1000 4150 1058 4217 pro
1081 4136 1168 4197 certo
1192 4130 1282 4215 scies,
1310 4130 1384 4216 qnia
1405 4131 1578 4199 viventium
1602 4132 1740 4199 omnium
1761 4128 1832 4195 nul·

662 4246 730 4313 lum
753 4245 851 4313 alium
873 4266 1015 4333 propono
1038 4250 1113 4313 tuac
1136 4246 1283 4313 caritati?
1316 4246 1399 4315 Ecce
1421 4266 1484 4313 non
1507 4267 1637 4335 possum
1657 4246 1759 4313 omnia
1775 4264 1833 4331 per

663 4346 786 4430 litteras
808 4362 867 4429 tibi
889 4362 1040 4430 indicare.
1077 4362 1143 4430 lam
1167 4384 1223 4448 ego
1247 4368 1366 4430 certum
1384 4366 1485 4449 teneo,
1510 4363 1593 4448 quod
1607 4364 1666 4431 tibi
1681 4381 1753 4429 cura
1767 4379 1832 4426 non

665 4484 714 4549 est
736 4479 775 4547 de
797 4499 870 4546 mea
890 4480 1058 4566 parvitate.

737 4671 758 4705 a
779 4651 910 4731 etiamr.
979 4657 1199 4705 bbolomonisV.
1265 4656 1541 4715 aperseveranfiaml'.
1607 4657 1631 4705 d.
1650 4652 1831 4715 massonasl'.

665 4753 687 4787 a.
702 4756 731 4786 ιε
743 4736 1143 4797 reov.n‹m.·1ceuepntola
1199 4736 1216 4783 f.
1233 4734 1383 4797 qaiadhro.
1439 4748 1460 4794 g.
1475 4736 1589 4787 bonaur.
1644 4736 1668 4785 ll.
1684 4735 1789 4785 adrium
1802 4734 1831 4781 V.

737 4843 762 4901 1.
785 4842 842 4901 ae.
860 4839 973 4899 arvom.
1062 4842 1087 4899 2.
1112 4842 1191 4901 Prov.
1204 4842 1230 4913 3,
1243 4841 1286 4897 29.
