4342 6034
726 793 844 841 rassro
867 794 894 841 ι.
906 739 1086 842 ιιιοιιιιιιιι
1421 778 1485 846 481

332 938 514 1000 revertentes
529 933 570 999 ad
583 934 724 1020 propria,
745 934 806 1000 viri
821 954 944 1020 quoque
958 935 1189 1002 comitabantur
1203 953 1303 1021 usque
1318 936 1358 1002 ad
1372 934 1487 1021 locum,
1506 944 1558 1001 755

331 1068 386 1133 quo
406 1048 552 1116 ultimum
575 1048 756 1116 decreverat
777 1070 892 1137 corpus
914 1056 1080 1138 expectare
1103 1050 1259 1117 iuditium.

644 1252 700 1321 De
724 1254 905 1341 mirabili
933 1256 1166 1354 piscatione

409 1394 483 1462 Fuit
504 1396 632 1481 quidam
654 1396 827 1462 monachus
849 1398 959 1463 eodem
981 1403 1124 1484 tempore
1142 1396 1268 1463 nomine
1283 1394 1401 1479 nient,
1424 1394 1489 1461 ira-

328 1516 372 1577 ter
392 1510 557 1579 Wolfmmi
584 1512 766 1598 piscatoris,
797 1513 852 1597 qui
881 1514 1009 1599 etipse
1035 1515 1183 1600 piscator.
1230 1510 1289 1578 Cui
1313 1510 1352 1577 ab
1376 1510 1489 1577 abbate

327 1648 378 1693 suo
400 1626 590 1715 Sturmyone
611 1633 795 1713 preceptum
818 1634 876 1711 est,
900 1628 940 1694 sd
963 1630 1130 1695 adveutum
1155 1629 1315 1714 hospitum
1337 1630 1414 1693 tunc
1435 1648 1489 1693 ve-

326 1744 490 1827 nientium,
517 1745 600 1828 ·quia
634 1742 735 1808 adhue
761 1749 868 1829 preter
895 1742 945 1810 lac
974 1750 1006 1810 et
1032 1745 1180 1831 butyrum
1210 1749 1241 1811 et
1270 1762 1397 1809 caseum
1425 1762 1489 1807 non

326 1858 417 1925 multe
435 1859 543 1925 delitie
558 1859 693 1942 fueraut,
717 1864 761 1943 ut,
784 1860 923 1947 piscibus
941 1860 1148 1945 congregetis,
1173 1858 1329 1945 susceptio
1345 1858 1489 1945 previde-

325 1980 414 2040 retur.
449 1976 538 2041 Tunc
566 1994 663 2061 supra
691 1975 792 2040 dictus
819 1975 918 2042 frater
939 1974 1073 2061 Rytaut‚
1104 1976 1205 2042 sciens
1232 1976 1336 2041 locum
1359 1978 1490 2061 propter

324 2087 482 2174 ediitium,
506 2091 589 2175 quod
610 2092 791 2157 nominatur
814 2091 982 2178 vulgaryce
1005 2086 1184 2157 eucarium¹
1207 2090 1327 2173 domus,
1353 2090 1407 2156 ubi
1429 2089 1489 2155 sibi

324 2226 489 2291 numquam
511 2207 615 2293 pisces
637 2207 781 2289 deerant,
813 2207 888 2272 illuc
910 2226 1061 2293 propero,
1085 2212 1235 2293 precepto
1258 2205 1424 2289 obediens,
1449 2204 1489 2270 ed

322 2320 418 2387 laeum
442 2322 591 2388 cucurrit
627 2320 671 2387 Ut
692 2323 732 2388 ad
754 2320 917 2408 paululum
939 2322 1003 2388 iam
1027 2324 1112 2388 dicte
1133 2322 1323 2405 contingam,
1346 2326 1489 2407 tempore
1615 2350 1621 2363 ·

323 2436 470 2503 adventus
492 2438 594 2504 sancti
617 2438 767 2524 corporis,
790 2438 866 2504 dum
888 2459 922 2504 se
947 2438 1069 2525 aptavit
1092 2437 1261 2504 extendere
1282 2437 1359 2521 lina,
1384 2436 1488 2503 subito

322 2573 434 2637 omnes,
460 2553 515 2638 qui
537 2554 570 2619 in
591 2553 663 2619 lacu
686 2559 785 2637 eraut,
809 2554 915 2641 supini
936 2556 970 2619 in
993 2552 1154 2641 superfitie
1175 2573 1328 2638 aquarum
1345 2552 1489 2619 ostende-

322 2668 430 2735 bantur
462 2670 580 2755 pisces3
610 2668 781 2754 eodemque
808 2674 967 2737 momento
995 2670 1029 2734 iu
1056 2669 1205 2735 inferiore
1236 2674 1326 2755 parte
1349 2666 1489 2734 fluminis

323 2784 466 2851 audiebat
487 2780 668 2851 collectam'
691 2806 710 2850 a
735 2789 881 2851 cantante
903 2785 1035 2867 canori,
1059 2805 1120 2869 quo
1141 2790 1285 2851 sanctum
1306 2802 1420 2869 corpus
1437 2804 1489 2848 su-

321 2920 373 2985 per
398 2905 531 2987 pontem
558 2900 754 2987 portabatur.
788 2899 832 2965 Et
857 2900 903 2966 ita
924 2900 1022 2965 nichil
1043 2899 1230 2966 laboriosius
1253 2899 1288 2963 in
1311 2900 1488 2984 piscatione
1520 2912 1522 2917 ·

321 3016 443 3100 agebat,
474 3016 537 3081 uisi
564 3015 782 3081 tantummodo
805 3014 979 3099 colligendo
1002 3021 1035 3081 et
1056 3015 1233 3081 naviculam
1256 3012 1416 3100 implendo
1439 3015 1488 3099 pi·

321 3132 428 3198 ssibus.
466 3131 519 3197 Ad
548 3131 640 3197 huius
671 3130 733 3196 diei
762 3130 938 3217 hospitibus
962 3130 1187 3197 suffieieutem·
1212 3135 1339 3216 pastum
1363 3127 1405 3196 ad
1427 3130 1488 3195 mi-

321 3247 482 3314 nisterium
511 3266 616 3313 seeum
645 3246 809 3313 detulerat
844 3246 912 3313 Hoc
940 3248 1101 3330 signorum
1131 3247 1170 3313 de
1192 3246 1317 3329 multis,
1347 3264 1407 3330 que
1431 3264 1488 3330 per

322 3371 462 3429 sanctum
488 3368 662 3449 martyrem
683 3361 881 3428 Bonifacium
910 3362 1018 3428 diuina
1045 3363 1146 3427 virtus
1169 3361 1358 3445 dignabatur
1382 3365 1487 3426 oston-

322 3478 388 3545 dere
410 3485 486 3566 post
506 3479 694 3564 martyrium
718 3479 785 3543 eius
807 3478 840 3543 iu
864 3478 973 3545 eodem
995 3478 1079 3561 loco,
1104 3478 1229 3544 initium
1253 3480 1331 3543 erat.

401 3594 519 3661 Postea
539 3594 637 3677 igitur
650 3592 859 3680 Willybeldus
881 3595 980 3659 vitam
1001 3596 1332 3677 conversationemque
1350 3590 1411 3657 viri
1426 3590 1487 3656 Dei

322 3728 373 3776 uec
393 3731 459 3776 non
480 3717 513 3776 et
526 3711 705 3797 passionem
721 3745 763 3755 -
781 3710 854 3794 quia
870 3709 972 3775 adhuc
985 3709 1078 3775 multi
1094 3714 1291 3797 supererant,
1315 3708 1369 3793 qui
1385 3706 1486 3772 eidem

320 3826 457 3909 passioni
479 3825 691 3892 interfuerunt
712 3862 755 3871 -
778 3824 984 3911 conscripsitb
1005 3826 1039 3890 iu
1061 3824 1147 3908 loco,
1172 3825 1226 3910 qui
1249 3824 1363 3921 dicitur
1386 3821 1486 3888 suncti

320 3938 453 4007 Victoris
476 3940 618 4024 ecelesia,
641 3942 675 4007 iu
698 3940 840 4007 conclavi
862 3940 955 4005 unius
978 3940 1123 4024 cubiculi,
1147 3940 1295 4026 primitus
1317 3939 1352 4004 in
1371 3938 1485 4004 ceratis

320 4055 431 4122 tabulis
460 4055 745 4143 adprobationem
783 4056 890 4121 domui
918 4055 1003 4121 Lulli
1037 4062 1068 4121 et
1095 4054 1313 4139 Megingaudi,
1348 4060 1381 4122 et
1414 4058 1486 4140 post

321 4188 425 4237 eorum
448 4172 712 4238 examinationem
734 4172 769 4236 iu
791 4172 991 4257 pergamenis
1014 4171 1260 4255 rescribendam,
1283 4190 1323 4237 ne
1347 4170 1421 4255 quid
1436 4170 1485 4235 in-

321 4294 406 4354 caute
428 4287 479 4355 vel
502 4285 694 4374 superfluum
717 4292 881 4353 exaratum
903 4293 1080 4373 appareret

404 4400 509 4489 Supra
531 4403 616 4470 dicta
641 4409 746 4469 autem
773 4403 874 4468 sancti
891 4387 1033 4468 vVictoris
1062 4402 1209 4485 ecclesia,
1240 4405 1331 4467 extra
1358 4418 1483 4465 murum

321 4513 475 4602 llogontie
502 4520 580 4602 sita,
611 4539 630 4586 a
657 4518 894 4586 succedentibus
924 4518 1079 4605 episcopis
1102 4516 1328 4585 honorabiliter
1351 4516 1484 4581 adaucta

321 4632 459 4701 reiemm.
497 4632 608 4701 Lullus
639 4635 723 4701 euim
750 4640 783 4701 et
811 4629 975 4702 Rabauus⁸
1003 4634 1069 4700 illie
1097 4632 1251 4699 vacabant
1279 4630 1481 4697 orationibus.

388 4797 410 4832 a.
428 4786 580 4834 msdtleuum
595 4803 616 4831 c.
691 4784 716 4832 b.
735 4796 786 4831 eum
802 4784 895 4845 scripsit
910 4804 931 4831 c.

388 4881 414 4935 1.
436 4896 571 4936 anserum.
659 4881 686 4935 2.
710 4880 831 4935 mnsam.
920 4881 947 4934 3.
971 4878 1127 4934 aer-856.

362 4976 440 5029 rme
453 4980 596 5025 amaeam
609 4980 649 5023 ιιι.
1234 4974 1268 5028 31
