4342 6034
558 789 639 835 vrrs
663 788 816 836 sancum
837 788 1099 837 ancmsrmcorr
1121 788 1317 837 moonnnnu
1454 770 1516 837 651

354 948 412 995 uns
438 928 707 1016 archiepiscopus,
737 928 858 997 zelatus
886 928 1014 997 domum
1035 930 1095 997 Dei
1126 934 1158 997 et
1185 930 1288 1014 legem
1310 930 1370 997 Dei
1399 931 1448 997 sui
1471 952 1520 997 se·
1548 940 1617 995 noc

355 1044 487 1111 cnndnm
517 1045 683 1112 scientiam
691 1041 708 1128 ¹,
740 1051 831 1113 'ante
857 1044 1056 1113 natinmtem
1084 1047 1186 1113 sancti
1208 1046 1355 1113 Iohannis
1383 1046 1520 1133 baptiste
1536 1012 1623 1061 M

354 1159 482 1247 pacifico
510 1161 655 1244 ingressu
682 1162 764 1227 sicut
784 1160 878 1227 homo
900 1162 987 1246 pacis
1010 1166 1043 1227 et
1063 1162 1338 1229 mansuetissimus
1360 1163 1519 1248 princeps,

354 1280 390 1341 ut
410 1294 482 1343 oum
504 1276 612 1362 impiis
635 1276 756 1343 civibus
778 1277 844 1342 suis
866 1275 1059 1360 Mogontinis
1075 1312 1117 1323 -
1135 1278 1209 1362 quie
1231 1277 1358 1343 domum
1377 1277 1447 1361 Dei,
1470 1296 1521 1345 ec·

353 1390 479 1458 ciceiam
496 1392 649 1459 -videticet
670 1392 903 1475 hlagnntinam,
931 1392 1177 1478 profanaverant
1200 1428 1242 1439 -
1265 1392 1522 1459 reconciliaretur

354 1506 404 1573 etb
427 1526 536 1573 eornm
563 1527 659 1594 snper
686 1507 746 1573 hoc
771 1507 888 1573 scelere
911 1507 1138 1575 emendationis
1161 1508 1238 1575 inibi
1262 1509 1417 1594 reciperet
1439 1507 1522 1575 obsi·

354 1622 425 1707 des,
455 1623 495 1690 de
522 1628 625 1689 cestro
653 1642 711 1688 sno
733 1622 884 1707 Pinguia,
911 1642 976 1689 non
1004 1628 1128 1689 armata
1156 1644 1252 1689 manu
1278 1643 1337 1689 nec
1359 1624 1523 1710 tyrannico

354 1744 520 1825 apparatu,
542 1759 606 1805 non
628 1743 666 1803 ut
685 1738 786 1804 hostis
809 1744 841 1805 et
863 1737 1071 1824 depopulator
1094 1739 1150 1805 sed
1170 1745 1207 1805 ut
1228 1740 1300 1826 pins
1323 1739 1468 1805 dominns
1492 1744 1524 1805 ct

351 1854 494 1920 omnium
509 1854 663 1921 bonorum
679 1854 809 1937 amicus,
821 1860 858 1920 nt
871 1855 905 1919 in
921 1854 1083 1939 propriam
1097 1854 1379 1921 confidentissime⁰
1395 1854 1522 1921 domum

352 1988 424 2035 cnm
453 1971 562 2056 paucis
592 1969 728 2036 aduenit
819 1968 873 2035 Sic
893 1969 1115 2049 Achimelechd
1144 1971 1289 2037 sacerdos
1312 1970 1372 2036 Dei
1401 1970 1440 2035 ad
1461 1970 1522 2037 im-

352 2085 533 2171 piissimum
554 2105 661 2168 regem
685 2080 789 2168 Saul⁸,
812 2084 859 2151 sic
872 2084 982 2151 Abner
1003 2085 1152 2171 princeps
1174 2084 1292 2151 israhel
1315 2085 1354 2153 de
1377 2086 1429 2151 via
1450 2085 1522 2151 dolo

351 2200 500 2267 reductus
522 2201 557 2267 in
578 2200 686 2267 Ebron
709 2200 751 2265 ad
772 2195 875 2283 loab',
899 2200 946 2267 sic
967 2200 1064 2267 Onias
1087 2201 1305 2267 sanctissimos
1329 2207 1360 2267 et
1382 2220 1523 2267 summm

352 2316 500 2383 sacerdos
523 2316 564 2381 ad
585 2316 818 2399 Andronicum,
841 2317 916 2401 quia
938 2316 1058 2383 scilicet
1078 2315 1257 2383 Menelaum
1278 2316 1355 2382 furti
1376 2337 1524 2383 vasorum

352 2432 465 2518 templi
487 2428 659 2515 arguerat,
683 2432 729 2498 sic
752 2430 872 2517 Symon
893 2430 1082 2498 Machabeus
1106 2436 1138 2498 et
1158 2430 1328 2499 ldatathias
1350 2431 1433 2499 filius
1456 2433 1523 2500 eius

352 2548 393 2615 ad
414 2547 694 2615 sceleratissimum
716 2546 916 2614 Tolomeum·
939 2539 1097 2615 accessit⁵.

442 2662 533 2731 Unde
559 2664 662 2750 pietas
689 2663 729 2731 ad
753 2662 973 2747 Magnntmam
999 2662 1217 2750 impietatem?
1247 2684 1311 2749 pax
1340 2663 1380 2729 ad
1407 2662 1526 2730 discor·

352 2779 460 2847 diam?
482 2780 661 2847 hnmanitas
684 2779 724 2845 ad
746 2778 1030 2845 inhumanitatem?
1060 2778 1228 2844 concordia
1251 2779 1290 2843 ad
1314 2778 1526 2847 discordiam?

350 2897 447 2966 bomo
468 2896 571 2965 bonus
593 2896 633 2962 de
655 2895 735 2963 bono
753 2890 919 2961 thesauro⁸
936 2893 975 2960 ad
989 2893 1106 2959 liberos
1122 2892 1274 2959 sathane?
1295 2900 1415 2980 pastor,
1438 2896 1526 2982 prin·

351 3032 444 3099 ceps,
472 3012 618 3079 dominus
640 3011 932 3094 reverentissimus,
953 3014 1067 3076 unctus
1091 3016 1124 3075 et
1145 3016 1360 3094 consecratus,
1384 3028 1526 3077 summus

351 3126 511 3210 sacerdos,
533 3127 715 3211 religiosus,
739 3131 844 3193 caetus
867 3132 901 3191 et
920 3126 1100 3191 misericors
1124 3124 1164 3189 ad
1187 3124 1371 3209 sacrilegos,
1395 3126 1526 3193 homici-

351 3245 410 3311 das
438 3249 472 3310 ot
493 3243 747 3310 cmdelissimos?
838 3241 901 3308 Sed
928 3240 1017 3326 quid‘
1039 3241 1163 3307 consilii
1187 3241 1368 3325 Magantia·
1390 3242 1526 3310 demste-

352 3361 430 3427 bilis
455 3358 559 3445 cepit?
587 3361 670 3425 Ecce
691 3359 795 3443 inquit
816 3362 901 3424 cmc?
921 3359 1024 3435 berem
1046 3362 1161 3439 canite,
1188 3360 1365 3425 condamm
1389 3382 1473 3439 eum,
1497 3372 1527 3426 ot

352 3478 536 3543 habehim
563 3477 765 3541 hereditatem
792 3469 885 3539 auat
975 3473 1019 3539 Et
1044 3474 1207 3539 nesciebat
1228 3474 1277 3539 vir
1299 3473 1366 3539 Deo
1390 3473 1525 3558 deditus,

352 3593 430 3677 qnia
452 3596 540 3657 tanto
563 3590 725 3657 molimine
745 3589 873 3655 fraudes
894 3590 929 3654 in
952 3610 1023 3655 eum
1046 3594 1344 3655 commentareutur.

445 3706 508 3773 Sed
531 3712 567 3772 ut
588 3714 713 3792 ceptum
734 3722 962 3791 prosequamur
984 3705 1160 3789 historiam,
1184 3706 1238 3771 ubi
1262 3726 1332 3771 eum
1349 3704 1527 3789 Magnntiui

353 3824 468 3891 adesse
489 3828 666 3904 senserunt,
692 3822 852 3907 primo'-
870 3820 1071 3905 arbitrantes,
1096 3820 1200 3887 valida
1221 3828 1318 3887 manu
1341 3821 1527 3888 adventasse
1547 3880 1548 3885 ,

352 3946 386 4007 et
408 3939 584 4007 exercitum
605 3958 755 4021 magnum
777 3938 893 4003 habere
913 3972 955 3983 -
977 3956 1104 4002 omnem
1126 3937 1377 4003 emendationem
1400 3944 1432 4005 et
1453 3956 1527 4005 con-

352 4057 457 4123 dictos
485 4054 610 4121 obsides
638 4054 730 4119 inxtc
751 4073 876 4119 omnem
898 4054 949 4117 sni
970 4052 1159 4138 beneplaciti
1182 4054 1315 4137 gratim
1340 4054 1471 4139 prebere
1493 4054 1527 4119 in

353 4171 528 4239 crastinum
552 4170 790 4255 pollicebantur.
830 4168 1025 4234 Verebantur
1047 4168 1147 4251 enim,
1176 4188 1217 4234 ne
1244 4168 1420 4255 principes,
1450 4188 1527 4255 quos

429 4370 450 4402 ι
471 4356 508 4402 die
524 4356 636 4402 excidisse
651 4356 745 4401 videtur.
820 4355 842 4401 b.
864 4357 888 4401 st
904 4354 996 4399 addidi.
1068 4366 1088 4398 c.
1109 4352 1303 4399 confidentissime
1319 4358 1403 4412 scripsi
1414 4372 1457 4413 pro
1474 4368 1527 4401 con-

352 4435 491 4483 fidissimam
508 4438 530 4490 1,
546 4434 796 4482 confidentissimum.
843 4432 1028 4480 ddchimelech
1042 4435 1126 4492 ιαὶριι·
1137 4449 1180 4491 pro
1195 4432 1328 4479 ermeleno
1346 4435 1366 4489 1,
1378 4434 1400 4479 2.
1448 4448 1468 4479 e.
1483 4434 1528 4481 Το-

353 4518 454 4565 lomeum
477 4514 506 4573 (ι’.
521 4534 541 4561 a.
560 4513 727 4573 Ptolomaeum)
748 4517 832 4574 scripsi
848 4532 890 4573 pro
911 4514 1044 4561 Telonicnm
1060 4515 1088 4570 1,
1107 4512 1243 4559 Dolonicum
1260 4515 1282 4559 2.
1390 4513 1406 4560 f.
1428 4513 1490 4575 qnod
1506 4517 1528 4559 1.

354 4610 377 4657 p.
397 4596 530 4655 llagnntiua
545 4598 568 4642 1.

429 4702 454 4757 1.
479 4698 521 4754 cf.
538 4700 618 4754 nom.
632 4700 674 4768 ιο,
686 4700 712 4753 ι.
810 4700 836 4753 ι.
859 4698 894 4754 v.
914 4700 929 4753 1
948 4698 1016 4767 seg.
1029 4698 1073 4766 aa,
1088 4698 1130 4752 ιι.
1225 4697 1251 4751 a.
1276 4697 1309 4751 v.
1329 4698 1346 4751 ι
1364 4697 1431 4766 neg.
1445 4697 1470 4766 o,
1483 4697 1527 4752 ιι.

354 4792 382 4844 t.
405 4788 441 4845 V.
459 4788 575 4843 illaec.
587 4789 613 4856 4,
625 4788 669 4842 32.
679 4789 724 4843 34.
830 4786 1162 4856 c.1rtncc.1c‚14.1o.
1270 4787 1295 4841 6.
1318 4784 1527 4856 Μιῑιὶι.12,36.

355 4880 382 4934 ι.
405 4877 616 4947 menalca
