<?xml version="1.0" encoding="UTF-8"?>
<!DOCTYPE html PUBLIC "-//W3C//DTD XHTML 1.0 Transitional//EN"
    "http://www.w3.org/TR/xhtml1/DTD/xhtml1-transitional.dtd">
<html xmlns="http://www.w3.org/1999/xhtml" xml:lang="en" lang="en">
 <head>
  <title>
</title>
<meta http-equiv="Content-Type" content="text/html;charset=utf-8" />
  <meta name='ocr-system' content='tesseract 3.04.00' />
  <meta name='ocr-capabilities' content='ocr_page ocr_carea ocr_par ocr_line ocrx_word'/>
</head>
<body>
  <div class='ocr_page' id='page_1' title='image "./monumentamogunt00lulgoog/monumentamogunt00lulgoog_0553.png"; bbox 0 0 4342 6034; ppageno 0'>
   <div class='ocr_carea' id='block_1_1' title="bbox 566 711 1482 781">
    <p class='ocr_par' dir='ltr' id='par_1_1' title="bbox 566 711 1482 781">
     <span class='ocr_line' id='line_1_1' title="bbox 566 711 1482 781; baseline 0.005 -5"><span class='ocrx_word' id='word_1_1' title='bbox 566 727 728 777; x_wconf 70' lang='lat' dir='ltr'><strong>nonnum</strong></span> <span class='ocrx_word' id='word_1_2' title='bbox 747 729 935 777; x_wconf 76' lang='lat' dir='ltr'><strong>manauere</strong></span> <span class='ocrx_word' id='word_1_3' title='bbox 957 730 1038 777; x_wconf 81' lang='lat' dir='ltr'><strong>vrrs</strong></span> <span class='ocrx_word' id='word_1_4' title='bbox 1059 728 1233 779; x_wconf 71' lang='lat' dir='ltr'><strong>nonnosus</strong></span> <span class='ocrx_word' id='word_1_5' title='bbox 1414 711 1482 781; x_wconf 66' lang='lat' dir='ltr'><strong>bib</strong></span> 
     </span>
    </p>
   </div>
   <div class='ocr_carea' id='block_1_2' title="bbox 310 869 1649 4084">
    <p class='ocr_par' dir='ltr' id='par_1_2' title="bbox 310 869 1649 4084">
     <span class='ocr_line' id='line_1_2' title="bbox 312 869 1649 957; baseline 0.001 -22"><span class='ocrx_word' id='word_1_6' title='bbox 312 890 347 935; x_wconf 87' lang='lat' dir='ltr'><strong>sa</strong></span> <span class='ocrx_word' id='word_1_7' title='bbox 367 869 529 937; x_wconf 88' lang='lat' dir='ltr'><strong>bominem</strong></span> <span class='ocrx_word' id='word_1_8' title='bbox 551 890 621 936; x_wconf 87' lang='lat' dir='ltr'><strong>esse</strong></span> <span class='ocrx_word' id='word_1_9' title='bbox 642 888 773 953; x_wconf 63' lang='lat' dir='ltr'><strong>mamea</strong></span> <span class='ocrx_word' id='word_1_10' title='bbox 795 869 970 937; x_wconf 82' lang='lat' dir='ltr'><strong>lomentum</strong></span> <span class='ocrx_word' id='word_1_11' title='bbox 991 869 1207 953; x_wconf 76' lang='lat' dir='ltr'><strong>indulgentiae</strong></span> <span class='ocrx_word' id='word_1_12' title='bbox 1223 884 1318 957; x_wconf 83' lang='lat' dir='ltr'><strong>super</strong></span> <span class='ocrx_word' id='word_1_13' title='bbox 1335 874 1482 955; x_wconf 74' lang='lat' dir='ltr'><strong>egrotum</strong></span> <span class='ocrx_word' id='word_1_14' title='bbox 1492 880 1649 937; x_wconf 78' lang='lat' dir='ltr'><strong>lule-103⁰</strong></span> 
     </span>
     <span class='ocr_line' id='line_1_3' title="bbox 312 984 1483 1075; baseline 0.002 -24"><span class='ocrx_word' id='word_1_15' title='bbox 312 990 376 1051; x_wconf 91' lang='lat' dir='ltr'><strong>tem</strong></span> <span class='ocrx_word' id='word_1_16' title='bbox 403 985 518 1052; x_wconf 85' lang='lat' dir='ltr'><strong>linivit</strong></span> <span class='ocrx_word' id='word_1_17' title='bbox 552 984 708 1071; x_wconf 78' lang='lat' dir='ltr'><strong>Quidquid</strong></span> <span class='ocrx_word' id='word_1_18' title='bbox 732 986 925 1052; x_wconf 82' lang='lat' dir='ltr'><strong>monasterio</strong></span> <span class='ocrx_word' id='word_1_19' title='bbox 946 990 1031 1069; x_wconf 84' lang='lat' dir='ltr'><strong>erat,</strong></span> <span class='ocrx_word' id='word_1_20' title='bbox 1055 986 1196 1052; x_wconf 89' lang='lat' dir='ltr'><strong>omnium</strong></span> <span class='ocrx_word' id='word_1_21' title='bbox 1224 992 1261 1053; x_wconf 89' lang='lat' dir='ltr'><strong>ut</strong></span> <span class='ocrx_word' id='word_1_22' title='bbox 1282 984 1391 1075; x_wconf 82' lang='lat' dir='ltr'><strong>debuit</strong></span> <span class='ocrx_word' id='word_1_23' title='bbox 1408 1006 1483 1053; x_wconf 84' lang='lat' dir='ltr'><strong>esse</strong></span> 
     </span>
     <span class='ocr_line' id='line_1_4' title="bbox 312 1099 1481 1186; baseline 0.003 -20"><span class='ocrx_word' id='word_1_24' title='bbox 312 1099 454 1166; x_wconf 81' lang='lat' dir='ltr'><strong>dooebat</strong></span> <span class='ocrx_word' id='word_1_25' title='bbox 491 1100 558 1167; x_wconf 82' lang='lat' dir='ltr'><strong>llee</strong></span> <span class='ocrx_word' id='word_1_26' title='bbox 585 1100 780 1168; x_wconf 84' lang='lat' dir='ltr'><strong>obedientias</strong></span> <span class='ocrx_word' id='word_1_27' title='bbox 807 1100 960 1168; x_wconf 82' lang='lat' dir='ltr'><strong>babentes</strong></span> <span class='ocrx_word' id='word_1_28' title='bbox 987 1120 1052 1167; x_wconf 91' lang='lat' dir='ltr'><strong>non</strong></span> <span class='ocrx_word' id='word_1_29' title='bbox 1078 1100 1286 1186; x_wconf 77' lang='lat' dir='ltr'>habentibus,</span> <span class='ocrx_word' id='word_1_30' title='bbox 1319 1100 1375 1168; x_wconf 89' lang='lat' dir='ltr'><strong>sed</strong></span> <span class='ocrx_word' id='word_1_31' title='bbox 1401 1112 1481 1169; x_wconf 86' lang='lat' dir='ltr'><strong>nou·</strong></span> 
     </span>
     <span class='ocr_line' id='line_1_5' title="bbox 310 1215 1482 1303; baseline 0.003 -22"><span class='ocrx_word' id='word_1_32' title='bbox 310 1215 462 1282; x_wconf 84' lang='lat' dir='ltr'><strong>babentes</strong></span> <span class='ocrx_word' id='word_1_33' title='bbox 483 1217 648 1303; x_wconf 84' lang='lat' dir='ltr'><strong>preposuit</strong></span> <span class='ocrx_word' id='word_1_34' title='bbox 668 1216 866 1284; x_wconf 75' lang='lat' dir='ltr'><strong>habentibus.</strong></span> <span class='ocrx_word' id='word_1_35' title='bbox 956 1216 1047 1283; x_wconf 84' lang='lat' dir='ltr'><strong>Unde</strong></span> <span class='ocrx_word' id='word_1_36' title='bbox 1069 1236 1140 1283; x_wconf 87' lang='lat' dir='ltr'><strong>oum</strong></span> <span class='ocrx_word' id='word_1_37' title='bbox 1158 1217 1286 1301; x_wconf 85' lang='lat' dir='ltr'><strong>quidam</strong></span> <span class='ocrx_word' id='word_1_38' title='bbox 1300 1215 1482 1285; x_wconf 78' lang='lat' dir='ltr'><strong>uellerarius</strong></span> 
     </span>
     <span class='ocr_line' id='line_1_6' title="bbox 311 1328 1482 1420; baseline 0.002 -23"><span class='ocrx_word' id='word_1_39' title='bbox 311 1332 354 1397; x_wconf 88' lang='lat' dir='ltr'><strong>ibi</strong></span> <span class='ocrx_word' id='word_1_40' title='bbox 375 1328 509 1399; x_wconf 81' lang='lat' dir='ltr'><strong>unbam¹</strong></span> <span class='ocrx_word' id='word_1_41' title='bbox 530 1338 619 1399; x_wconf 87' lang='lat' dir='ltr'><strong>noeto</strong></span> <span class='ocrx_word' id='word_1_42' title='bbox 640 1333 769 1420; x_wconf 90' lang='lat' dir='ltr'><strong>plenam</strong></span> <span class='ocrx_word' id='word_1_43' title='bbox 783 1332 924 1415; x_wconf 89' lang='lat' dir='ltr'><strong>baberet,</strong></span> <span class='ocrx_word' id='word_1_44' title='bbox 946 1332 1030 1401; x_wconf 91' lang='lat' dir='ltr'><strong>unde</strong></span> <span class='ocrx_word' id='word_1_45' title='bbox 1044 1338 1175 1417; x_wconf 75' lang='lat' dir='ltr'><strong>negaret</strong></span> <span class='ocrx_word' id='word_1_46' title='bbox 1187 1332 1339 1400; x_wconf 77' lang='lat' dir='ltr'><strong>iratribus</strong></span> <span class='ocrx_word' id='word_1_47' title='bbox 1353 1332 1482 1401; x_wconf 87' lang='lat' dir='ltr'><strong>mitten-</strong></span> 
     </span>
     <span class='ocr_line' id='line_1_7' title="bbox 310 1446 1483 1535; baseline 0.003 -23"><span class='ocrx_word' id='word_1_48' title='bbox 310 1446 394 1513; x_wconf 86' lang='lat' dir='ltr'><strong>tibus</strong></span> <span class='ocrx_word' id='word_1_49' title='bbox 418 1447 459 1514; x_wconf 93' lang='lat' dir='ltr'><strong>ad</strong></span> <span class='ocrx_word' id='word_1_50' title='bbox 480 1464 516 1515; x_wconf 85' lang='lat' dir='ltr'><strong>ea</strong></span> <span class='ocrx_word' id='word_1_51' title='bbox 537 1449 659 1535; x_wconf 85' lang='lat' dir='ltr'><strong>sepius3</strong></span> <span class='ocrx_word' id='word_1_52' title='bbox 689 1470 784 1535; x_wconf 84' lang='lat' dir='ltr'><strong>qnam</strong></span> <span class='ocrx_word' id='word_1_53' title='bbox 811 1448 914 1515; x_wconf 70' lang='lat' dir='ltr'><strong>baudb</strong></span> <span class='ocrx_word' id='word_1_54' title='bbox 937 1448 1043 1532; x_wconf 89' lang='lat' dir='ltr'><strong>daret,</strong></span> <span class='ocrx_word' id='word_1_55' title='bbox 1072 1448 1252 1535; x_wconf 79' lang='lat' dir='ltr'><strong>proprietas</strong></span> <span class='ocrx_word' id='word_1_56' title='bbox 1275 1448 1354 1515; x_wconf 82' lang='lat' dir='ltr'><strong>haee</strong></span> <span class='ocrx_word' id='word_1_57' title='bbox 1375 1468 1483 1517; x_wconf 86' lang='lat' dir='ltr'><strong>serra-</strong></span> 
     </span>
     <span class='ocr_line' id='line_1_8' title="bbox 311 1563 1483 1649; baseline 0.002 -20"><span class='ocrx_word' id='word_1_58' title='bbox 311 1563 388 1629; x_wconf 85' lang='lat' dir='ltr'><strong>turis</strong></span> <span class='ocrx_word' id='word_1_59' title='bbox 411 1564 454 1629; x_wconf 88' lang='lat' dir='ltr'><strong>ad</strong></span> <span class='ocrx_word' id='word_1_60' title='bbox 474 1569 599 1649; x_wconf 88' lang='lat' dir='ltr'><strong>patrem</strong></span> <span class='ocrx_word' id='word_1_61' title='bbox 615 1564 721 1632; x_wconf 87' lang='lat' dir='ltr'><strong>delata</strong></span> <span class='ocrx_word' id='word_1_62' title='bbox 735 1570 792 1631; x_wconf 88' lang='lat' dir='ltr'><strong>est.</strong></span> <span class='ocrx_word' id='word_1_63' title='bbox 827 1564 898 1648; x_wconf 75' lang='lat' dir='ltr'><strong>Qui,</strong></span> <span class='ocrx_word' id='word_1_64' title='bbox 920 1584 1041 1631; x_wconf 89' lang='lat' dir='ltr'><strong>memor</strong></span> <span class='ocrx_word' id='word_1_65' title='bbox 1056 1564 1128 1648; x_wconf 83' lang='lat' dir='ltr'><strong>olei,</strong></span> <span class='ocrx_word' id='word_1_66' title='bbox 1152 1564 1235 1649; x_wconf 91' lang='lat' dir='ltr'><strong>quod</strong></span> <span class='ocrx_word' id='word_1_67' title='bbox 1250 1569 1399 1649; x_wconf 87' lang='lat' dir='ltr'><strong>negatum</strong></span> <span class='ocrx_word' id='word_1_68' title='bbox 1415 1564 1483 1633; x_wconf 83' lang='lat' dir='ltr'><strong>dia·</strong></span> 
     </span>
     <span class='ocr_line' id='line_1_9' title="bbox 310 1675 1482 1767; baseline 0.005 -24"><span class='ocrx_word' id='word_1_69' title='bbox 310 1696 388 1744; x_wconf 91' lang='lat' dir='ltr'><strong>oono</strong></span> <span class='ocrx_word' id='word_1_70' title='bbox 417 1678 529 1747; x_wconf 88' lang='lat' dir='ltr'><strong>beatus</strong></span> <span class='ocrx_word' id='word_1_71' title='bbox 550 1687 643 1767; x_wconf 90' lang='lat' dir='ltr'><strong>pater</strong></span> <span class='ocrx_word' id='word_1_72' title='bbox 663 1680 853 1748; x_wconf 84' lang='lat' dir='ltr'><strong>Benediotns</strong></span> <span class='ocrx_word' id='word_1_73' title='bbox 874 1680 951 1746; x_wconf 87' lang='lat' dir='ltr'><strong>foris</strong></span> <span class='ocrx_word' id='word_1_74' title='bbox 971 1681 1067 1747; x_wconf 86' lang='lat' dir='ltr'><strong>iussit</strong></span> <span class='ocrx_word' id='word_1_75' title='bbox 1087 1675 1217 1767; x_wconf 81' lang='lat' dir='ltr'><strong>proioi²‚</strong></span> <span class='ocrx_word' id='word_1_76' title='bbox 1248 1680 1359 1749; x_wconf 85' lang='lat' dir='ltr'><strong>eedem</strong></span> <span class='ocrx_word' id='word_1_77' title='bbox 1380 1681 1482 1749; x_wconf 82' lang='lat' dir='ltr'><strong>saneti</strong></span> 
     </span>
     <span class='ocr_line' id='line_1_10' title="bbox 311 1793 1483 1894; baseline 0.005 -35"><span class='ocrx_word' id='word_1_78' title='bbox 311 1793 449 1880; x_wconf 81' lang='lat' dir='ltr'><strong>Spiritus</strong></span> <span class='ocrx_word' id='word_1_79' title='bbox 478 1796 695 1865; x_wconf 87' lang='lat' dir='ltr'><strong>benedietiono</strong></span> <span class='ocrx_word' id='word_1_80' title='bbox 722 1796 922 1863; x_wconf 87' lang='lat' dir='ltr'><strong>benediotus:</strong></span> <span class='ocrx_word' id='word_1_81' title='bbox 956 1798 1012 1863; x_wconf 72' lang='lat' dir='ltr'><strong>lde</strong></span> <span class='ocrx_word' id='word_1_82' title='bbox 1037 1798 1097 1861; x_wconf 80' lang='lat' dir='ltr'><strong>dae</strong></span> <span class='ocrx_word' id='word_1_83' title='bbox 1124 1795 1248 1894; x_wconf 85' lang='lat' dir='ltr'><strong>inquid</strong></span> <span class='ocrx_word' id='word_1_84' title='bbox 1263 1797 1483 1865; x_wconf 58' lang='lat' dir='ltr'><strong>maedianum</strong></span> 
     </span>
     <span class='ocr_line' id='line_1_11' title="bbox 310 1910 1483 1998; baseline 0.003 -21"><span class='ocrx_word' id='word_1_85' title='bbox 310 1934 372 1977; x_wconf 76' lang='lat' dir='ltr'><strong>sora</strong></span> <span class='ocrx_word' id='word_1_86' title='bbox 391 1914 574 1998; x_wconf 58' lang='lat' dir='ltr'><strong>paetum</strong></span> <span class='ocrx_word' id='word_1_87' title='bbox 594 1915 742 1990; x_wconf 62' lang='lat' dir='ltr'><strong>abarim,-</strong></span> <span class='ocrx_word' id='word_1_88' title='bbox 771 1917 803 1979; x_wconf 86' lang='lat' dir='ltr'><strong>et</strong></span> <span class='ocrx_word' id='word_1_89' title='bbox 829 1912 897 1979; x_wconf 88' lang='lat' dir='ltr'><strong>siue</strong></span> <span class='ocrx_word' id='word_1_90' title='bbox 925 1912 1076 1979; x_wconf 85' lang='lat' dir='ltr'><strong>dilatione</strong></span> <span class='ocrx_word' id='word_1_91' title='bbox 1106 1914 1209 1977; x_wconf 86' lang='lat' dir='ltr'><strong>totum</strong></span> <span class='ocrx_word' id='word_1_92' title='bbox 1237 1912 1331 1979; x_wconf 89' lang='lat' dir='ltr'><strong>iussit</strong></span> <span class='ocrx_word' id='word_1_93' title='bbox 1353 1910 1483 1979; x_wconf 78' lang='lat' dir='ltr'><strong>effundi.</strong></span> 
     </span>
     <span class='ocr_line' id='line_1_12' title="bbox 394 2026 1482 2114; baseline 0.001 -20"><span class='ocrx_word' id='word_1_94' title='bbox 394 2027 522 2095; x_wconf 86' lang='lat' dir='ltr'><strong>Interea</strong></span> <span class='ocrx_word' id='word_1_95' title='bbox 543 2028 704 2114; x_wconf 79' lang='lat' dir='ltr'><strong>predictum</strong></span> <span class='ocrx_word' id='word_1_96' title='bbox 727 2028 828 2095; x_wconf 86' lang='lat' dir='ltr'><strong>bonae</strong></span> <span class='ocrx_word' id='word_1_97' title='bbox 849 2028 1022 2095; x_wconf 86' lang='lat' dir='ltr'><strong>memoriae</strong></span> <span class='ocrx_word' id='word_1_98' title='bbox 1043 2026 1219 2093; x_wconf 86' lang='lat' dir='ltr'><strong>Riebardns</strong></span> <span class='ocrx_word' id='word_1_99' title='bbox 1243 2026 1358 2112; x_wconf 86' lang='lat' dir='ltr'><strong>abbas,</strong></span> <span class='ocrx_word' id='word_1_100' title='bbox 1379 2029 1482 2113; x_wconf 88' lang='lat' dir='ltr'><strong>regio-</strong></span> 
     </span>
     <span class='ocr_line' id='line_1_13' title="bbox 310 2142 1482 2231; baseline 0.003 -23"><span class='ocrx_word' id='word_1_101' title='bbox 310 2163 380 2209; x_wconf 90' lang='lat' dir='ltr'><strong>nem</strong></span> <span class='ocrx_word' id='word_1_102' title='bbox 402 2143 478 2228; x_wconf 69' lang='lat' dir='ltr'><strong>loni</strong></span> <span class='ocrx_word' id='word_1_103' title='bbox 500 2143 535 2209; x_wconf 92' lang='lat' dir='ltr'><strong>id</strong></span> <span class='ocrx_word' id='word_1_104' title='bbox 556 2148 608 2210; x_wconf 88' lang='lat' dir='ltr'><strong>est</strong></span> <span class='ocrx_word' id='word_1_105' title='bbox 620 2143 751 2229; x_wconf 69' lang='lat' dir='ltr'><strong>Fuere,</strong></span> <span class='ocrx_word' id='word_1_106' title='bbox 775 2144 982 2229; x_wconf 83' lang='lat' dir='ltr'><strong>ordinemque</strong></span> <span class='ocrx_word' id='word_1_107' title='bbox 1001 2142 1204 2211; x_wconf 71' lang='lat' dir='ltr'><strong>bullionum</strong></span> <span class='ocrx_word' id='word_1_108' title='bbox 1227 2143 1262 2209; x_wconf 91' lang='lat' dir='ltr'><strong>iu</strong></span> <span class='ocrx_word' id='word_1_109' title='bbox 1277 2143 1410 2211; x_wconf 88' lang='lat' dir='ltr'><strong>oirouitu</strong></span> <span class='ocrx_word' id='word_1_110' title='bbox 1425 2164 1482 2231; x_wconf 94' lang='lat' dir='ltr'><strong>po-</strong></span> 
     </span>
     <span class='ocr_line' id='line_1_14' title="bbox 310 2258 1482 2344; baseline 0.003 -20"><span class='ocrx_word' id='word_1_111' title='bbox 310 2259 443 2326; x_wconf 84' lang='lat' dir='ltr'><strong>sitarum</strong></span> <span class='ocrx_word' id='word_1_112' title='bbox 463 2264 569 2326; x_wconf 84' lang='lat' dir='ltr'><strong>mente</strong></span> <span class='ocrx_word' id='word_1_113' title='bbox 590 2259 775 2343; x_wconf 77' lang='lat' dir='ltr'><strong>mboneque</strong></span> <span class='ocrx_word' id='word_1_114' title='bbox 797 2260 968 2344; x_wconf 73' lang='lat' dir='ltr'><strong>quomam,</strong></span> <span class='ocrx_word' id='word_1_115' title='bbox 995 2260 1133 2343; x_wconf 84' lang='lat' dir='ltr'><strong>invenit,</strong></span> <span class='ocrx_word' id='word_1_116' title='bbox 1163 2258 1283 2343; x_wconf 88' lang='lat' dir='ltr'><strong>aliquid</strong></span> <span class='ocrx_word' id='word_1_117' title='bbox 1310 2258 1425 2327; x_wconf 87' lang='lat' dir='ltr'><strong>addere</strong></span> <span class='ocrx_word' id='word_1_118' title='bbox 1447 2281 1482 2328; x_wconf 91' lang='lat' dir='ltr'><strong>se</strong></span> 
     </span>
     <span class='ocr_line' id='line_1_15' title="bbox 310 2372 1482 2462; baseline 0.003 -20"><span class='ocrx_word' id='word_1_119' title='bbox 310 2394 412 2459; x_wconf 74' lang='lat' dir='ltr'><strong>possa</strong></span> <span class='ocrx_word' id='word_1_120' title='bbox 434 2380 469 2443; x_wconf 87' lang='lat' dir='ltr'><strong>et</strong></span> <span class='ocrx_word' id='word_1_121' title='bbox 490 2376 575 2461; x_wconf 88' lang='lat' dir='ltr'><strong>quod</strong></span> <span class='ocrx_word' id='word_1_122' title='bbox 595 2375 736 2462; x_wconf 86' lang='lat' dir='ltr'><strong>plaeeret</strong></span> <span class='ocrx_word' id='word_1_123' title='bbox 757 2376 878 2443; x_wconf 85' lang='lat' dir='ltr'><strong>raaioni</strong></span> <span class='ocrx_word' id='word_1_124' title='bbox 900 2382 933 2442; x_wconf 88' lang='lat' dir='ltr'><strong>et</strong></span> <span class='ocrx_word' id='word_1_125' title='bbox 955 2380 1065 2461; x_wconf 90' lang='lat' dir='ltr'><strong>aptum</strong></span> <span class='ocrx_word' id='word_1_126' title='bbox 1087 2372 1180 2441; x_wconf 86' lang='lat' dir='ltr'><strong>fieret</strong></span> <span class='ocrx_word' id='word_1_127' title='bbox 1194 2374 1322 2443; x_wconf 87' lang='lat' dir='ltr'><strong>divinae</strong></span> <span class='ocrx_word' id='word_1_128' title='bbox 1335 2376 1482 2445; x_wconf 85' lang='lat' dir='ltr'><strong>benedie-</strong></span> 
     </span>
     <span class='ocr_line' id='line_1_16' title="bbox 311 2489 1482 2578; baseline 0.003 -23"><span class='ocrx_word' id='word_1_129' title='bbox 311 2490 395 2557; x_wconf 90' lang='lat' dir='ltr'><strong>tioni.</strong></span> <span class='ocrx_word' id='word_1_130' title='bbox 488 2490 606 2558; x_wconf 87' lang='lat' dir='ltr'><strong>Versus</strong></span> <span class='ocrx_word' id='word_1_131' title='bbox 629 2492 714 2558; x_wconf 89' lang='lat' dir='ltr'><strong>enim</strong></span> <span class='ocrx_word' id='word_1_132' title='bbox 736 2491 986 2578; x_wconf 85' lang='lat' dir='ltr'><strong>septentrionem</strong></span> <span class='ocrx_word' id='word_1_133' title='bbox 1007 2490 1183 2577; x_wconf 84' lang='lat' dir='ltr'><strong>oppositus,</strong></span> <span class='ocrx_word' id='word_1_134' title='bbox 1207 2490 1242 2555; x_wconf 89' lang='lat' dir='ltr'><strong>in</strong></span> <span class='ocrx_word' id='word_1_135' title='bbox 1263 2489 1332 2559; x_wconf 85' lang='lat' dir='ltr'><strong>loeo</strong></span> <span class='ocrx_word' id='word_1_136' title='bbox 1356 2491 1411 2577; x_wconf 93' lang='lat' dir='ltr'><strong>qui</strong></span> <span class='ocrx_word' id='word_1_137' title='bbox 1434 2491 1482 2558; x_wconf 90' lang='lat' dir='ltr'><strong>di·</strong></span> 
     </span>
     <span class='ocr_line' id='line_1_17' title="bbox 310 2601 1482 2694; baseline 0.002 -23"><span class='ocrx_word' id='word_1_138' title='bbox 310 2606 389 2673; x_wconf 79' lang='lat' dir='ltr'><strong>citur</strong></span> <span class='ocrx_word' id='word_1_139' title='bbox 409 2601 698 2694; x_wconf 85' lang='lat' dir='ltr'><strong>blena-episeopi⁸‚</strong></span> <span class='ocrx_word' id='word_1_140' title='bbox 722 2606 856 2674; x_wconf 90' lang='lat' dir='ltr'><strong>eandem</strong></span> <span class='ocrx_word' id='word_1_141' title='bbox 876 2607 1005 2693; x_wconf 86' lang='lat' dir='ltr'><strong>plagam</strong></span> <span class='ocrx_word' id='word_1_142' title='bbox 1027 2606 1212 2691; x_wconf 81' lang='lat' dir='ltr'><strong>sustinenti,</strong></span> <span class='ocrx_word' id='word_1_143' title='bbox 1236 2623 1361 2694; x_wconf 86' lang='lat' dir='ltr'><strong>semper</strong></span> <span class='ocrx_word' id='word_1_144' title='bbox 1384 2607 1482 2692; x_wconf 85' lang='lat' dir='ltr'><strong>virgi·</strong></span> 
     </span>
     <span class='ocr_line' id='line_1_18' title="bbox 310 2721 1481 2805; baseline 0.004 -19"><span class='ocrx_word' id='word_1_145' title='bbox 310 2722 356 2788; x_wconf 89' lang='lat' dir='ltr'><strong>nis</strong></span> <span class='ocrx_word' id='word_1_146' title='bbox 369 2722 493 2790; x_wconf 83' lang='lat' dir='ltr'><strong>Mariae</strong></span> <span class='ocrx_word' id='word_1_147' title='bbox 506 2723 588 2789; x_wconf 82' lang='lat' dir='ltr'><strong>vidit</strong></span> <span class='ocrx_word' id='word_1_148' title='bbox 601 2723 789 2805; x_wconf 81' lang='lat' dir='ltr'><strong>oratorinm3</strong></span> <span class='ocrx_word' id='word_1_149' title='bbox 812 2722 999 2789; x_wconf 80' lang='lat' dir='ltr'><strong>altrinsecus</strong></span> <span class='ocrx_word' id='word_1_150' title='bbox 1014 2728 1121 2789; x_wconf 86' lang='lat' dir='ltr'><strong>autem</strong></span> <span class='ocrx_word' id='word_1_151' title='bbox 1136 2728 1317 2789; x_wconf 68' lang='lat' dir='ltr'><strong>sensurum</strong></span> <span class='ocrx_word' id='word_1_152' title='bbox 1331 2721 1481 2791; x_wconf 86' lang='lat' dir='ltr'><strong>lobannis</strong></span> 
     </span>
     <span class='ocr_line' id='line_1_19' title="bbox 310 2834 1481 2925; baseline 0.002 -22"><span class='ocrx_word' id='word_1_153' title='bbox 310 2837 466 2925; x_wconf 87' lang='lat' dir='ltr'><strong>baptistae</strong></span> <span class='ocrx_word' id='word_1_154' title='bbox 492 2845 526 2905; x_wconf 90' lang='lat' dir='ltr'><strong>et</strong></span> <span class='ocrx_word' id='word_1_155' title='bbox 552 2838 767 2923; x_wconf 81' lang='lat' dir='ltr'><strong>euangelistae</strong></span> <span class='ocrx_word' id='word_1_156' title='bbox 794 2834 977 2905; x_wconf 85' lang='lat' dir='ltr'><strong>basilieam⁴</strong></span> <span class='ocrx_word' id='word_1_157' title='bbox 1005 2836 1046 2903; x_wconf 88' lang='lat' dir='ltr'><strong>ad</strong></span> <span class='ocrx_word' id='word_1_158' title='bbox 1075 2842 1229 2905; x_wconf 82' lang='lat' dir='ltr'><strong>austrum.</strong></span> <span class='ocrx_word' id='word_1_159' title='bbox 1270 2837 1413 2923; x_wconf 81' lang='lat' dir='ltr'><strong>Cumque</strong></span> <span class='ocrx_word' id='word_1_160' title='bbox 1440 2854 1481 2905; x_wconf 80' lang='lat' dir='ltr'><strong>eu</strong></span> 
     </span>
     <span class='ocr_line' id='line_1_20' title="bbox 310 2949 1480 3042; baseline -0.001 -20"><span class='ocrx_word' id='word_1_161' title='bbox 310 2955 452 3039; x_wconf 87' lang='lat' dir='ltr'><strong>partibus</strong></span> <span class='ocrx_word' id='word_1_162' title='bbox 479 2955 628 3037; x_wconf 82' lang='lat' dir='ltr'><strong>orientis,</strong></span> <span class='ocrx_word' id='word_1_163' title='bbox 656 2954 711 3021; x_wconf 91' lang='lat' dir='ltr'><strong>ubi</strong></span> <span class='ocrx_word' id='word_1_164' title='bbox 738 2954 773 3019; x_wconf 89' lang='lat' dir='ltr'><strong>in</strong></span> <span class='ocrx_word' id='word_1_165' title='bbox 800 2954 869 3020; x_wconf 86' lang='lat' dir='ltr'><strong>loeo</strong></span> <span class='ocrx_word' id='word_1_166' title='bbox 892 2949 1068 3020; x_wconf 81' lang='lat' dir='ltr'><strong>Uvesbero⁸</strong></span> <span class='ocrx_word' id='word_1_167' title='bbox 1093 2952 1185 3019; x_wconf 87' lang='lat' dir='ltr'><strong>beato</strong></span> <span class='ocrx_word' id='word_1_168' title='bbox 1208 2952 1302 3021; x_wconf 85' lang='lat' dir='ltr'><strong>Petro</strong></span> <span class='ocrx_word' id='word_1_169' title='bbox 1324 2952 1480 3042; x_wconf 87' lang='lat' dir='ltr'><strong>templum</strong></span> 
     </span>
     <span class='ocr_line' id='line_1_21' title="bbox 311 3068 1516 3155; baseline 0.002 -18"><span class='ocrx_word' id='word_1_170' title='bbox 311 3068 486 3137; x_wconf 71' lang='lat' dir='ltr'><strong>dedicatum</strong></span> <span class='ocrx_word' id='word_1_171' title='bbox 508 3072 640 3153; x_wconf 75' lang='lat' dir='ltr'><strong>invenit</strong></span> <span class='ocrx_word' id='word_1_172' title='bbox 664 3070 704 3137; x_wconf 89' lang='lat' dir='ltr'><strong>ad</strong></span> <span class='ocrx_word' id='word_1_173' title='bbox 721 3069 915 3137; x_wconf 87' lang='lat' dir='ltr'><strong>oeoidentem</strong></span> <span class='ocrx_word' id='word_1_174' title='bbox 929 3074 1140 3136; x_wconf 86' lang='lat' dir='ltr'><strong>reverteretur</strong></span> <span class='ocrx_word' id='word_1_175' title='bbox 1156 3090 1290 3155; x_wconf 85' lang='lat' dir='ltr'><strong>eumque</strong></span> <span class='ocrx_word' id='word_1_176' title='bbox 1304 3069 1385 3137; x_wconf 86' lang='lat' dir='ltr'><strong>hant</strong></span> <span class='ocrx_word' id='word_1_177' title='bbox 1400 3070 1480 3139; x_wconf 88' lang='lat' dir='ltr'><strong>oaeli</strong></span> <span class='ocrx_word' id='word_1_178' title='bbox 1514 3087 1516 3092; x_wconf 86' lang='grc'><strong><em>·</em></strong></span> 
     </span>
     <span class='ocr_line' id='line_1_22' title="bbox 311 3184 1479 3271; baseline 0.003 -22"><span class='ocrx_word' id='word_1_179' title='bbox 311 3184 434 3269; x_wconf 82' lang='lat' dir='ltr'><strong>plagam</strong></span> <span class='ocrx_word' id='word_1_180' title='bbox 457 3186 515 3253; x_wconf 86' lang='lat' dir='ltr'><strong>tali</strong></span> <span class='ocrx_word' id='word_1_181' title='bbox 536 3187 659 3253; x_wconf 85' lang='lat' dir='ltr'><strong>rideret</strong></span> <span class='ocrx_word' id='word_1_182' title='bbox 681 3185 899 3253; x_wconf 74' lang='lat' dir='ltr'><strong>benedictione</strong></span> <span class='ocrx_word' id='word_1_183' title='bbox 913 3204 1052 3269; x_wconf 71' lang='lat' dir='ltr'><strong>amasse,</strong></span> <span class='ocrx_word' id='word_1_184' title='bbox 1074 3185 1233 3253; x_wconf 86' lang='lat' dir='ltr'><strong>intellexit</strong></span> <span class='ocrx_word' id='word_1_185' title='bbox 1255 3186 1304 3253; x_wconf 88' lang='lat' dir='ltr'><strong>vir</strong></span> <span class='ocrx_word' id='word_1_186' title='bbox 1318 3184 1390 3271; x_wconf 90' lang='lat' dir='ltr'><strong>Dei,</strong></span> <span class='ocrx_word' id='word_1_187' title='bbox 1413 3202 1479 3253; x_wconf 86' lang='lat' dir='ltr'><strong>mo·</strong></span> 
     </span>
     <span class='ocr_line' id='line_1_23' title="bbox 312 3300 1478 3389; baseline 0.001 -21"><span class='ocrx_word' id='word_1_188' title='bbox 312 3300 376 3368; x_wconf 86' lang='lat' dir='ltr'><strong>ritis</strong></span> <span class='ocrx_word' id='word_1_189' title='bbox 398 3302 467 3369; x_wconf 88' lang='lat' dir='ltr'><strong>suis</strong></span> <span class='ocrx_word' id='word_1_190' title='bbox 481 3303 633 3387; x_wconf 86' lang='lat' dir='ltr'><strong>augendis</strong></span> <span class='ocrx_word' id='word_1_191' title='bbox 648 3302 789 3368; x_wconf 63' lang='lat' dir='ltr'><strong>dianam</strong></span> <span class='ocrx_word' id='word_1_192' title='bbox 803 3301 1036 3388; x_wconf 82' lang='lat' dir='ltr'><strong>providentiam</strong></span> <span class='ocrx_word' id='word_1_193' title='bbox 1050 3302 1133 3369; x_wconf 87' lang='lat' dir='ltr'><strong>hano</strong></span> <span class='ocrx_word' id='word_1_194' title='bbox 1147 3301 1275 3389; x_wconf 80' lang='lat' dir='ltr'><strong>plegem</strong></span> <span class='ocrx_word' id='word_1_195' title='bbox 1290 3321 1478 3369; x_wconf 81' lang='lat' dir='ltr'><strong>reservasse.</strong></span> 
     </span>
     <span class='ocr_line' id='line_1_24' title="bbox 312 3414 1480 3502; baseline 0.003 -21"><span class='ocrx_word' id='word_1_196' title='bbox 312 3414 455 3485; x_wconf 86' lang='lat' dir='ltr'><strong>Dilatans</strong></span> <span class='ocrx_word' id='word_1_197' title='bbox 483 3437 558 3502; x_wconf 85' lang='lat' dir='ltr'><strong>ergo</strong></span> <span class='ocrx_word' id='word_1_198' title='bbox 585 3418 746 3500; x_wconf 86' lang='lat' dir='ltr'><strong>trigonum</strong></span> <span class='ocrx_word' id='word_1_199' title='bbox 769 3451 811 3463; x_wconf 89' lang='lat'>-</span> <span class='ocrx_word' id='word_1_200' title='bbox 835 3417 905 3484; x_wconf 89' lang='lat' dir='ltr'><strong>dieo</strong></span> <span class='ocrx_word' id='word_1_201' title='bbox 933 3422 998 3484; x_wconf 87' lang='lat' dir='ltr'><strong>tres</strong></span> <span class='ocrx_word' id='word_1_202' title='bbox 1022 3417 1192 3485; x_wconf 86' lang='lat' dir='ltr'><strong>aeoolesiae</strong></span> <span class='ocrx_word' id='word_1_203' title='bbox 1212 3418 1278 3483; x_wconf 89' lang='lat' dir='ltr'><strong>lam</strong></span> <span class='ocrx_word' id='word_1_204' title='bbox 1300 3418 1399 3485; x_wconf 80' lang='lat' dir='ltr'><strong>fatae⁰</strong></span> <span class='ocrx_word' id='word_1_205' title='bbox 1422 3419 1480 3485; x_wconf 91' lang='lat' dir='ltr'><strong>tri·</strong></span> 
     </span>
     <span class='ocr_line' id='line_1_25' title="bbox 313 3533 1480 3621; baseline 0 -20"><span class='ocrx_word' id='word_1_206' title='bbox 313 3534 457 3616; x_wconf 78' lang='lat' dir='ltr'><strong>mgnum</strong></span> <span class='ocrx_word' id='word_1_207' title='bbox 470 3568 512 3580; x_wconf 92' lang='lat'><strong>—-</strong></span> <span class='ocrx_word' id='word_1_208' title='bbox 524 3535 559 3600; x_wconf 93' lang='lat' dir='ltr'><strong>in</strong></span> <span class='ocrx_word' id='word_1_209' title='bbox 573 3534 717 3620; x_wconf 86' lang='lat' dir='ltr'><strong>partibus</strong></span> <span class='ocrx_word' id='word_1_210' title='bbox 733 3533 904 3601; x_wconf 85' lang='lat' dir='ltr'><strong>oaeidentis</strong></span> <span class='ocrx_word' id='word_1_211' title='bbox 918 3534 1000 3600; x_wconf 87' lang='lat' dir='ltr'><strong>eitra</strong></span> <span class='ocrx_word' id='word_1_212' title='bbox 1013 3533 1143 3618; x_wconf 90' lang='lat' dir='ltr'><strong>longum</strong></span> <span class='ocrx_word' id='word_1_213' title='bbox 1158 3533 1306 3619; x_wconf 72' lang='lat' dir='ltr'><strong>pontemd</strong></span> <span class='ocrx_word' id='word_1_214' title='bbox 1322 3534 1363 3601; x_wconf 88' lang='lat' dir='ltr'><strong>ad</strong></span> <span class='ocrx_word' id='word_1_215' title='bbox 1376 3534 1480 3621; x_wconf 88' lang='lat' dir='ltr'><strong>ripam</strong></span> 
     </span>
     <span class='ocr_line' id='line_1_26' title="bbox 314 3648 1480 3735; baseline 0.002 -20"><span class='ocrx_word' id='word_1_216' title='bbox 314 3666 408 3733; x_wconf 82' lang='lat' dir='ltr'><strong>aquae</strong></span> <span class='ocrx_word' id='word_1_217' title='bbox 429 3648 560 3733; x_wconf 65' lang='lat' dir='ltr'><strong>fuldae,</strong></span> <span class='ocrx_word' id='word_1_218' title='bbox 582 3652 844 3733; x_wconf 83' lang='lat' dir='ltr'><strong>tetragrammum</strong></span> <span class='ocrx_word' id='word_1_219' title='bbox 865 3650 1039 3734; x_wconf 83' lang='lat' dir='ltr'><strong>integravit</strong></span> <span class='ocrx_word' id='word_1_220' title='bbox 1061 3649 1327 3735; x_wconf 68' lang='lat' dir='ltr'><strong>quadrangulum</strong></span> <span class='ocrx_word' id='word_1_221' title='bbox 1352 3655 1384 3717; x_wconf 85' lang='lat' dir='ltr'><strong>et</strong></span> <span class='ocrx_word' id='word_1_222' title='bbox 1406 3670 1480 3717; x_wconf 89' lang='lat' dir='ltr'><strong>oon-</strong></span> 
     </span>
     <span class='ocr_line' id='line_1_27' title="bbox 314 3764 1480 3851; baseline 0.001 -19"><span class='ocrx_word' id='word_1_223' title='bbox 314 3767 427 3832; x_wconf 80' lang='lat' dir='ltr'><strong>strueto</strong></span> <span class='ocrx_word' id='word_1_224' title='bbox 449 3766 484 3832; x_wconf 90' lang='lat' dir='ltr'><strong>in</strong></span> <span class='ocrx_word' id='word_1_225' title='bbox 506 3765 678 3832; x_wconf 80' lang='lat' dir='ltr'><strong>ouoidenlis</strong></span> <span class='ocrx_word' id='word_1_226' title='bbox 699 3766 844 3851; x_wconf 85' lang='lat' dir='ltr'><strong>partibus</strong></span> <span class='ocrx_word' id='word_1_227' title='bbox 866 3764 996 3832; x_wconf 87' lang='lat' dir='ltr'><strong>oenobio</strong></span> <span class='ocrx_word' id='word_1_228' title='bbox 1017 3766 1052 3831; x_wconf 93' lang='lat' dir='ltr'><strong>iu</strong></span> <span class='ocrx_word' id='word_1_229' title='bbox 1074 3766 1194 3833; x_wconf 90' lang='lat' dir='ltr'><strong>bonore</strong></span> <span class='ocrx_word' id='word_1_230' title='bbox 1215 3766 1318 3833; x_wconf 88' lang='lat' dir='ltr'><strong>saneti</strong></span> <span class='ocrx_word' id='word_1_231' title='bbox 1331 3766 1480 3833; x_wconf 81' lang='lat' dir='ltr'><strong>Andreae</strong></span> 
     </span>
     <span class='ocr_line' id='line_1_28' title="bbox 314 3876 1479 3968; baseline 0.005 -25"><span class='ocrx_word' id='word_1_232' title='bbox 314 3876 423 3948; x_wconf 88' lang='lat' dir='ltr'><strong>indidit</strong></span> <span class='ocrx_word' id='word_1_233' title='bbox 448 3881 653 3949; x_wconf 78' lang='lat' dir='ltr'><strong>venabulum:</strong></span> <span class='ocrx_word' id='word_1_234' title='bbox 681 3887 720 3947; x_wconf 88' lang='lat' dir='ltr'><strong>ut</strong></span> <span class='ocrx_word' id='word_1_235' title='bbox 740 3880 865 3947; x_wconf 81' lang='lat' dir='ltr'><strong>Nouum</strong></span> <span class='ocrx_word' id='word_1_236' title='bbox 886 3881 1044 3949; x_wconf 73' lang='lat' dir='ltr'><strong>dioemtur</strong></span> <span class='ocrx_word' id='word_1_237' title='bbox 1065 3878 1323 3949; x_wconf 82' lang='lat' dir='ltr'><strong>monasterium⁶.</strong></span> <span class='ocrx_word' id='word_1_238' title='bbox 1357 3881 1394 3949; x_wconf 94' lang='lat' dir='ltr'><strong>In</strong></span> <span class='ocrx_word' id='word_1_239' title='bbox 1417 3902 1479 3968; x_wconf 88' lang='lat' dir='ltr'><strong>quo</strong></span> 
     </span>
     <span class='ocr_line' id='line_1_29' title="bbox 315 3994 1479 4084; baseline 0.004 -24"><span class='ocrx_word' id='word_1_240' title='bbox 315 3994 355 4077; x_wconf 88' lang='lat' dir='ltr'><strong>pii</strong></span> <span class='ocrx_word' id='word_1_241' title='bbox 380 3998 482 4084; x_wconf 85' lang='lat' dir='ltr'><strong>patris</strong></span> <span class='ocrx_word' id='word_1_242' title='bbox 508 3998 658 4064; x_wconf 87' lang='lat' dir='ltr'><strong>meritum</strong></span> <span class='ocrx_word' id='word_1_243' title='bbox 687 4003 736 4063; x_wconf 88' lang='lat' dir='ltr'><strong>est</strong></span> <span class='ocrx_word' id='word_1_244' title='bbox 761 3996 920 4065; x_wconf 75' lang='lat' dir='ltr'><strong>laudabile</strong></span> <span class='ocrx_word' id='word_1_245' title='bbox 942 4002 975 4063; x_wconf 89' lang='lat' dir='ltr'><strong>et</strong></span> <span class='ocrx_word' id='word_1_246' title='bbox 995 3997 1159 4081; x_wconf 89' lang='lat' dir='ltr'><strong>ingenium</strong></span> <span class='ocrx_word' id='word_1_247' title='bbox 1182 3996 1395 4080; x_wconf 79' lang='lat' dir='ltr'><strong>ammirabil03</strong></span> <span class='ocrx_word' id='word_1_248' title='bbox 1426 3998 1479 4084; x_wconf 85' lang='lat' dir='ltr'><strong>qui</strong></span> 
     </span>
    </p>
   </div>
   <div class='ocr_carea' id='block_1_3' title="bbox 314 4192 1481 4332">
    <p class='ocr_par' dir='ltr' id='par_1_3' title="bbox 314 4192 1481 4332">
     <span class='ocr_line' id='line_1_30' title="bbox 380 4192 1481 4253; baseline 0.001 -13"><span class='ocrx_word' id='word_1_249' title='bbox 380 4208 401 4240; x_wconf 75' lang='grc' dir='ltr'><strong>ι</strong></span> <span class='ocrx_word' id='word_1_250' title='bbox 420 4209 467 4241; x_wconf 86' lang='lat' dir='ltr'><strong>non</strong></span> <span class='ocrx_word' id='word_1_251' title='bbox 488 4210 531 4240; x_wconf 74' lang='lat' dir='ltr'><strong>on.</strong></span> <span class='ocrx_word' id='word_1_252' title='bbox 548 4211 569 4241; x_wconf 79' lang='grc' dir='ltr'><strong>ο.</strong></span> <span class='ocrx_word' id='word_1_253' title='bbox 647 4193 669 4239; x_wconf 89' lang='lat' dir='ltr'><strong>b.</strong></span> <span class='ocrx_word' id='word_1_254' title='bbox 689 4192 751 4239; x_wconf 73' lang='lat' dir='ltr'><strong>haud</strong></span> <span class='ocrx_word' id='word_1_255' title='bbox 769 4192 835 4239; x_wconf 76' lang='lat' dir='ltr'><strong>daret</strong></span> <span class='ocrx_word' id='word_1_256' title='bbox 849 4196 933 4252; x_wconf 78' lang='lat' dir='ltr'><strong>scripsi</strong></span> <span class='ocrx_word' id='word_1_257' title='bbox 944 4210 988 4253; x_wconf 79' lang='lat' dir='ltr'><strong>pro</strong></span> <span class='ocrx_word' id='word_1_258' title='bbox 1003 4192 1107 4240; x_wconf 70' lang='lat' dir='ltr'><strong>laudaret</strong></span> <span class='ocrx_word' id='word_1_259' title='bbox 1122 4210 1142 4239; x_wconf 79' lang='lat' dir='ltr'><strong>c.</strong></span> <span class='ocrx_word' id='word_1_260' title='bbox 1221 4206 1240 4239; x_wconf 83' lang='lat' dir='ltr'><strong>t.</strong></span> <span class='ocrx_word' id='word_1_261' title='bbox 1262 4192 1308 4239; x_wconf 78' lang='lat' dir='ltr'><strong>iam</strong></span> <span class='ocrx_word' id='word_1_262' title='bbox 1322 4192 1382 4240; x_wconf 74' lang='lat' dir='ltr'><strong>fatae</strong></span> <span class='ocrx_word' id='word_1_263' title='bbox 1397 4196 1481 4253; x_wconf 79' lang='lat' dir='ltr'><strong>scripsi</strong></span> 
     </span>
     <span class='ocr_line' id='line_1_31' title="bbox 314 4272 749 4332; baseline -0.002 -13"><span class='ocrx_word' id='word_1_264' title='bbox 314 4272 461 4325; x_wconf 73' lang='lat' dir='ltr'><strong>minlatus</strong></span> <span class='ocrx_word' id='word_1_265' title='bbox 478 4290 498 4319; x_wconf 83' lang='lat' dir='ltr'><strong>c.</strong></span> <span class='ocrx_word' id='word_1_266' title='bbox 575 4273 599 4320; x_wconf 91' lang='lat' dir='ltr'><strong>d.</strong></span> <span class='ocrx_word' id='word_1_267' title='bbox 618 4274 749 4332; x_wconf 73' lang='lat' dir='ltr'><strong>pentuma.</strong></span> 
     </span>
    </p>
   </div>
   <div class='ocr_carea' id='block_1_4' title="bbox 317 4374 1511 4889">
    <p class='ocr_par' dir='ltr' id='par_1_4' title="bbox 317 4374 1511 4889">
     <span class='ocr_line' id='line_1_32' title="bbox 381 4374 1476 4448; baseline -0.002 -17"><span class='ocrx_word' id='word_1_268' title='bbox 381 4378 404 4431; x_wconf 93' lang='lat' dir='ltr'><strong>l.</strong></span> <span class='ocrx_word' id='word_1_269' title='bbox 427 4392 534 4448; x_wconf 85' lang='lat' dir='ltr'><strong>enpam.</strong></span> <span class='ocrx_word' id='word_1_270' title='bbox 625 4378 651 4432; x_wconf 77' lang='lat'><strong>2.</strong></span> <span class='ocrx_word' id='word_1_271' title='bbox 674 4378 709 4433; x_wconf 86' lang='lat' dir='ltr'><strong>V.</strong></span> <span class='ocrx_word' id='word_1_272' title='bbox 729 4374 757 4431; x_wconf 85' lang='lat' dir='ltr'><strong>S.</strong></span> <span class='ocrx_word' id='word_1_273' title='bbox 771 4374 896 4445; x_wconf 84' lang='lat' dir='ltr'><strong>Gregorii</strong></span> <span class='ocrx_word' id='word_1_274' title='bbox 917 4375 1018 4446; x_wconf 86' lang='lat' dir='ltr'><strong>dialog.</strong></span> <span class='ocrx_word' id='word_1_275' title='bbox 1030 4375 1057 4430; x_wconf 91' lang='lat' dir='ltr'><strong>Il</strong></span> <span class='ocrx_word' id='word_1_276' title='bbox 1074 4390 1099 4430; x_wconf 83' lang='lat' dir='ltr'><strong>a.</strong></span> <span class='ocrx_word' id='word_1_277' title='bbox 1113 4376 1160 4446; x_wconf 72' lang='lat'><strong>28,</strong></span> <span class='ocrx_word' id='word_1_278' title='bbox 1184 4374 1253 4445; x_wconf 88' lang='lat' dir='ltr'><strong>Opp.</strong></span> <span class='ocrx_word' id='word_1_279' title='bbox 1272 4374 1316 4429; x_wconf 89' lang='lat' dir='ltr'><strong>ed.</strong></span> <span class='ocrx_word' id='word_1_280' title='bbox 1334 4374 1476 4430; x_wconf 81' lang='lat' dir='ltr'><strong>Benediet.</strong></span> 
     </span>
     <span class='ocr_line' id='line_1_33' title="bbox 317 4458 1477 4534; baseline 0 -15"><span class='ocrx_word' id='word_1_281' title='bbox 317 4458 407 4519; x_wconf 77' lang='lat' dir='ltr'><strong>uteo.</strong></span> <span class='ocrx_word' id='word_1_282' title='bbox 495 4468 522 4521; x_wconf 89' lang='grc'><strong>3.</strong></span> <span class='ocrx_word' id='word_1_283' title='bbox 544 4462 739 4533; x_wconf 82' lang='lat' dir='ltr'><strong>Biselrotsberg</strong></span> <span class='ocrx_word' id='word_1_284' title='bbox 757 4463 848 4528; x_wconf 90' lang='lat' dir='ltr'><strong>(bodie</strong></span> <span class='ocrx_word' id='word_1_285' title='bbox 865 4463 1062 4534; x_wconf 83' lang='lat' dir='ltr'><strong>Frauenberg).</strong></span> <span class='ocrx_word' id='word_1_286' title='bbox 1089 4464 1132 4519; x_wconf 89' lang='lat' dir='ltr'><strong>De</strong></span> <span class='ocrx_word' id='word_1_287' title='bbox 1150 4464 1316 4519; x_wconf 84' lang='lat' dir='ltr'><strong>monasterio</strong></span> <span class='ocrx_word' id='word_1_288' title='bbox 1334 4461 1362 4517; x_wconf 80' lang='grc'><strong>8.</strong></span> <span class='ocrx_word' id='word_1_289' title='bbox 1375 4464 1477 4519; x_wconf 82' lang='lat' dir='ltr'><strong>Marias</strong></span> 
     </span>
     <span class='ocr_line' id='line_1_34' title="bbox 317 4547 1477 4624; baseline -0.001 -14"><span class='ocrx_word' id='word_1_290' title='bbox 317 4547 445 4610; x_wconf 75' lang='lat' dir='ltr'><strong>buente</strong></span> <span class='ocrx_word' id='word_1_291' title='bbox 462 4554 585 4624; x_wconf 75' lang='lat' dir='ltr'><strong>episcopi</strong></span> <span class='ocrx_word' id='word_1_292' title='bbox 601 4552 783 4608; x_wconf 71' lang='lat' dir='ltr'><strong>absumunt</strong></span> <span class='ocrx_word' id='word_1_293' title='bbox 799 4552 895 4607; x_wconf 87' lang='lat' dir='ltr'><strong>Dioeo.</strong></span> <span class='ocrx_word' id='word_1_294' title='bbox 910 4553 989 4607; x_wconf 81' lang='lat' dir='ltr'><strong>Fuld.</strong></span> <span class='ocrx_word' id='word_1_295' title='bbox 1007 4570 1035 4623; x_wconf 91' lang='lat' dir='ltr'><strong>p.</strong></span> <span class='ocrx_word' id='word_1_296' title='bbox 1049 4553 1111 4607; x_wconf 87' lang='grc'><strong>118.</strong></span> <span class='ocrx_word' id='word_1_297' title='bbox 1199 4554 1225 4607; x_wconf 83' lang='lat'><strong>4.</strong></span> <span class='ocrx_word' id='word_1_298' title='bbox 1250 4552 1293 4607; x_wconf 88' lang='lat' dir='ltr'><strong>De</strong></span> <span class='ocrx_word' id='word_1_299' title='bbox 1311 4553 1477 4609; x_wconf 81' lang='lat' dir='ltr'><strong>monasterio</strong></span> 
     </span>
     <span class='ocr_line' id='line_1_35' title="bbox 318 4633 1478 4713; baseline 0.004 -21"><span class='ocrx_word' id='word_1_300' title='bbox 318 4633 498 4698; x_wconf 60' lang='lat' dir='ltr'><strong>bulduinum</strong></span> <span class='ocrx_word' id='word_1_301' title='bbox 515 4642 653 4713; x_wconf 80' lang='lat' dir='ltr'><strong>baptistae</strong></span> <span class='ocrx_word' id='word_1_302' title='bbox 671 4645 701 4697; x_wconf 84' lang='lat' dir='ltr'><strong>et</strong></span> <span class='ocrx_word' id='word_1_303' title='bbox 716 4642 905 4711; x_wconf 74' lang='lat' dir='ltr'><strong>euangelistae</strong></span> <span class='ocrx_word' id='word_1_304' title='bbox 922 4658 950 4697; x_wconf 87' lang='lat' dir='ltr'><strong>v.</strong></span> <span class='ocrx_word' id='word_1_305' title='bbox 967 4641 1033 4697; x_wconf 85' lang='lat' dir='ltr'><strong>ibid.</strong></span> <span class='ocrx_word' id='word_1_306' title='bbox 1051 4658 1079 4711; x_wconf 96' lang='lat' dir='ltr'><strong>p.</strong></span> <span class='ocrx_word' id='word_1_307' title='bbox 1093 4641 1154 4697; x_wconf 87' lang='lat'><strong>108.</strong></span> <span class='ocrx_word' id='word_1_308' title='bbox 1243 4642 1269 4697; x_wconf 83' lang='lat' dir='ltr'><strong>e.</strong></span> <span class='ocrx_word' id='word_1_309' title='bbox 1292 4656 1315 4697; x_wconf 90' lang='lat' dir='ltr'><strong>s.</strong></span> <span class='ocrx_word' id='word_1_310' title='bbox 1334 4639 1478 4711; x_wconf 80' lang='lat' dir='ltr'><strong>Ugesberg</strong></span> 
     </span>
     <span class='ocr_line' id='line_1_36' title="bbox 319 4722 1511 4801; baseline -0.002 -13"><span class='ocrx_word' id='word_1_311' title='bbox 319 4722 594 4801; x_wconf 72' lang='lat' dir='ltr'><strong>beueueaaterg).</strong></span> <span class='ocrx_word' id='word_1_312' title='bbox 620 4732 749 4787; x_wconf 87' lang='lat' dir='ltr'><strong>Deooen.</strong></span> <span class='ocrx_word' id='word_1_313' title='bbox 762 4728 790 4785; x_wconf 81' lang='lat' dir='ltr'><strong>S.</strong></span> <span class='ocrx_word' id='word_1_314' title='bbox 802 4730 877 4785; x_wconf 83' lang='lat' dir='ltr'><strong>Petri</strong></span> <span class='ocrx_word' id='word_1_315' title='bbox 894 4728 1313 4800; x_wconf 74' lang='lat' dir='ltr'><strong>inUgesbergr.lbid.p.132.</strong></span> <span class='ocrx_word' id='word_1_316' title='bbox 1386 4730 1411 4785; x_wconf 86' lang='grc'><strong>6.</strong></span> <span class='ocrx_word' id='word_1_317' title='bbox 1434 4730 1477 4787; x_wconf 89' lang='lat' dir='ltr'><strong>De</strong></span> <span class='ocrx_word' id='word_1_318' title='bbox 1507 4752 1511 4763; x_wconf 93' lang='lat'>·</span> 
     </span>
     <span class='ocr_line' id='line_1_37' title="bbox 321 4818 1306 4889; baseline 0.002 -16"><span class='ocrx_word' id='word_1_319' title='bbox 321 4826 387 4873; x_wconf 68' lang='lat' dir='ltr'><strong>toan</strong></span> <span class='ocrx_word' id='word_1_320' title='bbox 404 4818 432 4876; x_wconf 85' lang='lat' dir='ltr'><strong>S.</strong></span> <span class='ocrx_word' id='word_1_321' title='bbox 445 4820 574 4876; x_wconf 80' lang='lat' dir='ltr'><strong>Andreae</strong></span> <span class='ocrx_word' id='word_1_322' title='bbox 590 4820 620 4876; x_wconf 90' lang='lat' dir='ltr'><strong>iu</strong></span> <span class='ocrx_word' id='word_1_323' title='bbox 636 4818 824 4876; x_wconf 78' lang='lat' dir='ltr'><strong>Monte-noro</strong></span> <span class='ocrx_word' id='word_1_324' title='bbox 840 4820 927 4889; x_wconf 77' lang='lat' dir='ltr'><strong>vulgo</strong></span> <span class='ocrx_word' id='word_1_325' title='bbox 944 4818 1073 4889; x_wconf 80' lang='lat' dir='ltr'><strong>Neuberg</strong></span> <span class='ocrx_word' id='word_1_326' title='bbox 1089 4834 1117 4874; x_wconf 85' lang='lat' dir='ltr'><strong>v.</strong></span> <span class='ocrx_word' id='word_1_327' title='bbox 1136 4818 1203 4875; x_wconf 88' lang='lat' dir='ltr'><strong>ibid.</strong></span> <span class='ocrx_word' id='word_1_328' title='bbox 1221 4834 1248 4889; x_wconf 95' lang='lat' dir='ltr'><strong>p.</strong></span> <span class='ocrx_word' id='word_1_329' title='bbox 1261 4819 1306 4875; x_wconf 90' lang='lat'><strong>81.</strong></span> 
     </span>
    </p>
   </div>
   <div class='ocr_carea' id='block_1_5' title="bbox 0 0 2176 6034">
    <p class='ocr_par' dir='ltr' id='par_1_5' title="bbox 0 0 2176 6034">
     <span class='ocr_line' id='line_1_38' title="bbox 0 0 2176 6034; baseline 0 0"><span class='ocrx_word' id='word_1_330' title='bbox 0 0 2176 6034; x_wconf 95' lang='lat' dir='ltr'><strong> </strong></span> 
     </span>
    </p>
   </div>
  </div>
 </body>
</html>
