4342 6034
631 769 679 817 ax
701 768 856 818 ormam
876 770 958 817 vura
979 770 1006 817 s.
1022 768 1199 819 scamnum
1432 750 1498 821 495

342 910 410 977 dum
430 910 539 977 reniae
560 914 686 997 tempus
700 910 836 978 Domino
859 914 1041 997 praestante
1059 915 1214 995 tenemus,
1236 930 1277 977 ne
1292 910 1383 995 forta
1406 931 1499 997 prae-

342 1026 477 1111 occupati
497 1025 550 1093 die
571 1026 692 1110 mortis,
716 1046 902 1111 quaeramus
923 1026 1065 1112 spacium
1080 1026 1293 1113 poenitentiae
1309 1034 1341 1093 et
1355 1027 1498 1093 invenire

340 1161 398 1207 non
417 1141 583 1226 possimus
618 1140 682 1208 Sed
703 1142 743 1207 de
763 1142 814 1208 bis
836 1143 914 1209 satis
936 1142 1071 1223 dictum,
1100 1147 1295 1209 revertamur
1318 1141 1357 1207 ad
1380 1142 1499 1229 incepti

341 1256 486 1323 sermonis
509 1256 682 1323 exordium.

422 1356 501 1439 Cum
529 1392 603 1456 ergo
630 1371 835 1441 Karlomanui
861 1378 1031 1459 praecepto
1059 1373 1223 1456 sanctique
1243 1370 1398 1439 Boniiacii
1426 1390 1499 1439 con-

339 1487 404 1553 silio
425 1487 585 1573 synodalis
607 1493 778 1554 conventus
800 1487 978 1572 haberetur,
1000 1488 1093 1555 multi
1114 1488 1160 1555 ibi
1173 1468 1245 1553 'nou
1268 1486 1370 1553 solnm
1393 1487 1499 1555 clerici

340 1602 464 1687 quilibet
483 1602 624 1669 heretica
643 1604 800 1689 pravitate
823 1602 947 1689 decepti
968 1603 1008 1671 ab
1025 1603 1194 1670 aecclesiae
1210 1604 1428 1669 communione
1444 1622 1498 1669 ox-

340 1718 540 1805 psllebantur,
564 1718 736 1784 sedetiam
761 1718 915 1804 episcopi,
939 1719 994 1803 qui
1014 1740 1072 1805 pro
1096 1718 1202 1803 aliqua
1224 1718 1368 1805 capitalis
1392 1718 1499 1784 crimi-

338 1834 383 1899 nis
403 1833 529 1901 macula
550 1832 703 1900 diffamati
723 1834 866 1917 fuerant,
889 1834 1136 1920 deponebantur.
1170 1833 1297 1901 Erroris
1321 1839 1426 1901 autem
1449 1838 1499 1899 to·

338 1950 406 2033 tius,
427 1950 483 2034 qni
505 1954 580 2015 tane
601 1949 635 2014 in
651 1945 822 2016 Germania
843 1955 1034 2035 excreverat,
1057 1950 1190 2017 maximi
1211 1950 1338 2017 fuerunt
1355 1954 1498 2016 auctores

339 2064 394 2131 duo
415 2065 556 2148 heretici,
580 2085 712 2150 quorum
736 2085 817 2131 unus
840 2064 995 2149 Clemens,
1018 2065 1099 2131 alter
1120 2084 1193 2131 vero
1208 2064 1399 2131 Aldebertus
1415 2064 1499 2131 dioe-

338 2180 433 2247 batur.
470 2180 519 2247 De
541 2180 653 2265 quibus
675 2180 886 2267 postmodnm,
910 2201 982 2247 cum
1005 2180 1154 2267 epistolas
1177 2180 1218 2247 ad
1235 2178 1420 2247 Zachariam
1442 2200 1499 2266 pa·

339 2317 407 2382 pam
435 2297 551 2363 missas
579 2296 720 2382 prolerre
742 2296 955 2382 coeperimus,
984 2296 1106 2363 dicetur
1127 2296 1364 2379 congruentium
1395 2295 1429 2361 in
1451 2294 1500 2361 his

339 2412 416 2479 anim
437 2413 542 2479 omnis
557 2432 666 2478 eorum
679 2412 843 2479 mortifera
856 2412 975 2479 heresis
989 2412 1170 2499 replicatur.
1253 2410 1389 2491 Quidam
1404 2410 1500 2477 etiarn

338 2528 509 2615 episcopus,
530 2529 658 2594 nomina
680 2525 832 2594 Gewiliob
841 2523 860 2611 ¹,
882 2525 1064 2610 Mogonciae
1086 2528 1208 2595 ciuitati
1229 2526 1401 2613 praelatus,
1424 2530 1501 2591 tunc

338 2642 555 2731 deponebatur.
590 2642 654 2709 Gur
676 2648 782 2709 autern
796 2642 957 2729 depositus
971 2642 1077 2737 fuerit,
1101 2642 1152 2709 bic
1167 2644 1393 2729 subsequenter
1408 2662 1500 2709 enar-

336 2758 415 2825 rabo.
498 2758 536 2825 In
557 2758 621 2825 illis
642 2778 778 2843 namque
796 2757 991 2844 temporibus
1007 2756 1147 2825 Saxones
1163 2758 1371 2827 devastabant
1385 2756 1499 2823 Tmiu·

336 2874 427 2957 glam.
462 2874 562 2953 Quam
585 2874 625 2940 ob
647 2894 714 2939 rem
731 2873 842 2959 populi
858 2874 996 2939 eiusdem
1011 2874 1203 2959 prouinciae,
1227 2874 1443 2957 confugientes
1458 2872 1499 2938 ad

336 2990 547 3077 supradictum
572 2990 749 3077 principem
771 2988 1035 3073 Karlomannum,
1063 2989 1257 3074 quaerebant
1285 2988 1324 3055 ab
1348 3006 1385 3055 eo
1409 2987 1499 3053 auxi-

336 3104 420 3173 lium.
453 3105 514 3185 Qui
542 3126 618 3172 mox
645 3126 702 3191 pro
731 3125 841 3172 eorum
868 3105 1030 3190 ereptione
1052 3105 1226 3171 exercitum
1248 3104 1351 3187 misit,
1364 3156 1365 3161 ,
1380 3103 1414 3168 in
1437 3121 1498 3189 quo

338 3220 427 3288 simul
449 3220 602 3289 Geroldus
624 3220 908 3305 Mogonciacensis·
931 3226 1006 3286 tunc
1033 3222 1216 3307 episcopus,
1244 3226 1335 3306 pater
1363 3218 1499 3305 praefati

339 3334 523 3421 Gewiliobis,
544 3338 649 3403 iussus
672 3337 821 3423 perrexit
858 3335 999 3419 Cumque
1013 3336 1193 3419 congressio
1208 3336 1293 3401 lacta
1306 3335 1419 3401 fuisset
1434 3333 1499 3401 bel-

339 3450 466 3519 lantium
489 3458 522 3519 et
541 3453 678 3519 inuicem
700 3456 800 3519 semet
820 3452 1012 3535 ferientium,
1036 3450 1191 3519 Geroldus
1215 3450 1380 3537 episcopus
1402 3450 1500 3515 inter-

339 3567 431 3635 iectus
453 3568 499 3636 ibi
519 3569 603 3635 inter
625 3568 704 3635 alios
726 3566 881 3634 occubuit.
916 3567 1039 3635 Deinde
1060 3566 1145 3633 filius
1168 3568 1235 3633 eius
1259 3564 1421 3649 Gewiliob,
1445 3564 1500 3631 ad·

340 3681 395 3750 huc
425 3684 524 3750 laicus
554 3684 590 3749 in
622 3683 742 3770 palatio
769 3683 974 3767 constitutus,
1008 3702 1067 3769 pro
1096 3682 1234 3749 sedando
1263 3682 1364 3769 patris
1394 3680 1501 3749 doloro

340 3798 498 3867 clericatus
526 3798 629 3867 officio
650 3798 894 3885 promovebatur
916 3804 949 3864 et
971 3798 1012 3864 ad
1033 3798 1204 3883 regendam
1227 3797 1412 3867 aecclesiam
1432 3794 1501 3863 llo·

340 3917 570 3997 gonciacensem
597 3920 670 4001 post
696 3914 819 3981 obitum
839 3915 940 4001 patris
962 3914 1200 3997 subrogabatur.
1235 3913 1312 3981 Post
1334 3932 1398 3981 non
1420 3911 1501 3979 mul-

340 4034 403 4097 tum
429 4052 505 4100 uero
532 4031 684 4117 temporis
710 4031 826 4097 iterum
853 4030 1103 4115 Karlomanuus,
1132 4030 1273 4097 exercitu
1301 4033 1500 4113 congregato,

341 4152 443 4215 conba
470 4146 611 4215 Saxones
644 4148 786 4234 perrexit
818 4166 987 4232 secumque
1015 4146 1149 4212 eundem
1177 4143 1370 4213 Gerdlioben
1399 4144 1499 4211 duxit

342 4258 574 4331 considentibus
602 4268 708 4329 autem
735 4263 898 4347 utriusque
927 4261 1037 4349 populi
1066 4261 1256 4329 exercitibus
1286 4262 1331 4327 cis
1360 4261 1501 4345 citraque

340 4378 436 4464 ripam
456 4378 596 4446 fluminis
608 4378 784 4463 Wisaraba,
805 4378 969 4465 praecepit
989 4376 1142 4445 Gewiliob
1164 4396 1297 4463 puerum
1312 4396 1404 4441 sunm
1419 4376 1502 4441 inter

342 4491 438 4563 hostes
458 4516 591 4583 pergere
611 4495 738 4581 illicque
760 4514 876 4561 nomen
898 4494 976 4579 eius,
1000 4493 1055 4579 qui
1075 4498 1200 4580 patrem
1223 4512 1316 4558 snum
1333 4490 1500 4575 occiderat,

343 4607 499 4695 diligemn
519 4612 688 4698 inquirere.
724 4610 866 4697 (luumue
886 4628 985 4697 puero
999 4610 1087 4675 iussa
1101 4608 1242 4695 explenti
1256 4606 1500 4694 responderetur

405 4767 426 4801 a.
444 4754 642 4813 immanem
656 4772 678 4801 c.

406 4860 430 4913 1.
452 4860 487 4917 V.
505 4859 664 4915 Passionem
681 4856 711 4914 S.
722 4854 853 4913 Bonifatii
870 4871 954 4927 supra
971 4871 999 4926 p.
1011 4855 1065 4910 471
1076 4868 1118 4924 sq.
