<?xml version="1.0" encoding="UTF-8"?>
<!DOCTYPE html PUBLIC "-//W3C//DTD XHTML 1.0 Transitional//EN"
    "http://www.w3.org/TR/xhtml1/DTD/xhtml1-transitional.dtd">
<html xmlns="http://www.w3.org/1999/xhtml" xml:lang="en" lang="en">
 <head>
  <title>
</title>
<meta http-equiv="Content-Type" content="text/html;charset=utf-8" />
  <meta name='ocr-system' content='tesseract 3.04.00' />
  <meta name='ocr-capabilities' content='ocr_page ocr_carea ocr_par ocr_line ocrx_word'/>
</head>
<body>
  <div class='ocr_page' id='page_1' title='image "./monumentamogunt00lulgoog/monumentamogunt00lulgoog_0065.png"; bbox 0 0 4342 6034; ppageno 0'>
   <div class='ocr_carea' id='block_1_1' title="bbox 626 746 1547 827">
    <p class='ocr_par' dir='ltr' id='par_1_1' title="bbox 626 746 1547 827">
     <span class='ocr_line' id='line_1_1' title="bbox 626 746 1547 827; baseline 0.009 -24"><span class='ocrx_word' id='word_1_1' title='bbox 626 754 653 803; x_wconf 87' lang='lat' dir='ltr'>e.</span> <span class='ocrx_word' id='word_1_2' title='bbox 669 754 846 803; x_wconf 72' lang='lat' dir='ltr'>normann</span> <span class='ocrx_word' id='word_1_3' title='bbox 866 758 910 805; x_wconf 83' lang='lat' dir='ltr'>uu</span> <span class='ocrx_word' id='word_1_4' title='bbox 932 758 1035 807; x_wconf 85' lang='lat' dir='ltr'>uuuur</span> <span class='ocrx_word' id='word_1_5' title='bbox 1055 758 1242 809; x_wconf 77' lang='lat' dir='ltr'>rrmuouau</span> <span class='ocrx_word' id='word_1_6' title='bbox 1262 758 1310 827; x_wconf 68' lang='lat' dir='ltr'>cr</span> <span class='ocrx_word' id='word_1_7' title='bbox 1503 746 1547 811; x_wconf 76' lang='lat'>47</span> 
     </span>
    </p>
   </div>
   <div class='ocr_carea' id='block_1_2' title="bbox 372 890 1571 2703">
    <p class='ocr_par' dir='ltr' id='par_1_2' title="bbox 372 890 1571 2703">
     <span class='ocr_line' id='line_1_2' title="bbox 377 890 1344 984; baseline 0.009 -26"><span class='ocrx_word' id='word_1_8' title='bbox 377 890 532 959; x_wconf 84' lang='lat' dir='ltr'>salutatus</span> <span class='ocrx_word' id='word_1_9' title='bbox 555 892 760 981; x_wconf 75' lang='lat' dir='ltr'>supplicibus,</span> <span class='ocrx_word' id='word_1_10' title='bbox 849 898 1086 984; x_wconf 82' lang='lat' dir='ltr'>Aethilwaldc·,</span> <span class='ocrx_word' id='word_1_11' title='bbox 1110 920 1182 968; x_wconf 91' lang='lat' dir='ltr'>cum</span> <span class='ocrx_word' id='word_1_12' title='bbox 1204 900 1344 968; x_wconf 84' lang='lat' dir='ltr'>vocibus.</span> 
     </span>
     <span class='ocr_line' id='line_1_3' title="bbox 466 1009 1571 1103; baseline 0.004 -27"><span class='ocrx_word' id='word_1_13' title='bbox 466 1010 544 1077; x_wconf 89' lang='lat' dir='ltr'>Tete</span> <span class='ocrx_word' id='word_1_14' title='bbox 565 1009 668 1077; x_wconf 89' lang='lat' dir='ltr'>Herus</span> <span class='ocrx_word' id='word_1_15' title='bbox 690 1012 725 1077; x_wconf 94' lang='lat' dir='ltr'>in</span> <span class='ocrx_word' id='word_1_16' title='bbox 748 1012 893 1081; x_wconf 89' lang='lat' dir='ltr'>omuibus</span> <span class='ocrx_word' id='word_1_17' title='bbox 982 1014 1103 1081; x_wconf 87' lang='lat' dir='ltr'>olerum</span> <span class='ocrx_word' id='word_1_18' title='bbox 1125 1017 1245 1083; x_wconf 88' lang='lat' dir='ltr'>creavit</span> <span class='ocrx_word' id='word_1_19' title='bbox 1267 1017 1399 1103; x_wconf 90' lang='lat' dir='ltr'>actibus,</span> <span class='ocrx_word' id='word_1_20' title='bbox 1556 1034 1571 1080; x_wconf 80' lang='lat' dir='ltr'>e</span> 
     </span>
     <span class='ocr_line' id='line_1_4' title="bbox 374 1124 1281 1212; baseline 0.011 -22"><span class='ocrx_word' id='word_1_21' title='bbox 374 1124 479 1192; x_wconf 88' lang='lat' dir='ltr'>lorma</span> <span class='ocrx_word' id='word_1_22' title='bbox 501 1131 534 1193; x_wconf 90' lang='lat' dir='ltr'>et</span> <span class='ocrx_word' id='word_1_23' title='bbox 555 1127 626 1193; x_wconf 90' lang='lat' dir='ltr'>visu</span> <span class='ocrx_word' id='word_1_24' title='bbox 647 1127 783 1212; x_wconf 82' lang='lat' dir='ltr'>virilem,</span> <span class='ocrx_word' id='word_1_25' title='bbox 872 1130 955 1197; x_wconf 84' lang='lat' dir='ltr'>lacto</span> <span class='ocrx_word' id='word_1_26' title='bbox 979 1136 1011 1197; x_wconf 92' lang='lat' dir='ltr'>et</span> <span class='ocrx_word' id='word_1_27' title='bbox 1033 1131 1117 1199; x_wconf 90' lang='lat' dir='ltr'>dicto</span> <span class='ocrx_word' id='word_1_28' title='bbox 1141 1132 1281 1199; x_wconf 78' lang='lat' dir='ltr'><strong>senilem.</strong></span> 
     </span>
     <span class='ocr_line' id='line_1_5' title="bbox 375 1240 1450 1333; baseline 0.01 -27"><span class='ocrx_word' id='word_1_29' title='bbox 375 1240 477 1307; x_wconf 87' lang='lat' dir='ltr'>Tuam</span> <span class='ocrx_word' id='word_1_30' title='bbox 499 1242 658 1328; x_wconf 75' lang='lat' dir='ltr'>primamb</span> <span class='ocrx_word' id='word_1_31' title='bbox 680 1245 888 1331; x_wconf 72' lang='lat' dir='ltr'>propaginem</span> <span class='ocrx_word' id='word_1_32' title='bbox 976 1267 1034 1333; x_wconf 92' lang='lat' dir='ltr'>per</span> <span class='ocrx_word' id='word_1_33' title='bbox 1056 1248 1246 1333; x_wconf 80' lang='lat' dir='ltr'><strong>profundam</strong></span> <span class='ocrx_word' id='word_1_34' title='bbox 1267 1250 1450 1333; x_wconf 78' lang='lat' dir='ltr'>indaginem</span> 
     </span>
     <span class='ocr_line' id='line_1_6' title="bbox 374 1357 1167 1449; baseline 0.01 -26"><span class='ocrx_word' id='word_1_35' title='bbox 374 1357 500 1441; x_wconf 76' lang='lat' dir='ltr'>curiose</span> <span class='ocrx_word' id='word_1_36' title='bbox 523 1358 666 1425; x_wconf 79' lang='lat' dir='ltr'>conicere</span> <span class='ocrx_word' id='word_1_37' title='bbox 755 1361 870 1427; x_wconf 86' lang='lat' dir='ltr'>mentis</span> <span class='ocrx_word' id='word_1_38' title='bbox 894 1366 988 1445; x_wconf 91' lang='lat' dir='ltr'>atque</span> <span class='ocrx_word' id='word_1_39' title='bbox 1010 1363 1167 1449; x_wconf 83' lang='lat' dir='ltr'>inspicere</span> 
     </span>
     <span class='ocr_line' id='line_1_7' title="bbox 374 1472 1326 1547; baseline 0.006 -8"><span class='ocrx_word' id='word_1_40' title='bbox 374 1472 480 1539; x_wconf 90' lang='lat' dir='ltr'>nullus</span> <span class='ocrx_word' id='word_1_41' title='bbox 504 1472 590 1540; x_wconf 86' lang='lat' dir='ltr'>valet</span> <span class='ocrx_word' id='word_1_42' title='bbox 611 1474 788 1543; x_wconf 87' lang='lat' dir='ltr'>volucribus</span> <span class='ocrx_word' id='word_1_43' title='bbox 879 1478 995 1543; x_wconf 82' lang='lat' dir='ltr'>summi</span> <span class='ocrx_word' id='word_1_44' title='bbox 1017 1477 1077 1544; x_wconf 92' lang='lat' dir='ltr'>oeli</span> <span class='ocrx_word' id='word_1_45' title='bbox 1100 1478 1158 1545; x_wconf 91' lang='lat' dir='ltr'>sub</span> <span class='ocrx_word' id='word_1_46' title='bbox 1180 1478 1326 1547; x_wconf 88' lang='lat' dir='ltr'>nubibus.</span> 
     </span>
     <span class='ocr_line' id='line_1_8' title="bbox 376 1587 1388 1682; baseline 0.008 -28"><span class='ocrx_word' id='word_1_47' title='bbox 376 1587 512 1672; x_wconf 87' lang='lat' dir='ltr'>Tamen,</span> <span class='ocrx_word' id='word_1_48' title='bbox 536 1589 693 1675; x_wconf 75' lang='lat' dir='ltr'>adgressi,</span> <span class='ocrx_word' id='word_1_49' title='bbox 716 1592 839 1675; x_wconf 84' lang='lat' dir='ltr'>gaudiis</span> <span class='ocrx_word' id='word_1_50' title='bbox 929 1592 1087 1679; x_wconf 89' lang='lat' dir='ltr'>loquimur</span> <span class='ocrx_word' id='word_1_51' title='bbox 1109 1614 1223 1681; x_wconf 89' lang='lat' dir='ltr'>parum</span> <span class='ocrx_word' id='word_1_52' title='bbox 1245 1596 1388 1682; x_wconf 86' lang='lat' dir='ltr'>trepidis.</span> 
     </span>
     <span class='ocr_line' id='line_1_9' title="bbox 464 1704 1307 1794; baseline 0.007 -23"><span class='ocrx_word' id='word_1_53' title='bbox 464 1704 595 1773; x_wconf 90' lang='lat' dir='ltr'>Summo</span> <span class='ocrx_word' id='word_1_54' title='bbox 619 1705 730 1774; x_wconf 89' lang='lat' dir='ltr'>Satorc</span> <span class='ocrx_word' id='word_1_55' title='bbox 753 1708 869 1775; x_wconf 86' lang='lat' dir='ltr'>sobolis</span> <span class='ocrx_word' id='word_1_56' title='bbox 959 1714 1046 1776; x_wconf 89' lang='lat' dir='ltr'>satus</span> <span class='ocrx_word' id='word_1_57' title='bbox 1069 1710 1158 1776; x_wconf 85' lang='lat' dir='ltr'>inisti</span> <span class='ocrx_word' id='word_1_58' title='bbox 1180 1710 1307 1794; x_wconf 88' lang='lat' dir='ltr'>nobilis,</span> 
     </span>
     <span class='ocr_line' id='line_1_10' title="bbox 373 1823 1188 1911; baseline 0.006 -25"><span class='ocrx_word' id='word_1_59' title='bbox 373 1840 528 1904; x_wconf 86' lang='lat' dir='ltr'>generosa</span> <span class='ocrx_word' id='word_1_60' title='bbox 549 1823 733 1909; x_wconf 88' lang='lat' dir='ltr'>progenitus</span> <span class='ocrx_word' id='word_1_61' title='bbox 823 1825 997 1909; x_wconf 82' lang='lat' dir='ltr'>genetrice,</span> <span class='ocrx_word' id='word_1_62' title='bbox 1021 1826 1188 1911; x_wconf 86' lang='lat' dir='ltr'>expeditus</span> 
     </span>
     <span class='ocr_line' id='line_1_11' title="bbox 374 1938 1270 2025; baseline 0.003 -21"><span class='ocrx_word' id='word_1_63' title='bbox 374 1942 514 2023; x_wconf 74' lang='lat' dir='ltr'>saum,</span> <span class='ocrx_word' id='word_1_64' title='bbox 539 1938 630 2006; x_wconf 84' lang='lat' dir='ltr'>valde</span> <span class='ocrx_word' id='word_1_65' title='bbox 653 1940 792 2007; x_wconf 75' lang='lat' dir='ltr'>stabilis‘</span> <span class='ocrx_word' id='word_1_66' title='bbox 882 1946 967 2007; x_wconf 91' lang='lat' dir='ltr'>statu</span> <span class='ocrx_word' id='word_1_67' title='bbox 989 1946 1022 2007; x_wconf 88' lang='lat' dir='ltr'>ct</span> <span class='ocrx_word' id='word_1_68' title='bbox 1042 1941 1146 2007; x_wconf 89' lang='lat' dir='ltr'>forma</span> <span class='ocrx_word' id='word_1_69' title='bbox 1168 1941 1270 2025; x_wconf 83' lang='lat' dir='ltr'>egilis.</span> 
     </span>
     <span class='ocr_line' id='line_1_12' title="bbox 373 2050 1351 2143; baseline 0.003 -24"><span class='ocrx_word' id='word_1_70' title='bbox 373 2050 486 2141; x_wconf 87' lang='lat' dir='ltr'>Gapud</span> <span class='ocrx_word' id='word_1_71' title='bbox 509 2054 700 2123; x_wconf 89' lang='lat' dir='ltr'>candescens</span> <span class='ocrx_word' id='word_1_72' title='bbox 722 2055 861 2123; x_wconf 85' lang='lat' dir='ltr'>crinibus</span> <span class='ocrx_word' id='word_1_73' title='bbox 951 2056 1082 2141; x_wconf 86' lang='lat' dir='ltr'>cingunt</span> <span class='ocrx_word' id='word_1_74' title='bbox 1103 2057 1210 2143; x_wconf 89' lang='lat' dir='ltr'>capilli</span> <span class='ocrx_word' id='word_1_75' title='bbox 1231 2057 1351 2124; x_wconf 88' lang='lat' dir='ltr'>nitidis.</span> 
     </span>
     <span class='ocr_line' id='line_1_13' title="bbox 372 2166 1322 2259; baseline 0.003 -23"><span class='ocrx_word' id='word_1_76' title='bbox 372 2166 497 2237; x_wconf 89' lang='lat' dir='ltr'>Lucent</span> <span class='ocrx_word' id='word_1_77' title='bbox 519 2170 578 2237; x_wconf 89' lang='lat' dir='ltr'>sub</span> <span class='ocrx_word' id='word_1_78' title='bbox 599 2172 703 2239; x_wconf 88' lang='lat' dir='ltr'>fronte</span> <span class='ocrx_word' id='word_1_79' title='bbox 724 2172 855 2257; x_wconf 87' lang='lat' dir='ltr'>lumina,</span> <span class='ocrx_word' id='word_1_80' title='bbox 944 2171 1001 2239; x_wconf 88' lang='lat' dir='ltr'>lati</span> <span class='ocrx_word' id='word_1_81' title='bbox 1024 2191 1082 2238; x_wconf 92' lang='lat' dir='ltr'>ceu</span> <span class='ocrx_word' id='word_1_82' title='bbox 1103 2192 1161 2259; x_wconf 90' lang='lat' dir='ltr'>per</span> <span class='ocrx_word' id='word_1_83' title='bbox 1183 2172 1322 2239; x_wconf 86' lang='lat' dir='ltr'>culmina</span> 
     </span>
     <span class='ocr_line' id='line_1_14' title="bbox 373 2286 1250 2372; baseline 0.002 -19"><span class='ocrx_word' id='word_1_84' title='bbox 373 2286 451 2353; x_wconf 90' lang='lat' dir='ltr'>caeli</span> <span class='ocrx_word' id='word_1_85' title='bbox 475 2286 669 2355; x_wconf 89' lang='lat' dir='ltr'>candescunt</span> <span class='ocrx_word' id='word_1_86' title='bbox 690 2288 793 2355; x_wconf 87' lang='lat' dir='ltr'>calida</span> <span class='ocrx_word' id='word_1_87' title='bbox 880 2288 958 2355; x_wconf 86' lang='lat' dir='ltr'>clari</span> <span class='ocrx_word' id='word_1_88' title='bbox 979 2288 1113 2372; x_wconf 84' lang='lat' dir='ltr'>fulgoris</span> <span class='ocrx_word' id='word_1_89' title='bbox 1136 2288 1250 2357; x_wconf 80' lang='lat' dir='ltr'>sideru.</span> 
     </span>
     <span class='ocr_line' id='line_1_15' title="bbox 374 2401 1406 2489; baseline 0.002 -20"><span class='ocrx_word' id='word_1_90' title='bbox 374 2401 480 2469; x_wconf 86' lang='lat' dir='ltr'>Geuae</span> <span class='ocrx_word' id='word_1_91' title='bbox 503 2403 655 2486; x_wconf 88' lang='lat' dir='ltr'>gemellae</span> <span class='ocrx_word' id='word_1_92' title='bbox 678 2403 808 2471; x_wconf 85' lang='lat' dir='ltr'>collibus</span> <span class='ocrx_word' id='word_1_93' title='bbox 898 2404 1113 2489; x_wconf 87' lang='lat' dir='ltr'>glomerantur</span> <span class='ocrx_word' id='word_1_94' title='bbox 1128 2424 1208 2489; x_wconf 35' lang='lat' dir='ltr'>‚cum</span> <span class='ocrx_word' id='word_1_95' title='bbox 1228 2404 1406 2489; x_wconf 64' lang='lat' dir='ltr'>monitum,</span> 
     </span>
     <span class='ocr_line' id='line_1_16' title="bbox 373 2519 1251 2607; baseline 0.002 -22"><span class='ocrx_word' id='word_1_96' title='bbox 373 2519 603 2606; x_wconf 84' lang='lat' dir='ltr'>pedetemptim</span> <span class='ocrx_word' id='word_1_97' title='bbox 624 2540 784 2607; x_wconf 84' lang='lat' dir='ltr'>purpureo</span> <span class='ocrx_word' id='word_1_98' title='bbox 874 2520 977 2606; x_wconf 85' lang='lat' dir='ltr'>pictae</span> <span class='ocrx_word' id='word_1_99' title='bbox 999 2520 1070 2587; x_wconf 84' lang='lat' dir='ltr'>fuco</span> <span class='ocrx_word' id='word_1_100' title='bbox 1094 2525 1127 2587; x_wconf 90' lang='lat' dir='ltr'>et</span> <span class='ocrx_word' id='word_1_101' title='bbox 1148 2521 1251 2605; x_wconf 86' lang='lat' dir='ltr'>niveo,</span> 
     </span>
     <span class='ocr_line' id='line_1_17' title="bbox 372 2634 1188 2703; baseline 0.002 -2"><span class='ocrx_word' id='word_1_102' title='bbox 372 2655 445 2701; x_wconf 86' lang='lat' dir='ltr'>rosa</span> <span class='ocrx_word' id='word_1_103' title='bbox 467 2634 569 2703; x_wconf 84' lang='lat' dir='ltr'>veluti</span> <span class='ocrx_word' id='word_1_104' title='bbox 591 2635 711 2703; x_wconf 78' lang='lat' dir='ltr'>rutilis·</span> <span class='ocrx_word' id='word_1_105' title='bbox 800 2636 905 2703; x_wconf 88' lang='lat' dir='ltr'>radiat</span> <span class='ocrx_word' id='word_1_106' title='bbox 927 2634 1018 2703; x_wconf 88' lang='lat' dir='ltr'>valde</span> <span class='ocrx_word' id='word_1_107' title='bbox 1040 2635 1188 2703; x_wconf 85' lang='lat' dir='ltr'>flosculis.</span> 
     </span>
    </p>
   </div>
   <div class='ocr_carea' id='block_1_3' title="bbox 371 2751 1301 2954">
    <p class='ocr_par' dir='ltr' id='par_1_3' title="bbox 371 2751 1301 2954">
     <span class='ocr_line' id='line_1_18' title="bbox 371 2751 1301 2839; baseline -0.001 -20"><span class='ocrx_word' id='word_1_108' title='bbox 371 2752 475 2819; x_wconf 88' lang='lat' dir='ltr'>Aures</span> <span class='ocrx_word' id='word_1_109' title='bbox 500 2752 680 2819; x_wconf 81' lang='lat' dir='ltr'>auscultent</span> <span class='ocrx_word' id='word_1_110' title='bbox 701 2753 816 2819; x_wconf 85' lang='lat' dir='ltr'>omnia</span> <span class='ocrx_word' id='word_1_111' title='bbox 908 2751 1013 2819; x_wconf 90' lang='lat' dir='ltr'>Verba</span> <span class='ocrx_word' id='word_1_112' title='bbox 1035 2772 1075 2819; x_wconf 84' lang='lat' dir='ltr'>ex</span> <span class='ocrx_word' id='word_1_113' title='bbox 1097 2772 1152 2819; x_wconf 90' lang='lat' dir='ltr'>ore</span> <span class='ocrx_word' id='word_1_114' title='bbox 1173 2752 1301 2839; x_wconf 88' lang='lat' dir='ltr'>prodita</span> 
     </span>
     <span class='ocr_line' id='line_1_19' title="bbox 372 2856 1219 2954; baseline -0.002 -19"><span class='ocrx_word' id='word_1_115' title='bbox 372 2868 448 2935; x_wconf 86' lang='lat' dir='ltr'>almi</span> <span class='ocrx_word' id='word_1_116' title='bbox 471 2856 537 2935; x_wconf 86' lang='lat' dir='ltr'>oris</span> <span class='ocrx_word' id='word_1_117' title='bbox 559 2869 726 2935; x_wconf 88' lang='lat' dir='ltr'>innumera</span> <span class='ocrx_word' id='word_1_118' title='bbox 813 2872 974 2954; x_wconf 90' lang='lat' dir='ltr'>nequeunt</span> <span class='ocrx_word' id='word_1_119' title='bbox 995 2868 1056 2934; x_wconf 81' lang='lat' dir='ltr'>lari</span> <span class='ocrx_word' id='word_1_120' title='bbox 1078 2888 1219 2935; x_wconf 86' lang='lat' dir='ltr'>munera</span> 
     </span>
    </p>
   </div>
   <div class='ocr_carea' id='block_1_4' title="bbox 370 2982 1401 4351">
    <p class='ocr_par' dir='ltr' id='par_1_4' title="bbox 370 2982 1401 4003">
     <span class='ocr_line' id='line_1_20' title="bbox 370 2982 1357 3072; baseline -0.006 -18"><span class='ocrx_word' id='word_1_121' title='bbox 370 2986 473 3054; x_wconf 83' lang='lat' dir='ltr'>Adest</span> <span class='ocrx_word' id='word_1_122' title='bbox 497 2984 648 3052; x_wconf 85' lang='lat' dir='ltr'>verbosae</span> <span class='ocrx_word' id='word_1_123' title='bbox 669 2983 824 3072; x_wconf 77' lang='lat' dir='ltr'>bdgidpm</span> <span class='ocrx_word' id='word_1_124' title='bbox 914 2983 1043 3071; x_wconf 82' lang='lat' dir='ltr'>sophiae</span> <span class='ocrx_word' id='word_1_125' title='bbox 1065 2984 1173 3051; x_wconf 89' lang='lat' dir='ltr'>lumen</span> <span class='ocrx_word' id='word_1_126' title='bbox 1194 2982 1357 3049; x_wconf 79' lang='lat' dir='ltr'>lucidum‘.</span> 
     </span>
     <span class='ocr_line' id='line_1_21' title="bbox 370 3098 1395 3187; baseline -0.003 -18"><span class='ocrx_word' id='word_1_127' title='bbox 370 3101 503 3185; x_wconf 79' lang='lat' dir='ltr'>Manus,</span> <span class='ocrx_word' id='word_1_128' title='bbox 527 3121 640 3169; x_wconf 91' lang='lat' dir='ltr'>manus</span> <span class='ocrx_word' id='word_1_129' title='bbox 662 3100 838 3183; x_wconf 83' lang='lat' dir='ltr'>mirabiles3</span> <span class='ocrx_word' id='word_1_130' title='bbox 927 3099 1062 3166; x_wconf 91' lang='lat' dir='ltr'>multum</span> <span class='ocrx_word' id='word_1_131' title='bbox 1085 3100 1182 3187; x_wconf 90' lang='lat' dir='ltr'>pedes</span> <span class='ocrx_word' id='word_1_132' title='bbox 1204 3098 1395 3185; x_wconf 65' lang='lat' dir='ltr'>placibilesss,</span> 
     </span>
     <span class='ocr_line' id='line_1_22' title="bbox 370 3214 1308 3303; baseline -0.004 -16"><span class='ocrx_word' id='word_1_133' title='bbox 370 3220 468 3287; x_wconf 90' lang='lat' dir='ltr'>tibiae</span> <span class='ocrx_word' id='word_1_134' title='bbox 492 3238 588 3286; x_wconf 89' lang='lat' dir='ltr'>cursu</span> <span class='ocrx_word' id='word_1_135' title='bbox 610 3222 735 3301; x_wconf 89' lang='lat' dir='ltr'>teretes,</span> <span class='ocrx_word' id='word_1_136' title='bbox 824 3216 910 3283; x_wconf 76' lang='lat' dir='ltr'>tarnl</span> <span class='ocrx_word' id='word_1_137' title='bbox 933 3216 1046 3299; x_wconf 79' lang='lat' dir='ltr'>fortes,</span> <span class='ocrx_word' id='word_1_138' title='bbox 1069 3221 1107 3282; x_wconf 88' lang='lat' dir='ltr'>ut</span> <span class='ocrx_word' id='word_1_139' title='bbox 1128 3214 1308 3303; x_wconf 78' lang='lat' dir='ltr'>sonipedes·</span> 
     </span>
     <span class='ocr_line' id='line_1_23' title="bbox 371 3332 1285 3423; baseline -0.007 -20"><span class='ocrx_word' id='word_1_140' title='bbox 371 3356 447 3423; x_wconf 84' lang='lat' dir='ltr'>sepe</span> <span class='ocrx_word' id='word_1_141' title='bbox 469 3338 646 3420; x_wconf 87' lang='lat' dir='ltr'>sequuntur</span> <span class='ocrx_word' id='word_1_142' title='bbox 669 3334 812 3401; x_wconf 86' lang='lat' dir='ltr'>cursibus</span> <span class='ocrx_word' id='word_1_143' title='bbox 901 3332 1049 3400; x_wconf 79' lang='lat' dir='ltr'>salientes</span> <span class='ocrx_word' id='word_1_144' title='bbox 1073 3332 1285 3418; x_wconf 88' lang='lat' dir='ltr'>praepetibus.</span> 
     </span>
     <span class='ocr_line' id='line_1_24' title="bbox 371 3447 1401 3536; baseline -0.005 -19"><span class='ocrx_word' id='word_1_145' title='bbox 371 3451 467 3536; x_wconf 75' lang='lat' dir='ltr'>Iam¹‚</span> <span class='ocrx_word' id='word_1_146' title='bbox 492 3450 521 3517; x_wconf 89' lang='lat' dir='ltr'>si</span> <span class='ocrx_word' id='word_1_147' title='bbox 544 3451 683 3519; x_wconf 74' lang='lat' dir='ltr'>mnteuis</span> <span class='ocrx_word' id='word_1_148' title='bbox 706 3450 847 3518; x_wconf 87' lang='lat' dir='ltr'>clamitet</span> <span class='ocrx_word' id='word_1_149' title='bbox 935 3449 1068 3534; x_wconf 89' lang='lat' dir='ltr'>quisque</span> <span class='ocrx_word' id='word_1_150' title='bbox 1089 3447 1207 3531; x_wconf 86' lang='lat' dir='ltr'>linguis</span> <span class='ocrx_word' id='word_1_151' title='bbox 1231 3454 1263 3515; x_wconf 90' lang='lat' dir='ltr'>et</span> <span class='ocrx_word' id='word_1_152' title='bbox 1283 3447 1401 3515; x_wconf 83' lang='lat' dir='ltr'>vocitet</span> 
     </span>
     <span class='ocr_line' id='line_1_25' title="bbox 371 3563 1294 3650; baseline -0.004 -17"><span class='ocrx_word' id='word_1_153' title='bbox 371 3567 475 3635; x_wconf 78' lang='lat' dir='ltr'>terrea</span> <span class='ocrx_word' id='word_1_154' title='bbox 498 3586 575 3635; x_wconf 84' lang='lat' dir='ltr'>voce</span> <span class='ocrx_word' id='word_1_155' title='bbox 584 3563 602 3650; x_wconf 91' lang='lat'>¹,</span> <span class='ocrx_word' id='word_1_156' title='bbox 624 3566 789 3635; x_wconf 79' lang='lat' dir='ltr'>fremitans</span> <span class='ocrx_word' id='word_1_157' title='bbox 877 3565 969 3633; x_wconf 85' lang='lat' dir='ltr'>valde</span> <span class='ocrx_word' id='word_1_158' title='bbox 993 3570 1025 3631; x_wconf 86' lang='lat' dir='ltr'>et</span> <span class='ocrx_word' id='word_1_159' title='bbox 1046 3584 1101 3631; x_wconf 88' lang='lat' dir='ltr'>ore</span> <span class='ocrx_word' id='word_1_160' title='bbox 1123 3564 1294 3650; x_wconf 81' lang='lat' dir='ltr'>crepitans,</span> 
     </span>
     <span class='ocr_line' id='line_1_26' title="bbox 372 3678 1212 3770; baseline -0.005 -20"><span class='ocrx_word' id='word_1_161' title='bbox 372 3684 483 3770; x_wconf 88' lang='lat' dir='ltr'>nequit</span> <span class='ocrx_word' id='word_1_162' title='bbox 506 3702 583 3750; x_wconf 89' lang='lat' dir='ltr'>sane</span> <span class='ocrx_word' id='word_1_163' title='bbox 603 3683 639 3749; x_wconf 91' lang='lat' dir='ltr'>iu</span> <span class='ocrx_word' id='word_1_164' title='bbox 661 3682 786 3750; x_wconf 85' lang='lat' dir='ltr'>saeculo</span> <span class='ocrx_word' id='word_1_165' title='bbox 874 3680 958 3747; x_wconf 90' lang='lat' dir='ltr'>ullus</span> <span class='ocrx_word' id='word_1_166' title='bbox 978 3680 1052 3747; x_wconf 82' lang='lat' dir='ltr'>fari¹</span> <span class='ocrx_word' id='word_1_167' title='bbox 1075 3678 1212 3763; x_wconf 89' lang='lat' dir='ltr'>oraculo,</span> 
     </span>
     <span class='ocr_line' id='line_1_27' title="bbox 373 3797 1355 3887; baseline -0.008 -20"><span class='ocrx_word' id='word_1_168' title='bbox 373 3804 538 3887; x_wconf 86' lang='lat' dir='ltr'>quantum</span> <span class='ocrx_word' id='word_1_169' title='bbox 550 3799 668 3866; x_wconf 88' lang='lat' dir='ltr'>mundo</span> <span class='ocrx_word' id='word_1_170' title='bbox 690 3797 868 3865; x_wconf 86' lang='lat' dir='ltr'>mirabilem</span> <span class='ocrx_word' id='word_1_171' title='bbox 958 3843 1355 3863; x_wconf 92' lang='grc'><strong>........</strong></span> 
     </span>
     <span class='ocr_line' id='line_1_28' title="bbox 374 3910 1235 4003; baseline -0.009 -19"><span class='ocrx_word' id='word_1_172' title='bbox 374 3936 481 4003; x_wconf 86' lang='lat' dir='ltr'>usque·</span> <span class='ocrx_word' id='word_1_173' title='bbox 498 3914 598 3983; x_wconf 88' lang='lat' dir='ltr'>altum</span> <span class='ocrx_word' id='word_1_174' title='bbox 619 3915 782 3999; x_wconf 84' lang='lat' dir='ltr'>ingenium</span> <span class='ocrx_word' id='word_1_175' title='bbox 871 3912 1030 4000; x_wconf 85' lang='lat' dir='ltr'>explicare</span> <span class='ocrx_word' id='word_1_176' title='bbox 1052 3910 1235 3978; x_wconf 84' lang='lat' dir='ltr'>mortalium</span> 
     </span>
    </p>

    <p class='ocr_par' dir='ltr' id='par_1_5' title="bbox 373 4025 1373 4351">
     <span class='ocr_line' id='line_1_29' title="bbox 373 4025 1318 4116; baseline -0.008 -17"><span class='ocrx_word' id='word_1_177' title='bbox 373 4032 456 4099; x_wconf 84' lang='lat' dir='ltr'>ullus</span> <span class='ocrx_word' id='word_1_178' title='bbox 479 4031 575 4116; x_wconf 80' lang='lat' dir='ltr'>valet,</span> <span class='ocrx_word' id='word_1_179' title='bbox 598 4030 783 4099; x_wconf 89' lang='lat' dir='ltr'>sonantibus</span> <span class='ocrx_word' id='word_1_180' title='bbox 871 4030 946 4097; x_wconf 90' lang='lat' dir='ltr'>licet</span> <span class='ocrx_word' id='word_1_181' title='bbox 967 4028 1083 4096; x_wconf 90' lang='lat' dir='ltr'>clamet</span> <span class='ocrx_word' id='word_1_182' title='bbox 1105 4025 1318 4093; x_wconf 88' lang='lat' dir='ltr'>concentibus.</span> 
     </span>
     <span class='ocr_line' id='line_1_30' title="bbox 374 4139 1373 4228; baseline -0.008 -13"><span class='ocrx_word' id='word_1_183' title='bbox 374 4148 462 4227; x_wconf 83' lang='lat' dir='ltr'>Quod</span> <span class='ocrx_word' id='word_1_184' title='bbox 485 4148 603 4215; x_wconf 91' lang='lat' dir='ltr'>idcirco</span> <span class='ocrx_word' id='word_1_185' title='bbox 625 4167 689 4213; x_wconf 90' lang='lat' dir='ltr'>uon</span> <span class='ocrx_word' id='word_1_186' title='bbox 712 4145 806 4213; x_wconf 85' lang='lat' dir='ltr'>allero</span> <span class='ocrx_word' id='word_1_187' title='bbox 895 4145 1014 4211; x_wconf 66' lang='lat' dir='ltr'>laudor</span> <span class='ocrx_word' id='word_1_188' title='bbox 1037 4144 1148 4228; x_wconf 86' lang='lat' dir='ltr'>quavis</span> <span class='ocrx_word' id='word_1_189' title='bbox 1170 4160 1229 4208; x_wconf 88' lang='lat' dir='ltr'>nec</span> <span class='ocrx_word' id='word_1_190' title='bbox 1249 4139 1373 4225; x_wconf 84' lang='lat' dir='ltr'>reffero,</span> 
     </span>
     <span class='ocr_line' id='line_1_31' title="bbox 375 4256 1302 4351; baseline -0.01 -20"><span class='ocrx_word' id='word_1_191' title='bbox 375 4265 466 4349; x_wconf 81' lang='lat' dir='ltr'>quia¹¹</span> <span class='ocrx_word' id='word_1_192' title='bbox 488 4264 599 4331; x_wconf 92' lang='lat' dir='ltr'>mundi</span> <span class='ocrx_word' id='word_1_193' title='bbox 621 4284 679 4351; x_wconf 92' lang='lat' dir='ltr'>per</span> <span class='ocrx_word' id='word_1_194' title='bbox 702 4262 808 4329; x_wconf 91' lang='lat' dir='ltr'>omnia</span> <span class='ocrx_word' id='word_1_195' title='bbox 895 4260 1015 4327; x_wconf 89' lang='lat' dir='ltr'>cunctis</span> <span class='ocrx_word' id='word_1_196' title='bbox 1038 4258 1137 4325; x_wconf 89' lang='lat' dir='ltr'>claret</span> <span class='ocrx_word' id='word_1_197' title='bbox 1159 4256 1302 4325; x_wconf 87' lang='lat' dir='ltr'>confinia</span> 
     </span>
    </p>
   </div>
   <div class='ocr_carea' id='block_1_5' title="bbox 376 4414 1544 4643">
    <p class='ocr_par' dir='ltr' id='par_1_6' title="bbox 376 4414 1544 4643">
     <span class='ocr_line' id='line_1_32' title="bbox 445 4414 1544 4483; baseline -0.008 -11"><span class='ocrx_word' id='word_1_198' title='bbox 445 4440 466 4473; x_wconf 72' lang='grc' dir='ltr'><strong>ι</strong></span> <span class='ocrx_word' id='word_1_199' title='bbox 487 4423 634 4471; x_wconf 77' lang='lat' dir='ltr'>Aetbilrraldi</span> <span class='ocrx_word' id='word_1_200' title='bbox 651 4426 678 4471; x_wconf 92' lang='grc'>7.</span> <span class='ocrx_word' id='word_1_201' title='bbox 740 4424 763 4469; x_wconf 87' lang='lat' dir='ltr'>b.</span> <span class='ocrx_word' id='word_1_202' title='bbox 784 4422 880 4483; x_wconf 84' lang='lat' dir='ltr'>primum</span> <span class='ocrx_word' id='word_1_203' title='bbox 898 4422 926 4470; x_wconf 99' lang='grc'>7.</span> <span class='ocrx_word' id='word_1_204' title='bbox 989 4432 1009 4467; x_wconf 86' lang='lat' dir='ltr'>c.</span> <span class='ocrx_word' id='word_1_205' title='bbox 1029 4419 1096 4466; x_wconf 83' lang='lat' dir='ltr'>valde</span> <span class='ocrx_word' id='word_1_206' title='bbox 1116 4418 1206 4465; x_wconf 76' lang='lat' dir='ltr'>stabilis</span> <span class='ocrx_word' id='word_1_207' title='bbox 1224 4414 1544 4477; x_wconf 55' lang='lat' dir='ltr'>supermanantem&lt;</span> 
     </span>
     <span class='ocr_line' id='line_1_33' title="bbox 376 4496 1544 4559; baseline -0.007 -10"><span class='ocrx_word' id='word_1_208' title='bbox 376 4504 397 4549; x_wconf 86' lang='lat' dir='ltr'>d.</span> <span class='ocrx_word' id='word_1_209' title='bbox 416 4504 501 4553; x_wconf 80' lang='lat' dir='ltr'>ollibus</span> <span class='ocrx_word' id='word_1_210' title='bbox 518 4506 548 4553; x_wconf 79' lang='lat' dir='ltr'>V.</span> <span class='ocrx_word' id='word_1_211' title='bbox 609 4518 630 4550; x_wconf 87' lang='lat' dir='ltr'>e.</span> <span class='ocrx_word' id='word_1_212' title='bbox 649 4503 730 4551; x_wconf 74' lang='lat' dir='ltr'>rutulis</span> <span class='ocrx_word' id='word_1_213' title='bbox 748 4504 776 4551; x_wconf 81' lang='lat' dir='ltr'>V.</span> <span class='ocrx_word' id='word_1_214' title='bbox 837 4502 854 4549; x_wconf 82' lang='lat' dir='ltr'>i.</span> <span class='ocrx_word' id='word_1_215' title='bbox 873 4504 907 4549; x_wconf 82' lang='lat' dir='ltr'>sic</span> <span class='ocrx_word' id='word_1_216' title='bbox 921 4502 1013 4559; x_wconf 78' lang='lat' dir='ltr'>scripsit</span> <span class='ocrx_word' id='word_1_217' title='bbox 1029 4503 1063 4546; x_wconf 91' lang='lat' dir='ltr'>M.</span> <span class='ocrx_word' id='word_1_218' title='bbox 1071 4502 1151 4559; x_wconf 67' lang='lat' dir='ltr'>Haupt</span> <span class='ocrx_word' id='word_1_219' title='bbox 1162 4515 1220 4559; x_wconf 79' lang='lat' dir='ltr'>pro:</span> <span class='ocrx_word' id='word_1_220' title='bbox 1234 4498 1308 4543; x_wconf 79' lang='lat' dir='ltr'>Adest</span> <span class='ocrx_word' id='word_1_221' title='bbox 1322 4496 1419 4545; x_wconf 72' lang='lat' dir='ltr'>verbosa</span> <span class='ocrx_word' id='word_1_222' title='bbox 1432 4496 1544 4554; x_wconf 74' lang='lat' dir='ltr'>fulgidum</span> 
     </span>
     <span class='ocr_line' id='line_1_34' title="bbox 376 4574 1543 4643; baseline -0.007 -14"><span class='ocrx_word' id='word_1_223' title='bbox 376 4583 446 4643; x_wconf 79' lang='lat' dir='ltr'>sopbs</span> <span class='ocrx_word' id='word_1_224' title='bbox 468 4587 492 4631; x_wconf 86' lang='lat' dir='ltr'>et</span> <span class='ocrx_word' id='word_1_225' title='bbox 512 4597 579 4631; x_wconf 87' lang='lat' dir='ltr'>omne</span> <span class='ocrx_word' id='word_1_226' title='bbox 599 4583 699 4631; x_wconf 86' lang='lat' dir='ltr'>lucidum</span> <span class='ocrx_word' id='word_1_227' title='bbox 716 4585 743 4633; x_wconf 83' lang='lat' dir='ltr'>V.</span> <span class='ocrx_word' id='word_1_228' title='bbox 822 4594 844 4640; x_wconf 86' lang='lat' dir='ltr'>g.</span> <span class='ocrx_word' id='word_1_229' title='bbox 864 4580 988 4641; x_wconf 82' lang='lat' dir='ltr'>placabiles</span> <span class='ocrx_word' id='word_1_230' title='bbox 1006 4579 1033 4627; x_wconf 86' lang='lat' dir='ltr'>V.</span> <span class='ocrx_word' id='word_1_231' title='bbox 1111 4578 1134 4624; x_wconf 79' lang='lat' dir='ltr'>ln</span> <span class='ocrx_word' id='word_1_232' title='bbox 1155 4580 1244 4625; x_wconf 73' lang='lat' dir='ltr'>aarum</span> <span class='ocrx_word' id='word_1_233' title='bbox 1261 4578 1289 4625; x_wconf 93' lang='grc'>7.</span> <span class='ocrx_word' id='word_1_234' title='bbox 1366 4577 1383 4623; x_wconf 82' lang='grc' dir='ltr'>ἰ.</span> <span class='ocrx_word' id='word_1_235' title='bbox 1404 4576 1497 4635; x_wconf 85' lang='lat' dir='ltr'>sonipes</span> <span class='ocrx_word' id='word_1_236' title='bbox 1515 4574 1543 4622; x_wconf 85' lang='lat' dir='ltr'>V.</span> 
     </span>
    </p>
   </div>
   <div class='ocr_carea' id='block_1_6' title="bbox 375 4659 1125 4719">
    <p class='ocr_par' dir='ltr' id='par_1_7' title="bbox 375 4659 1125 4719">
     <span class='ocr_line' id='line_1_35' title="bbox 375 4659 1125 4719; baseline -0.005 -10"><span class='ocrx_word' id='word_1_237' title='bbox 375 4661 396 4709; x_wconf 83' lang='lat' dir='ltr'>k.</span> <span class='ocrx_word' id='word_1_238' title='bbox 416 4678 467 4711; x_wconf 79' lang='lat' dir='ltr'>uam</span> <span class='ocrx_word' id='word_1_239' title='bbox 487 4666 516 4712; x_wconf 92' lang='grc'>7.</span> <span class='ocrx_word' id='word_1_240' title='bbox 580 4663 596 4710; x_wconf 89' lang='lat' dir='ltr'>l.</span> <span class='ocrx_word' id='word_1_241' title='bbox 616 4663 663 4711; x_wconf 84' lang='lat' dir='ltr'>iare</span> <span class='ocrx_word' id='word_1_242' title='bbox 681 4666 708 4713; x_wconf 85' lang='grc'>7.</span> <span class='ocrx_word' id='word_1_243' title='bbox 771 4676 801 4709; x_wconf 86' lang='lat' dir='ltr'>m.</span> <span class='ocrx_word' id='word_1_244' title='bbox 821 4660 890 4708; x_wconf 79' lang='lat' dir='ltr'>laude</span> <span class='ocrx_word' id='word_1_245' title='bbox 907 4662 934 4708; x_wconf 83' lang='grc'>7.</span> <span class='ocrx_word' id='word_1_246' title='bbox 996 4673 1020 4705; x_wconf 92' lang='lat' dir='ltr'>n.</span> <span class='ocrx_word' id='word_1_247' title='bbox 1040 4660 1080 4719; x_wconf 89' lang='lat' dir='ltr'>qui</span> <span class='ocrx_word' id='word_1_248' title='bbox 1098 4659 1125 4706; x_wconf 89' lang='grc'>7.</span> 
     </span>
    </p>
   </div>
   <div class='ocr_carea' id='block_1_7' title="bbox 376 4754 1543 4927">
    <p class='ocr_par' dir='ltr' id='par_1_8' title="bbox 376 4754 1543 4927">
     <span class='ocr_line' id='line_1_36' title="bbox 443 4754 1543 4838; baseline -0.012 -14"><span class='ocrx_word' id='word_1_249' title='bbox 443 4770 469 4824; x_wconf 94' lang='grc'>1.</span> <span class='ocrx_word' id='word_1_250' title='bbox 495 4766 539 4824; x_wconf 82' lang='lat' dir='ltr'>Of.</span> <span class='ocrx_word' id='word_1_251' title='bbox 558 4766 654 4838; x_wconf 86' lang='lat' dir='ltr'>Virgil.</span> <span class='ocrx_word' id='word_1_252' title='bbox 680 4766 797 4825; x_wconf 85' lang='lat' dir='ltr'>Aeneid.</span> <span class='ocrx_word' id='word_1_253' title='bbox 810 4766 850 4823; x_wconf 88' lang='lat' dir='ltr'>VI</span> <span class='ocrx_word' id='word_1_254' title='bbox 862 4764 923 4833; x_wconf 80' lang='lat'>625,</span> <span class='ocrx_word' id='word_1_255' title='bbox 942 4762 1046 4820; x_wconf 88' lang='lat' dir='ltr'>Sedulii</span> <span class='ocrx_word' id='word_1_256' title='bbox 1062 4776 1173 4819; x_wconf 71' lang='lat' dir='ltr'>camon</span> <span class='ocrx_word' id='word_1_257' title='bbox 1189 4759 1320 4833; x_wconf 81' lang='lat' dir='ltr'>paschale</span> <span class='ocrx_word' id='word_1_258' title='bbox 1330 4758 1345 4815; x_wconf 94' lang='lat'><em>1</em></span> <span class='ocrx_word' id='word_1_259' title='bbox 1356 4759 1391 4813; x_wconf 83' lang='grc'>99</span> <span class='ocrx_word' id='word_1_260' title='bbox 1405 4756 1485 4827; x_wconf 83' lang='lat' dir='ltr'>(Opp.</span> <span class='ocrx_word' id='word_1_261' title='bbox 1497 4754 1543 4811; x_wconf 82' lang='lat' dir='ltr'>ed</span> 
     </span>
     <span class='ocr_line' id='line_1_37' title="bbox 376 4853 625 4927; baseline -0.016 -13"><span class='ocrx_word' id='word_1_262' title='bbox 376 4853 492 4913; x_wconf 59' lang='lat' dir='ltr'>hecelo</span> <span class='ocrx_word' id='word_1_263' title='bbox 509 4872 538 4927; x_wconf 92' lang='lat' dir='ltr'>p.</span> <span class='ocrx_word' id='word_1_264' title='bbox 553 4856 625 4925; x_wconf 85' lang='lat'>165).</span> 
     </span>
    </p>
   </div>
   <div class='ocr_carea' id='block_1_8' title="bbox 0 0 2178 6034">
    <p class='ocr_par' dir='ltr' id='par_1_9' title="bbox 0 0 2178 6034">
     <span class='ocr_line' id='line_1_38' title="bbox 0 0 2178 6034; baseline 0 0"><span class='ocrx_word' id='word_1_265' title='bbox 0 0 2178 6034; x_wconf 95' lang='lat' dir='ltr'> </span> 
     </span>
    </p>
   </div>
  </div>
 </body>
</html>
