4342 6034
507 754 588 803 vrrs
609 754 764 806 snsonm
786 754 1048 807 snonmrssoonr
1068 714 1267 805 uocusrnrr
1404 736 1468 803 607

309 898 501 979 gumentoaa·
529 895 628 983 epist
660 900 746 965 totus
773 914 944 983 suspensus
972 896 1006 966 io
1032 895 1188 980 Donatum
1221 896 1262 965 ad
1289 900 1470 967 mederum

309 1010 527 1097 sniptnarou
556 1012 801 1099 capessendam·
827 1012 1004 1082 doctrinam
1031 1012 1102 1098 ipos
1130 1012 1257 1081 sedulus
1285 1011 1468 1094 enodabat

308 1126 624 1218 meditansprophete
640 1128 842 1195 raticinantis
858 1128 1029 1211 oraculum,
1054 1128 1147 1212 qnod,
1172 1128 1226 1213 qui
1241 1128 1325 1199 docti
1339 1129 1468 1211 suanm,

269 1268 273 1276 ·
308 1241 462 1327 fulgebunt
489 1243 572 1314 sicut
598 1242 747 1330 splendor
773 1242 966 1314 firmamenti
974 1240 991 1327 ¹,
1022 1250 1056 1311 et
1083 1244 1159 1329 quic
1185 1244 1316 1313 scientie
1339 1249 1371 1311 et
1393 1265 1468 1331 pru-

308 1357 407 1424 dentia
427 1360 608 1432 custodiunt
628 1366 788 1430 rectorem
808 1360 944 1430 solutam
965 1365 998 1427 et
1016 1364 1185 1445 protegunt
1199 1360 1377 1443 gradientes
1393 1361 1470 1427 sim·

306 1470 449 1560 pliciter¹.
483 1474 575 1543 Unde
596 1494 669 1545 oum
692 1474 834 1544 diutined
848 1476 1003 1545 instantia
1024 1475 1083 1543 sub
1099 1474 1273 1560 theologice
1286 1476 1469 1563 discipline·

306 1589 401 1657 ferma
426 1590 556 1661 sudmet
582 1597 616 1659 et
636 1590 809 1661 secundom
830 1590 1007 1677 apostolum
1032 1590 1200 1661 adomino
1222 1591 1307 1676 Deo,
1337 1593 1391 1679 qui
1414 1592 1470 1661 det

307 1706 444 1775 omnibus
472 1706 637 1779 effluenter
665 1707 846 1791 scientium,
874 1708 942 1777 rias
978 1727 1053 1774 suas
1075 1707 1170 1791 dirigi
1192 1708 1225 1778 in
1248 1706 1318 1792 lege
1340 1707 1469 1777 Domini

305 1822 453 1892 metam
480 1818 691 1910 deportaret,
719 1821 935 1907 momifimvit
955 1822 1111 1894 Dominus
1138 1823 1242 1891 faeere
1270 1842 1342 1891 oum
1364 1819 1468 1910 ipso‘:

306 1943 339 2007 ut
357 1944 465 2010 saneto
487 1940 642 2025 scripture
665 1940 840 2022 seientiam,
863 1958 924 2024 que
945 1939 979 2005 in
1000 1940 1126 2025 incepto
1145 1939 1207 2007 sibi
1220 1939 1387 2027 dispositio
1401 1938 1470 2007 fue-

305 2059 365 2139 ro,
385 2060 550 2141 tamqnam
573 2054 771 2123 discretionis
793 2054 1014 2123 rationabilem
1037 2054 1179 2127 habitum
1202 2055 1356 2125 indueret

385 2170 414 2239 Ε
437 2171 542 2241 studio
562 2170 661 2254 igitur
682 2170 851 2242 devocatus
873 2170 915 2239 ad
936 2172 1076 2258 propria,
1100 2191 1171 2241 eum
1195 2172 1280 2240 omni
1303 2171 1470 2241 deuotione

306 2285 405 2353 diuino
427 2307 464 2356 se
484 2288 682 2374 manciparet
703 2286 862 2371 obsequio,
884 2291 918 2355 et
940 2286 1015 2357 dum
1037 2287 1179 2358 moribus
1201 2287 1333 2357 seientia
1355 2306 1393 2355 ao
1413 2287 1470 2357 leo·

305 2408 421 2471 nesmte
446 2423 544 2489 super
569 2422 678 2472 omnes
700 2408 867 2473 coetaneos
889 2423 963 2470 suos
985 2403 1178 2474 emularetur
1199 2402 1383 2487 religionem
1405 2403 1469 2473 uir·

305 2523 417 2604 totum,
445 2518 640 2605 senilemque
666 2518 737 2605 ipse
757 2519 880 2589 iuuenis
901 2524 1017 2587 etatem
1041 2520 1159 2587 virtute
1180 2518 1417 2587 transcenderet
1438 2524 1471 2585 et

306 2635 389 2719 quasi
414 2635 568 2703 eximium
595 2634 683 2702 sidus
709 2635 793 2703 inter
821 2641 942 2704 eeteros
963 2636 1081 2704 celebri
1104 2636 1341 2703 conversatione
1363 2633 1470 2721 splen-

306 2748 402 2835 deret,
430 2749 522 2819 affuit
547 2769 624 2818 mox
649 2749 720 2834 ille,
748 2751 837 2817 cuius
865 2750 986 2817 invidia
1013 2770 1099 2819 mors
1127 2751 1272 2819 introivit
1297 2751 1332 2819 in
1361 2750 1471 2821 orbem

306 2864 483 2936 tenarum‘.
516 2864 633 2950 Affuit,
662 2866 743 2933 vidit
771 2872 804 2933 et
830 2866 954 2933 inridit.
992 2866 1165 2951 Doluitque
1185 2867 1305 2937 fomsm
1327 2850 1470 2936 sanctem

307 2982 348 3049 et'
367 2983 548 3069 opinionem
570 2982 645 3049 boni
666 2982 737 3064 riri,
760 3001 822 3066 que
843 2982 937 3065 longe
958 2982 1085 3068 lateque
1107 2981 1286 3065 debueram
1310 2988 1344 3049 et
1360 3002 1470 3067 super·

306 3100 468 3168 seminarit
488 3098 645 3167 zmanism
665 3097 700 3164 in
722 3096 827 3165 medio
848 3094 976 3165 tritici⁸.
1009 3098 1250 3183 mensusque
1265 3102 1314 3165 eet
1327 3097 1362 3165 in
1376 3116 1470 3169 vono-

305 3213 429 3283 rabilem
458 3214 561 3281 vnum
589 3212 654 3281 tela
676 3212 797 3283 invidie
817 3214 1107 3301 persecutionisqne
1130 3214 1295 3283 molimina
1316 3232 1374 3299 per
1396 3232 1469 3281 suos

307 3330 451 3401 mtellites
473 3330 670 3415 intorquere,
693 3329 807 3397 vitium
829 3330 980 3399 virtutem
1001 3331 1085 3399 ferre
1108 3349 1171 3401 non
1194 3328 1369 3417 prevalens.
1406 3328 1470 3399 Sed

307 3444 361 3514 Dei
385 3450 571 3535 protegente
593 3445 774 3527 clementia,
802 3446 942 3517 hostium
964 3466 1080 3516 cuneos
1102 3450 1139 3515 ut
1159 3446 1310 3517 musonis
1334 3467 1353 3515 a
1375 3445 1470 3533 cupa

307 3562 348 3629 sic
368 3584 388 3629 a
407 3563 528 3630 lesione
555 3582 682 3651 semper
709 3563 941 3649 pertransiens,
969 3562 1170 3648 tyrannidem
1197 3563 1312 3645 ernsit3
1342 3582 1376 3629 se
1399 3562 1469 3647 ipso

307 3679 427 3749 cottidie
449 3678 562 3745 melior
584 3684 617 3745 et
638 3677 740 3743 maior
763 3683 795 3745 et
814 3677 882 3745 Deo
906 3683 940 3745 et
959 3677 1139 3749 hominibus
1163 3677 1385 3765 aoceptebilior
1406 3676 1470 3747 ola·

306 3793 425 3881 riorque
447 3795 597 3863 existens.
632 3794 706 3881 Ipso
727 3814 801 3860 vero
823 3800 930 3860 turma
951 3793 1075 3861 hostilis
1099 3815 1115 3861 s
1139 3800 1258 3878 contre,
1280 3814 1360 3859 nevo
1382 3792 1470 3860 tabe-

308 3928 390 3977 scens
411 3911 546 3997 invidie,
572 3911 608 3976 in
630 3920 719 3977 seee¹
738 3909 906 3976 fatiscebat
931 3909 1071 3994 assidue,
1099 3910 1218 3977 invidie
1244 3910 1374 3996 spiritus
1396 3908 1470 3976 tabe

308 4032 466 4097 cancerata
493 4034 587 4115 atque
616 4032 812 4113 consumpta
849 4024 906 4093 Sui
927 4046 1063 4113 namque
1086 4024 1182 4093 officii
1203 4024 1298 4093 tinem
1322 4024 1469 4095 sortitu*

373 4246 393 4279 ι
414 4234 599 4293 sumentem.
666 4232 689 4279 b.
709 4232 758 4279 oris
775 4234 797 4278 1.
860 4244 880 4277 c
900 4230 1102 4290 cspescendnusl.
1164 4229 1318 4282 ddivlness.
1380 4245 1401 4277 θ,
1422 4230 1470 4281 452.

309 4309 422 4369 delion.
499 4313 604 4359 incl.
682 4312 788 4370 psat.
866 4308 1043 4357 lusortitusl.

373 4418 398 4471 1.
422 4416 595 4487 Dnnlzd:
614 4416 689 4487 ,φὶ
703 4412 1081 4473 autemdoodfuerint“eet
1153 4413 1179 4467 2.
1202 4413 1364 4483 Procae:
1384 4414 1470 4483 „quia

308 4499 434 4561 Dominus
451 4505 501 4561 dat
517 4505 694 4577 sapientiam
712 4509 742 4559 et
759 4519 795 4560 ex
811 4504 931 4561 oraeirrs
942 4502 1089 4573 prudentia
1100 4500 1291 4574 etsoisstis“;
1309 4503 1335 4571 2,
1348 4503 1379 4556 7:
1400 4516 1468 4572 „cn-

309 4592 404 4649 stodiet
413 4599 550 4653 teutonum
560 4594 678 4652 mamm
688 4597 719 4649 et
727 4596 856 4663 proteget
866 4592 1023 4661 gradientes
1034 4588 1222 4661 simplieirer“.
1286 4592 1311 4647 d.
1330 4590 1388 4656 lna
1400 4592 1426 4659 1,
1437 4591 1469 4648 its

312 4682 352 4747 „ni
367 4684 472 4753 qnir-
484 4683 591 4753 indiget
606 4682 750 4751 mpiontio,
767 4681 889 4751 postulet
905 4697 924 4738 a
941 4680 1002 4751 deo,
1020 4680 1068 4749 oui
1085 4679 1134 4737 dat
1151 4678 1277 4737 omnibus
1294 4676 1470 4737 surmont

310 4768 334 4825 4.
353 4770 513 4843 Petaso:
533 4770 740 4844 „meminerit
755 4770 891 4830 Dominus
907 4767 1000 4827 neore
1016 4784 1079 4829 oum
1097 4767 1168 4829 θίν’.
1257 4768 1284 4823 t.
1302 4765 1367 4836 esp.
1379 4768 1406 4837 2,
1419 4768 1469 4825 242

312 4857 431 4927 „lundis
441 4868 534 4918 autern
545 4859 729 4917 diabolimors
736 4856 1000 4918 innutritlnorbem
1007 4862 1141 4917 terrorum
1149 4856 1175 4915 “.
1227 4858 1254 4913 6.
1265 4856 1363 4917 llsttlu
1375 4856 1469 4927 1336.
