4342 6034
574 779 601 827 s.
617 779 794 828 aestuarii
814 781 859 828 ar
881 781 983 828 anuas
1005 781 1192 829 urrsrouau
1221 781 1258 828 ra.
1275 781 1305 828 re
1482 763 1523 830 79

359 921 542 1008 imperatore
565 941 649 988 anno
670 922 823 1010 septimo,
845 925 920 1010 post
941 922 1158 990 consulatum·
1181 923 1249 990 aius
1273 943 1354 989 anno
1375 922 1522 1010 septimo,
1539 927 1609 1048 Dtaa

359 1036 410 1103 sed
431 1039 463 1102 et
483 1034 690 1104 Constantino
712 1036 846 1123 magno*
867 1039 1076 1125 imperatore·
1100 1040 1167 1106 eius
1193 1037 1258 1106 filio
1288 1058 1370 1105 anno
1399 1043 1522 1124 quarto,
1562 1003 1620 1048 π’]

358 1153 522 1220 indietione
544 1149 661 1220 sexta¹.

361 1363 416 1435 19.
441 1364 616 1454 &reperias
638 1367 682 1434 ΙΙ
699 1368 897 1455 pupeclare
920 1370 1029 1434 ordini
1050 1381 1079 1436 et
1096 1369 1186 1456 plebi
1207 1367 1425 1454 Booffoaam,
1456 1371 1524 1455 api·

438 1507 569 1572 scopam
590 1487 631 1550 ia
648 1485 858 1572 praesectam,
883 1479 1123 1552 commentust
1231 1483 1359 1568 (8124,
1383 1481 1451 1550 WG
1471 1482 1523 1566 10)

438 1614 611 1701 Gregorius
638 1618 804 1704 episeopus
832 1637 942 1684 seruus
970 1637 1133 1686 servorum
1156 1617 1217 1685 Dei
1246 1617 1329 1684 olera
1360 1617 1462 1683 ordini
1493 1621 1525 1684 at
1540 1617 1625 1737 Diffi

356 1730 435 1818 plebi
457 1733 670 1818 oonsistonti·,
693 1733 905 1800 dileetissimis
928 1732 1001 1799 filiis
1024 1733 1059 1798 in
1080 1733 1234 1818 Domino,
1258 1733 1403 1799 saluam.
1590 1723 1596 1736 '

437 1847 659 1916 Probabilibus
692 1849 856 1916 desideriis
884 1849 964 1915 nibil
992 1849 1157 1916 attulimus
1185 1849 1362 1932 tarditatis,
1391 1848 1522 1914 fratrem

355 1963 413 2028 iam
447 1968 479 2030 et
512 1965 735 2052 eoepisoopum
767 1971 912 2032 nostrum
943 1964 1152 2032 Bonifatium‘
1184 1966 1274 2033 vobis
1309 1963 1524 2031 ordinavimus

355 2079 554 2146 sacerdotem.
590 2080 650 2147 Cui
672 2080 815 2148 dedimus
835 2081 870 2147 in
884 2079 1057 2147 mandatis:
1080 2081 1128 2148 Ne
1143 2101 1293 2168 umquam
1309 2079 1524 2148 ordinationes

354 2201 532 2282 praesumat
553 2196 702 2264 inlicitas.
747 2197 796 2264 Na
822 2198 1000 2281 bigamum,
1032 2201 1088 2264 aut
1117 2199 1172 2282 qui
1200 2199 1355 2281 virginem
1383 2216 1447 2262 nou
1476 2199 1526 2262 est

355 2313 477 2379 sortitus
509 2333 655 2398 uxorem,
685 2333 789 2399 neque
814 2313 1043 2399 inlitteratum,
1072 2315 1124 2382 rel
1151 2316 1185 2382 in
1214 2312 1354 2400 qualibet
1383 2311 1524 2399 eorporis

354 2432 439 2512 parte
464 2429 631 2512 vitiatum,
661 2433 716 2495 aut
743 2449 784 2496 ex
806 2430 995 2516 penitenta⁸,
1018 2430 1069 2498 vel
1092 2431 1198 2498 euriae
1222 2435 1277 2497 aut
1298 2430 1427 2496 cuilibet
1450 2449 1525 2496 oon-

356 2541 464 2610 dioioni
486 2544 661 2613 obnoxium
683 2549 889 2631 notatumque
918 2546 959 2612 ad
989 2565 1095 2613 saeros
1124 2547 1251 2614 ordinas
1279 2547 1445 2634 permittat
1474 2565 1525 2612 ao-

356 2658 472 2743 cedera;
512 2659 585 2746 sed,
614 2659 642 2726 si
671 2680 749 2746 quos
779 2661 958 2728 huiusmodi
985 2663 1067 2729 torte
1095 2636 1289 2750 reppererit,
1318 2682 1381 2728 non
1411 2661 1527 2729 audeat

355 2793 547 2860 promouere.
580 2775 687 2862 Afros,
709 2777 830 2865 passim
853 2777 894 2844 ad
911 2777 1158 2845 aecclesiasticos
1174 2779 1300 2845 ordines
1315 2777 1526 2866 praetenden-

356 2891 426 2976 ter,
448 2891 541 2959 nulla
562 2893 685 2959 ratione
707 2893 875 2980 suseipiat;
899 2894 974 2979 quia
996 2894 1094 2981 aliqui
1118 2913 1226 2961 eorum
1249 2893 1405 2960 Maniolai
1428 2893 1526 2978 aliqui

356 3006 545 3096 rebaptizati
576 3009 703 3096 saepius
738 3014 814 3076 sunt
846 3010 981 3096 probati.
1034 3009 1213 3078 Ministeria
1243 3015 1337 3095 etqua
1367 3009 1526 3076 ornatum¹

357 3124 538 3209 aeeclesiae,
565 3125 617 3191 vel
646 3125 796 3211 quioquid
822 3125 903 3192 illud
925 3131 974 3193 est
995 3127 1028 3193 in
1056 3126 1249 3214 patrimonio
1278 3126 1434 3210 eiusdem,
1462 3145 1526 3192 non

356 3240 491 3308 minuere
522 3239 649 3308 studeat
676 3240 733 3307 sed
756 3261 880 3326 augere.
926 3243 976 3309 De
998 3243 1103 3310 reditu
1125 3263 1200 3310 vero
1225 3241 1374 3310 aeolesiae
1396 3241 1448 3309 val
1471 3241 1526 3310 ob-

279 3428 283 3442 ,
356 3351 466 3424 latione
493 3355 638 3424 fidelium
668 3363 817 3444 quattuor
843 3359 941 3426 faeiat
968 3360 1147 3446 portionas3
1178 3377 1311 3445 quarum
1339 3379 1436 3426 unam
1465 3357 1527 3426 sibi

356 3471 419 3559 ipsa
439 3473 609 3558 retineat¹,
633 3473 765 3540 alteram
788 3473 910 3541 oleriais
932 3495 991 3561 pro
1014 3473 1189 3541 offioiorum
1212 3495 1341 3542 suorum
1359 3475 1527 3542 sedulitate

356 3587 537 3674 distribuat,
565 3589 695 3657 tertiam
715 3589 909 3678 pauperibus
933 3596 965 3657 et
986 3591 1162 3678 pereginis,
1192 3595 1336 3677 quartam
1360 3591 1526 3658 escalada

356 3705 438 3773 atiois
457 3705 592 3773 iabriois
613 3706 738 3774 noverit
758 3707 1003 3792 reservandam,
1026 3707 1066 3773 de
1089 3706 1202 3793 quibus
1221 3707 1327 3774 divino
1347 3708 1409 3774 erit
1422 3707 1526 3774 reddi-

356 3825 440 3889 turus
467 3821 588 3889 iudieio
620 3823 786 3890 rationem.
839 3822 1061 3890 Ordinationes
1090 3843 1165 3890 vero
1193 3823 1441 3911 presbiterorum
1470 3843 1527 3890 sau

356 3935 559 4006 &sonorum
579 3958 645 4005 non
658 3938 746 4004 nisi¹¹
761 3940 866 4024 quarti
881 3939 1008 4027 septimi
1023 3944 1056 4008 at
1069 3939 1184 4006 daoimi
1198 3941 1373 4006 mansium¹²
1388 3939 1525 4025 ieiuniis,

424 4103 445 4137 ι
458 4093 530 4150 pater
545 4093 578 4147 dl,
593 4089 684 4150 imperil
699 4091 802 4137 inlitora
812 4094 838 4139 C.
862 4093 950 4150 Scripsi
958 4093 1013 4151 post
1023 4091 1174 4138 consulatum.
1201 4092 1228 4138 7.
1236 4107 1307 4150 supra
1313 4107 1338 4150 p.
1348 4092 1384 4138 1⁷.
1443 4091 1465 4138 b.
1481 4091 1527 4138 mai

358 4171 394 4224 Π,
408 4188 465 4217 sorr.
480 4173 505 4218 ι’·
522 4167 574 4230 ma}
590 4173 617 4219 C·
694 4184 714 4218 ο.
734 4169 783 4230 imp
799 4174 854 4220 MC.
932 4171 955 4218 (l.
975 4189 1004 4218 ιτ
1021 4171 1139 4228 nio-8,
1157 4172 1277 4220 ca-ao.
1301 4173 1354 4220 stae
1369 4173 1473 4218 wemno
1484 4175 1527 4230 Mt

357 4246 409 4295 Item
423 4251 529 4298 eiusdem
545 4249 648 4308 Gregorii
665 4253 691 4298 C.
777 4265 798 4296 a.
820 4268 865 4298 soa
884 4253 983 4312 requitur
1005 4252 1091 4298 laam
1106 4253 1129 4296 in
1146 4250 1214 4297 codd.
1300 4248 1316 4296 l.
1337 4249 1474 4297 Bonifatium
1491 4255 1526 4310 M,

357 4325 493 4376 Bouiiacium
508 4333 535 4378 C.
598 4343 620 4389 g.
635 4332 675 4377 sut
690 4330 872 4390 expoenitentem
887 4331 935 4376 Lib.
949 4331 1022 4376 diam.
1036 4329 1076 4376 l.l
1138 4329 1162 4376 h.
1177 4329 1327 4389 procedentes
1341 4331 1473 4377 aradam.
1486 4329 1527 4377 l.l.

359 4407 524 4456 tornamento
538 4411 590 4458 aa.
605 4411 680 4458 diors.
695 4410 711 4458 l
724 4410 740 4456 l.
816 4409 841 4457 k.
860 4412 1021 4467 ratonustu,
1040 4427 1098 4457 corr.
1114 4409 1251 4456 irretisset
1267 4411 1294 4456 ι’.
1372 4408 1388 4454 l.
1409 4423 1527 4456 rasamen-

360 4486 409 4536 dnm
421 4493 455 4545 11,
472 4507 531 4538 sorr.
546 4492 571 4538 is
585 4489 782 4538 mammiano.
842 4503 874 4538 m.
889 4491 935 4538 nisi
946 4491 1014 4550 primi
1028 4489 1103 4550 quarti
1116 4489 1207 4550 septimi
1220 4491 1244 4536 et
1256 4488 1338 4536 deeimi
1347 4487 1527 4536 &triturati

360 4578 381 4612 n.
399 4582 502 4617 πωπω
518 4573 553 4617 M.

425 4657 451 4710 1.
472 4671 547 4710 auno
564 4655 625 4710 722.
652 4656 687 4712 V.
706 4671 791 4726 supra
813 4673 840 4726 p.
854 4657 898 4710 21.
1005 4658 1032 4711 θ.
1055 4655 1150 4711 Omnia
1175 4655 1244 4710 haee
1266 4653 1395 4722 epistola,
1418 4657 1528 4721 praeter

361 4743 467 4800 uomina
483 4749 514 4799 et
530 4748 611 4798 notas
628 4745 768 4815 temporis,
786 4749 929 4813 assumpta
946 4749 990 4800 ast
1006 4759 1042 4800 ex
1057 4731 1141 4799 Libro
1156 4744 1253 4800 diurno
1266 4744 1449 4797 Rornanorum
1461 4757 1527 4811 pou·

361 4827 460 4887 tibenm
477 4832 522 4888 ad.
535 4832 684 4889 (imerius
701 4849 729 4904 p.
742 4835 786 4905 72,
803 4833 853 4890 ubi
869 4832 987 4890 formula
1004 4831 1073 4890 haee
1091 4833 1223 4902 inseripta
1240 4832 1280 4887 sio
1296 4834 1352 4887 est:
1374 4829 1528 4903 „synodale

362 4921 430 4988 quod
446 4922 548 4994 aaeipit
564 4922 736 4994 episeopus“.

785 4987 819 5046 :l
847 4995 992 5056 ῗιμῖϊῃῖ·
1039 5033 1056 5063 2,
1103 5035 1143 5059 Ι,ι
1191 4999 1195 5008 ⁴
1239 5005 1309 5059 al..
1386 5017 1540 5059 ⁵‚⁸P'·t.
1607 5008 1686 5056 *1·‚¹·
1735 5009 1798 5058 ,Ἰ”,

1066 5047 1193 5078 ωηο
1258 5047 1496 5084 al.‘⁸¹r‘¹'
1561 5050 1630 5094 *ιιι
1699 5045 1831 5086 θ’»,
