4342 6034
676 748 743 815 244
925 765 954 814 s.
971 767 1148 814 normann
1170 767 1215 814 nn
1236 767 1340 814 nuum
1361 766 1549 815 nnmronnu
1572 767 1602 814 eo

515 915 657 971 tte—⁷55
675 908 703 973 si
725 906 894 991 diligenter
915 927 980 972 non
1002 907 1217 990 dedignemini
1239 907 1418 975 litterarum
1440 907 1632 994 perscrutari
1653 907 1765 993 capita,
1785 907 1835 973 hoo

675 1027 725 1090 est
753 1023 917 1108 quaternis
946 1023 1090 1120 verubus
1118 1028 1240 1090 ceteros
1269 1024 1303 1088 in
1332 1023 1436 1091 medio
1465 1022 1586 1110 positos
1613 1021 1700 1090 velut
1728 1023 1836 1088 ambitu

674 1139 812 1223 quodem
834 1139 1023 1222 cingentee·.
1063 1137 1131 1204 Illib
1155 1145 1289 1223 autem⁸,
1314 1159 1392 1225 quoe
1416 1145 1470 1206 tuo
1492 1138 1620 1204 nomine
1636 1139 1760 1224 proprie
1773 1159 1836 1224 pre·

674 1254 818 1338 titulavi,
846 1274 904 1321 ceu
926 1253 1081 1340 spiritalis
1103 1256 1233 1339 matris,
1264 1255 1464 1341 aprinoipio
1487 1255 1643 1341 incipiunt
1663 1253 1837 1337 regulariter

676 1370 717 1436 ad
745 1369 842 1437 finem
873 1389 973 1454 usque
1006 1369 1218 1436 decurrentes.
1266 1370 1450 1458 Discipuloe
1478 1390 1552 1436 vero
1581 1389 1673 1436 meae
1700 1390 1721 1435 a
1746 1367 1837 1434 culco‘

674 1491 802 1551 tuorum
835 1486 1001 1569 inchoant,
1033 1505 1099 1551 nou
1132 1487 1335 1572 importune,
1372 1487 1448 1570 quia
1482 1485 1645 1572 discipula.
1665 1484 1838 1568 magistrun

675 1601 758 1667 sicut
781 1601 896 1667 ancilla
917 1601 1078 1667 dominam
1102 1621 1192 1667 suam
1216 1602 1305 1686 sequi
1328 1601 1456 1668 debeat:

739 1716 819 1783 Esto
846 1712 1058 1804 MBWS
1090 1735 1211 1783 memor
1233 1716 1362 1783 Domini
1385 1717 1548 1801 regnantis
1569 1716 1604 1782 in
1626 1715 1703 1797 edc;

674 1832 722 1898 its
743 1833 784 1899 de
805 1831 869 1900 line
890 1831 1054 1898 inchoant:

745 1943 1172 2038 nuntiatumque
1195 1967 1317 2014 memor
1339 1947 1469 2014 Domini
1491 1946 1650 2014 caelorum
1673 1947 1708 2012 in
1731 1965 1807 2027 arce.

765 2060 801 2127 Si
823 2059 900 2144 quid
922 2065 1028 2126 autem
1051 2059 1125 2126 huic
1146 2062 1235 2147 operi
1257 2062 1389 2128 minime
1412 2083 1586 2146 congruum
1615 2067 1794 2147 tortumque
1814 2065 1839 2126 et

674 2182 786 2246 contra
808 2174 951 2258 regulam
973 2176 1199 2258 grammaticae
1222 2179 1300 2244 artis
1323 2179 1479 2245 insertum
1501 2178 1690 2261 invenietis,
1713 2178 1772 2244 hoo
1791 2197 1839 2262 po

674 2293 734 2360 lire
760 2290 971 2373 runcinando,
1002 2295 1130 2376 sumpta
1157 2290 1234 2358 lime
1264 2313 1303 2359 ex
1327 2292 1453 2360 officina
1475 2294 1770 2377 grammaticorum,
1798 2313 1839 2357 re·

675 2407 896 2475 miniscemini.
942 2405 1024 2472 lllud
1053 2407 1150 2472 etiam
1174 2408 1310 2476 subnixa
1331 2429 1424 2496 prece
1447 2409 1583 2494 flagitw,
1614 2409 1661 2476 et'
1684 2430 1743 2496 por
1763 2407 1839 2474 illan

674 2521 958 2590 inmarcescibilem
987 2521 1140 2607 spiritalis
1170 2524 1328 2590 amicitiae
1357 2525 1639 2592 necessitudinem:
1669 2532 1707 2592 ut
1733 2525 1839 2592 nemini

673 2640 733 2706 hoe
756 2659 835 2724 opus
858 2637 1032 2703 ostendatis
1055 2638 1123 2704 siue
1146 2657 1216 2705 meo
1240 2658 1404 2723 consensu,
1428 2640 1478 2706 rel
1502 2641 1597 2706 huius
1622 2642 1729 2727 operis
1744 2659 1839 2727 perso

674 2775 751 2823 nam
771 2753 915 2841 prodatis
938 2753 1057 2837 absque
1079 2753 1208 2822 lieentia
1229 2775 1315 2836 mea3
1339 2773 1379 2822 ne
1401 2755 1476 2822 inde
1497 2755 1568 2822 dira
1589 2767 1701 2840 seges⁸
1716 2755 1839 2824 invidiae

675 2875 811 2955 crescat,
841 2869 925 2938 unde
952 2889 1046 2935 verae
1074 2869 1162 2954 pacis
1185 2869 1353 2936 concordio
1374 2870 1519 2956 pululare
1542 2872 1661 2938 debuit.
1711 2871 1772 2940 Sed
1793 2891 1840 2957 po

674 2990 738 3056 tius
761 2987 848 3074 pacti
869 2984 1007 3052 foederis
1030 2984 1324 3069 germanitatisque,
1348 2985 1513 3071 copulatae
1536 2987 1680 3054 vicissim
1697 2987 1839 3074 apudnos

674 3103 859 3172 firmissima
886 3100 1057 3186 sponsione
1092 3100 1293 3183 dextrarum,
1328 3119 1483 3168 memores
1518 3104 1702 3189 perenuiter
1737 3109 1839 3180 eetotq

674 3220 801 3304 meique
827 3216 945 3284 laboris
973 3214 1082 3281 sudori
1111 3215 1290 3301 purissimis
1313 3219 1493 3286 orationum
1514 3224 1695 3286 vestrarum
1718 3215 1840 3305 precati·

674 3335 734 3403 bus
755 3334 879 3416 farere,
902 3331 1089 3418 suppliciter
1111 3350 1223 3417 posco,
1247 3329 1450 3415 dignemini*

763 3462 783 3500 ὓ
798 3467 923 3526 Sequuntur
938 3467 962 3510 iu
977 3463 1029 3510 cod.
1045 3461 1091 3520 (V)
1108 3464 1179 3510 daec.-

738 3546 765 3601 1.
796 3538 1339 3618 metrohocangissitissignacohortem

796 3621 1340 3702 mopsoqoocuflqssqqqssqiunooqorqeur

738 3722 766 3780 2.
797 3735 858 3778 asc.
878 3718 959 3777 bero.
979 3735 1045 3776 ean.
1067 3717 1151 3777 donr.
1173 3717 1240 3778 ehu.
1262 3719 1323 3778 seli.
1344 3719 1405 3797 gip.
1426 3719 1525 3797 hugal.
1546 3721 1581 3781 is.
1600 3719 1663 3782 lror.
1680 3722 1758 3798 lagu.
1773 3733 1839 3777 man.

797 3819 922 3876 notos.
944 3819 1019 3890 pert.
1040 3815 1158 3890 quirun.
1179 3821 1235 3876 rat.
1258 3818 1355 3894 suigil.
1376 3821 1435 3878 tac.
1456 3835 1500 3878 ur.
1522 3818 1571 3878 ilc.
1592 3819 1652 3879 iau.
1674 3822 1752 3880 carl

888 3923 926 3972 rel
940 3936 1034 3981 remum

738 3987 767 4046 3.
798 3985 877 4045 RRR
935 4001 989 4043 rex
1007 4000 1196 4044 romanorum
1217 3986 1285 4045 ruit.

796 4081 872 4142 PPP
935 4084 1021 4156 pater
1040 4081 1156 4156 patriae
1176 4083 1326 4158 profectus
1347 4089 1401 4144 est.

797 4177 875 4239 FFF
935 4177 1013 4238 ferro
1038 4177 1148 4256 frigore
1170 4179 1257 4239 fame.

797 4277 888 4336 nnn
933 4276 1077 4336 monitum
1098 4281 1318 4338 monumentum
1340 4281 1472 4339 mortuus
1493 4283 1547 4339 eet.

798 4374 878 4434 VVV
936 4374 1034 4436 victor
1052 4374 1154 4434 vitalis
1174 4375 1283 4436 veniet.

798 4470 880 4532 AAA
935 4489 1041 4532 aurum
1060 4491 1080 4532 a
1100 4473 1187 4534 nobis
1207 4472 1312 4534 aufert

751 4641 772 4673 a.
793 4625 983 4683 accingentibus
1001 4628 1029 4674 V.
1091 4627 1114 4674 b.
1134 4625 1188 4674 illos
1207 4627 1233 4673 V.
1296 4639 1316 4673 c.
1335 4625 1397 4672 KV.
1460 4626 1482 4673 d
1504 4627 1579 4674 culoso
1595 4628 1623 4674 V.
1687 4619 1838 4682 s.flegittol'.

678 4707 694 4752 f.
716 4709 743 4752 ut
759 4707 787 4753 V.
864 4718 888 4764 g.
907 4719 974 4764 reges
992 4706 1020 4752 V.

752 4801 776 4854 1.
794 4799 872 4854 Haec
881 4804 947 4854 sunt
958 4815 1087 4856 cunarum
1100 4799 1219 4870 nomina,
1232 4799 1267 4854 de
1279 4799 1378 4869 quibus
1390 4797 1426 4856 cl.
1440 4801 1483 4858 W.
1498 4799 1602 4856 Grimm
1619 4799 1708 4856 Ueber
1719 4793 1837 4854 deutsche

679 4889 778 4943 Runen
794 4902 822 4956 p.
836 4889 896 4942 106.
