4342 6034
604 727 631 776 s.
646 729 824 776 normnrn
845 731 890 777 ur
911 731 1014 779 nuru
1030 731 1218 779 srrsroneu
1241 731 1278 778 ss.
1292 731 1322 777 er
1411 777 1415 786 x
1484 715 1548 781 103

371 874 467 952 cord,
493 885 523 936 et
539 872 687 958 palranti
707 867 894 959 apostatari
938 871 982 938 Et
1004 892 1075 957 vos,
1105 873 1279 959 karissimi,
1309 875 1405 941 facite
1426 873 1581 942 fruetuso.
1594 881 1717 936 737-139

370 981 515 1070 dignos',
544 986 636 1054 utin
658 987 709 1054 die
730 987 884 1055 adventus
907 988 1026 1056 domini
1049 989 1151 1056 nostri
1173 989 1244 1057 Iesu
1267 989 1387 1058 Christi
1409 991 1547 1059 sidereas

370 1103 562 1169 mereamini
585 1103 777 1191 adipiscere·
798 1104 988 1171 mansiones.
1033 1105 1119 1172 Beue
1142 1105 1254 1173 valete.

375 1315 437 1386 37.
465 1314 641 1404 Greqnste
669 1317 732 1384 III
759 1341 851 1406 popo
886 1320 1041 1406 epicopis
1069 1320 1246 1386 Boioorioe
1279 1333 1308 1386 et
1334 1320 1548 1388 Alamanniae

462 1436 606 1514 moodot,
630 1447 674 1515 ot,
698 1435 864 1520 Bonifatii
883 1437 1000 1500 ciconii
1013 1438 1066 1500 eoi
1074 1439 1254 1522 praeceptio
1269 1439 1330 1518 osi,
1355 1459 1456 1504 morea
1470 1461 1547 1525 pen·

462 1551 533 1616 cites
555 1551 695 1617 adiciam
717 1564 746 1616 et
767 1552 815 1616 bria
837 1555 873 1617 ia
895 1573 981 1617 oneo
1004 1552 1171 1618 concilium
1194 1551 1371 1620 celebranti.

1256 1666 1291 1749 (S
1309 1669 1383 1753 129,
1406 1665 1474 1736 WG
1490 1669 1547 1751 45)

462 1797 688 1866 Dilectissimis
715 1799 806 1866 nohis
835 1800 991 1887 episeopis
1019 1799 1054 1866 in
1082 1800 1248 1886 provincia
1269 1799 1488 1868 Baioariorum
1516 1809 1716 1870 eiciet-739

370 1914 568 1982 Alamannia
582 1915 771 2000 constitutis,
794 1911 946 2000 Wiggo⁰⁸
960 1912 1114 1982 Liudoni‘
1128 1913 1282 2003 Rydolto⁵
1298 1923 1331 1984 et
1345 1913 1547 2006 Phyphylo⁶⁶

372 2051 430 2098 ssu
451 2027 592 2117 Addae²,
616 2031 787 2116 Gregorius
810 2052 904 2119 papa.

462 2147 628 2215 catholica
649 2152 682 2215 et
703 2153 885 2215 sanctorum
907 2152 1035 2235 patrum
1057 2147 1145 2214 iubet
1168 2147 1354 2216 auctoritas:
1384 2154 1420 2216 ut
1442 2149 1491 2218 bis
1513 2150 1547 2216 in

373 2284 456 2331 anno
485 2284 544 2351 pro
574 2263 677 2331 salute
705 2264 814 2351 populi
843 2263 1008 2331 christiani
1036 2284 1093 2330 seu
1122 2263 1340 2332 exhortatione
1368 2265 1547 2352 adoptionis

373 2375 530 2447 filiorum⁸
552 2380 708 2448 sinodalia
736 2379 871 2447 debeant
897 2379 1049 2447 celebrari
1077 2385 1110 2447 et
1136 2400 1302 2447 cansarum
1326 2383 1548 2448 canonicarum

373 2497 567 2565 examinatio
582 2497 764 2584 provenire3
787 2501 833 2580 nt,
854 2496 948 2563 unius
963 2497 1129 2582 cuiusque·
1144 2495 1196 2564 ut‘
1210 2497 1381 2565 necessitas
1396 2517 1548 2586 poposce-

372 2615 429 2699 rit,
464 2615 522 2700 pia
555 2613 763 2680 edocatione⁸
791 2613 1049 2680 subveniantmh.
1091 2612 1182 2680 Unde
1212 2614 1384 2680 secundum
1412 2615 1548 2702 apostoli

372 2730 550 2798 dominam
573 2749 737 2796 ammoneo
761 2733 794 2796 et
814 2729 924 2796 hortor
938 2750 1005 2814 vos,
1029 2727 1201 2814 karissimi,
1225 2751 1282 2818 per
1297 2730 1546 2798 misericordiam

371 2847 448 2914 Dei:
472 2851 510 2912 ut
532 2845 625 2930 digne
648 2845 815 2912 ambuletis
837 2846 1003 2933 vocatione
1026 2867 1088 2931 qua
1108 2847 1211 2914 vocati
1227 2841 1331 2931 estis⁹,
1354 2852 1391 2914 ut
1405 2847 1547 2916 ministe-

372 2964 456 3029 rium
479 2967 621 3029 uestrum
644 2961 820 3049 perfectum
842 2963 885 3028 sit
906 2981 1013 3028 coram
1034 2961 1113 3029 Deo.

462 3078 662 3165 Oportunum
685 3098 821 3163 namque
843 3082 902 3162 est,
925 3098 982 3144 vos
1004 3097 1097 3145 nosse
1119 3079 1251 3146 fratrem
1274 3097 1312 3146 eo
1326 3079 1547 3167 coepiscopum

371 3201 519 3263 nostrum
546 3201 725 3282 presentem
747 3193 956 3279 Bonifatium,
985 3200 1127 3262 nostem
1157 3199 1301 3280 agentem
1328 3195 1447 3281 vicem,
1475 3215 1547 3263 eum

372 3313 468 3396 digno
493 3317 527 3378 et
548 3311 654 3378 debito
677 3311 795 3377 honore
816 3331 875 3397 pro
891 3310 1010 3378 Christi
1031 3313 1159 3379 nomine
1183 3313 1351 3399 suscipere.
1387 3311 1430 3378 Et
1451 3311 1547 3379 mini·

370 3429 505 3495 sterium
529 3427 795 3496 aecclesiasticum
817 3446 890 3493 cum
911 3427 973 3494 fide
996 3428 1151 3496 catholica
1178 3429 1350 3496 seeundum
1371 3448 1492 3496 morem
1515 3433 1548 3496 et

369 3565 520 3612 normam
550 3550 678 3611 sanctae
705 3543 877 3611 catholicae
904 3549 937 3610 et
964 3545 1156 3631 apostolicas
1178 3545 1239 3612 Dei
1268 3544 1453 3629 aecclesiae,
1484 3565 1547 3630 qua

369 3659 591 3727 misericordia
611 3659 673 3727 Dei
695 3661 898 3747 preveniente
926 3681 1054 3747 preesse
1084 3661 1237 3745 videmur,
1266 3661 1348 3728 sicut
1374 3660 1547 3747 apostolica

370 3776 561 3843 auctoritate
584 3797 604 3842 a
624 3775 716 3843 nobis
739 3777 908 3843 distinatus
932 3783 994 3862 est,
1025 3778 1064 3845 ab
1089 3798 1125 3845 eo
1149 3777 1356 3864 suscipientes
1379 3776 1546 3861 dignanter

370 3893 519 3960 teneatis.
564 3891 608 3958 Et
642 3889 828 3977 gentilitatis
856 3893 969 3977 ritum,
1005 3897 1037 3959 at
1070 3893 1246 3960 doctrinam
1273 3892 1324 3960 vel
1351 3892 1545 3958 venientium

370 4007 554 4076 Brittonum
576 4008 628 4075 vel
648 4008 802 4093 falsorum
818 4009 1018 4076 sacerdotum
1032 4009 1252 4094 hereticorum,
1276 4009 1342 4076 sive
1363 4007 1544 4094 adulterns',

444 4236 467 4268 a.
488 4239 547 4268 corr.
561 4225 586 4268 r'u
606 4221 704 4282 adipisci
725 4225 752 4270 C.
844 4222 866 4269 b.
887 4241 917 4269 ex
934 4223 1125 4277 tileo-1412,
1147 4223 1278 4270 cti-eo.
1306 4223 1359 4272 Sim
1381 4223 1484 4268 lemmate
1504 4226 1544 4279 Mf

372 4301 429 4348 Item
445 4301 552 4359 Gregorii
566 4302 630 4348 tertii
647 4305 673 4350 C.
751 4315 771 4348 a
787 4301 860 4360 viggo
877 4306 904 4359 C,
919 4303 1001 4361 Wiggo
1017 4319 1074 4349 corr.
1090 4306 1113 4348 in
1124 4302 1229 4361 Wiggoni
1245 4306 1279 4348 M.
1357 4301 1379 4348 d.
1395 4301 1507 4362 Phiphyio
1519 4305 1544 4350 C.

373 4394 394 4426 a
408 4399 467 4428 corr.
483 4385 506 4427 ὶι
522 4381 644 4440 unicuique
661 4385 687 4430 c.
748 4382 765 4429 f.
782 4400 840 4428 corr.
850 4386 873 4428 in
888 4385 958 4442 prout
974 4386 1000 4430 C.
1063 4395 1084 4441 g.
1101 4399 1158 4430 corr.
1170 4385 1192 4428 tn
1209 4381 1342 4429 educatione
1359 4383 1386 4430 C.
1447 4381 1471 4429 h.
1487 4399 1545 4429 corr.

374 4463 395 4506 ἰι
410 4460 561 4508 subveniatur
577 4462 603 4508 C.
680 4461 697 4508 i.
717 4461 834 4509 adultoras
851 4466 886 4509 M.

443 4567 469 4620 1.
493 4565 562 4620 Luc.
576 4565 657 4635 11‚9.
671 4565 714 4620 10.
807 4567 834 4622 2.
857 4565 953 4622 Matth.
966 4567 992 4636 3,
1004 4567 1031 4622 8.
1124 4567 1150 4622 3.
1173 4565 1344 4634 Angustensi
1363 4565 1438 4632 (sive
1455 4565 1544 4621 Ratis·

373 4651 506 4721 barensi).
578 4654 606 4708 4.
629 4651 759 4723 Spirensi.
831 4656 857 4710 5.
881 4655 1094 4711 Constantiensi.
1165 4656 1191 4710 6.
1209 4653 1374 4710 Pataviensi.
1447 4655 1472 4708 7.
1493 4653 1544 4708 Ar·

374 4743 537 4811 guatinensi
626 4743 653 4797 8.
675 4744 792 4813 Rom.8‚
806 4745 854 4799 15:
880 4745 1047 4814 ,accepistis
1070 4734 1195 4813 spirltum
1219 4742 1374 4812 adoptionis
1395 4739 1543 4798 fihorum“.

374 4831 399 4886 9.
420 4832 563 4902 Ephesi,
576 4833 602 4886 1.
