4342 6034
759 775 838 822 vrrs
861 775 1056 822 ennusssrr
1078 776 1105 822 11
1450 760 1513 826 591

455 914 494 982 ob
515 913 620 1000 legem
641 915 806 984 metricam
828 934 942 982 nomeu
966 915 1051 1001 quod
1072 916 1214 986 carmine
1235 917 1350 1002 dicam,

455 1051 530 1098 nam
554 1031 582 1098 si
605 1031 725 1102 dicetur
735 1027 752 1114 ¹,
775 1030 828 1098 lex
850 1033 982 1100 metrica
1004 1031 1072 1098 lesa
1092 1033 1229 1115 feretur3

386 1165 431 1212 reo
453 1147 513 1214 hoc
536 1167 593 1231 ego
616 1146 765 1234 prudenti
788 1145 908 1214 diffinio
932 1147 1012 1216 scire
1035 1147 1169 1216 volenti:

455 1263 514 1330 hoc
536 1283 634 1348 genus
658 1268 724 1347 est,
746 1283 981 1350 quaeque-cum
1006 1265 1076 1349 quis
1099 1264 1253 1332 deliberat
1276 1284 1371 1350 eque3

454 1380 550 1466 idque
571 1383 732 1446 senatores
756 1385 879 1466 spectet
900 1401 998 1464 genus
1021 1387 1054 1448 et
1076 1381 1232 1463 seniores3

454 1515 591 1581 namque
614 1500 795 1562 senatorum
818 1495 872 1562 lex
895 1503 943 1564 est
966 1501 997 1562 et
1018 1497 1226 1583 patriciorum

456 1611 549 1692 ordo,
574 1611 658 1696 quod
679 1611 805 1678 illorum
829 1612 908 1680 bene
931 1613 1073 1680 conscius
1097 1610 1283 1696 officiorum,

386 1746 432 1794 res
455 1726 586 1794 consilio
609 1747 752 1813 quaeque
773 1733 863 1812 gerat
886 1733 918 1794 et
940 1728 1093 1796 deliberet
1114 1749 1205 1814 eque,

454 1843 538 1910 unde
560 1844 735 1912 minoretur
757 1864 809 1912 res
830 1844 958 1931 publica
978 1843 1029 1911 vel
1052 1850 1227 1930 reparetur.

498 1959 630 2026 Artibus
652 1959 702 2026 his
725 1960 874 2044 geminis,
896 1961 929 2026 in
954 1961 1098 2047 pertibus
1120 1980 1177 2028 eus
1198 1961 1385 2047 peregrinis,

454 2075 546 2142 floret
567 2075 782 2158 Atdelbertus)
805 2077 896 2161 qussi
917 2075 975 2144 llos
998 2077 1031 2144 in
1055 2097 1128 2144 rere
1150 2083 1306 2162 repertae

456 2191 566 2259 Preter
589 2213 667 2278 ques
691 2198 775 2260 artes
799 2193 904 2262 studet
926 2199 994 2262 octe
1018 2193 1180 2262 revolvere
1201 2198 1319 2280 partes,

386 2327 434 2375 rso
456 2306 712 2393 grammaticam
735 2285 870 2394 quereris
893 2313 924 2376 et
946 2310 976 2376 ei
997 2309 1167 2394 vigilanter
1187 2305 1345 2378 inherens.

500 2425 558 2492 His
581 2425 615 2490 in
638 2425 794 2492 discendis
816 2425 918 2494 tribus
941 2425 1061 2494 artibus
1085 2431 1118 2492 et
1138 2425 1313 2494 retinendis

456 2561 580 2607 sumere
602 2541 762 2610 lautorum
785 2562 848 2608 nen
871 2542 940 2610 vult
962 2542 1113 2610 alimenta
1134 2541 1287 2625 ciborum

457 2657 583 2744 potibus
606 2663 638 2726 et
660 2677 807 2744 parcens,
832 2677 1039 2742 somnumque
1059 2659 1256 2742 frequentius
1279 2677 1405 2740 areens3

457 2779 558 2840 strata
579 2775 697 2861 premit
719 2795 791 2840 roro
816 2809 855 2820 -—
880 2774 984 2860 posito
1008 2773 1163 2842 velamine
1186 2773 1272 2842 claro

386 2909 433 2956 ree
457 2911 552 2958 causa
574 2895 741 2978 provectus
764 2927 807 2936 —
830 2889 954 2977 plebeio
977 2889 1117 2973 tegmine
1138 2895 1251 2956 teotna

458 3005 560 3092 thue
583 3007 686 3074 solent
707 3006 850 3074 homines
874 3006 913 3074 ed
935 3011 1039 3074 metue
1060 3005 1190 3073 tendere
1212 3004 1302 3089 fines,

458 3129 494 3189 ut
515 3143 608 3192 eursu
630 3123 725 3192 celeri
746 3123 871 3210 possint
891 3124 925 3190 in
948 3141 1048 3207 agone
1071 3122 1186 3190 mereri

457 3259 528 3306 cum
550 3240 660 3308 brevio
683 3239 782 3322 dono,
806 3243 902 3325 eaput
924 3238 1134 3326 amplectente
1155 3257 1287 3322 eoruna;

456 3361 567 3442 utque,
591 3377 700 3424 carens
724 3361 826 3440 veste,
850 3359 1010 3422 certamen
1032 3354 1114 3420 inire
1136 3353 1295 3440 palestrae

387 3471 561 3540 replendis
585 3473 624 3540 cb
648 3479 777 3540 eventus
801 3471 869 3540 oleo
892 3472 973 3540 solet
993 3475 1091 3538 meta
1111 3470 1270 3554 inventus,

457 3589 614 3676 accipiens
637 3589 761 3656 laurum
786 3589 955 3672 dignumve
976 3586 1137 3654 laboribus
1160 3606 1287 3655 surum:

457 3705 503 3772 sic
525 3705 735 3792 perlectorum
759 3705 875 3772 sudeus
898 3705 932 3770 in
952 3723 1054 3788 sgorm
1076 3703 1232 3788 laborum,

458 3821 551 3890 etatis
573 3827 701 3890 tenerae
723 3822 809 3908 cepit
829 3821 952 3888 fervore
974 3819 1079 3888 valere

457 3943 565 4005 noster
586 3937 817 4022 Atdelbertus)‚
839 3938 995 4004 rationem
1016 3935 1148 4004 reddere
1170 3939 1274 4002 certus

387 4071 435 4120 ves
459 4053 498 4120 de
519 4073 571 4138 re,
595 4073 690 4140 quam
712 4055 831 4122 didicit
866 4052 930 4120 Sus
952 4073 1027 4120 nam
1051 4051 1183 4136 collema
1203 4051 1281 4118 vicit

457 4176 524 4238 mm
545 4171 667 4239 meritis
690 4191 812 4238 morum
836 4189 930 4255 quam
953 4173 1126 4257 proventu·
1147 4167 1335 4235 studiorum.

502 4286 584 4368 Quid
606 4289 742 4356 referam
765 4307 854 4370 vero,
878 4293 1012 4373 quantas
1034 4285 1069 4352 in
1091 4303 1231 4371 paupere
1253 4283 1337 4350 clero

457 4403 568 4472 feeerit
590 4423 759 4492 expensas,
781 4403 910 4490 replens
931 4423 988 4490 per
1009 4400 1130 4470 fercula
1151 4418 1278 4468 mensas

419 4553 440 4585 ι.
460 4541 494 4586 ric
509 4549 543 4586 aar
558 4541 671 4600 provectu
683 4547 803 4586 carmon
819 4540 843 4585 ἐι
859 4537 911 4584 cod.

419 4617 444 4672 1.
468 4615 678 4672 derrbsrstrvum.
767 4617 793 4670 2.
819 4613 860 4671 Cf.
878 4614 1004 4670 Martisni
1016 4612 1144 4684 Capellae
1155 4609 1305 4667 Satirarum
1322 4609 1354 4664 L.
1367 4607 1408 4664 111
1425 4608 1515 4678 3326,

345 4705 389 4761 ed
409 4705 491 4776 Kopp
508 4723 536 4776 p.
549 4707 615 4761 323:
637 4705 734 4777 „Haec
751 4720 814 4760 eum
831 4703 1010 4774 grammatice
1029 4732 1062 4744 —
1081 4701 1203 4772 dixisset,
1222 4729 1256 4740 -
1274 4699 1398 4756 Minerva
1413 4695 1516 4754 tslrbus

345 4795 507 4850 intervenit:
527 4795 602 4866 „Ni
618 4793 705 4866 fallor,
723 4799 786 4850 octo
803 4795 897 4864 partes
909 4792 1039 4848 orationis
1050 4791 1128 4848 velut
1138 4787 1303 4846 mcunabuls
1313 4786 1464 4858 repetitura
1474 4785 1514 4842 in·
1581 4861 1585 4869 Ι

345 4883 443 4940 timere
461 4883 631 4954 disponis““.
