4342 6034
547 790 752 838 wmnmsnnr
765 789 854 838 ’vura
877 792 904 839 s.
920 790 1097 839 normann
1119 792 1193 839 oar.
1211 792 1233 839 1.
1249 791 1285 838 11.
1435 757 1502 840 433

346 938 378 999 nt
395 952 453 999 nno
476 932 646 1017 eodemque
668 932 820 1019 temporis
843 950 989 999 suoeessu
1010 936 1043 1000 et
1063 932 1180 999 festina
1200 937 1325 1020 patrem
1348 932 1501 1016 egritudo,

346 1047 495 1113 subitaneo
528 1048 594 1114 iam
623 1048 796 1115 inminente
825 1048 938 1114 mortis
965 1047 1116 1131 artioulo,
1150 1048 1360 1135 subrepserit·
1391 1053 1423 1114 et
1448 1048 1504 1135 pia

345 1164 513 1248 quantotius
537 1162 627 1250 pueri
649 1183 764 1248 magno
787 1164 938 1251 temporis
960 1162 1128 1230 intervallo
1150 1165 1336 1251 praepedita
1357 1164 1503 1230 voluntas

344 1279 549 1347 suooreveritl.
583 1279 780 1365 Dominoque
803 1278 889 1347 Deo·
913 1279 1098 1364 adiuvante,
1127 1280 1350 1348 euooresaendo
1372 1278 1505 1366 impleta

343 1400 385 1463 est
405 1414 440 1461 ao
460 1396 610 1482 perlaeta.

421 1510 592 1597 Postquam
621 1510 705 1578 enim
733 1511 813 1577 miro
841 1509 1085 1597 dispensationis
1115 1510 1175 1577 Dei
1201 1511 1318 1578 iudicio
1345 1511 1505 1578 earnalom

342 1626 462 1710 ingens*
491 1628 593 1693 saneti
620 1626 682 1693 riri
714 1631 836 1713 patrem
867 1628 1045 1713 arripuerat
1070 1627 1220 1711 languor,
1257 1627 1401 1714 deposita
1429 1648 1503 1693 mox

342 1743 467 1829 pristina
488 1742 604 1808 mentis
626 1743 811 1829 pertinenia,
835 1762 978 1830 puerum,
1003 1744 1251 1829 propinquorum
1264 1743 1351 1810 taeta
1367 1762 1504 1808 eonven-

340 1858 431 1944 tione,
463 1858 504 1924 ad
530 1859 772 1943 monasterinm,
808 1858 892 1945 quod
919 1860 1096 1945 priscorum
1124 1863 1326 1945 nuncupatur
1352 1858 1504 1925 vocabulo

340 1970 604 2057 ldeseanomtre²,
628 1978 829 2061 spontaneus,
854 1972 1023 2041 aDomino
1043 1974 1169 2059 quidem
1191 1980 1364 2061 correptus,
1388 1974 1505 2040 direxit

341 2094 368 2155 et
386 2088 470 2157 fideli
493 2090 561 2157 viro
576 2088 786 2174 Wolfbardo⁰,
811 2090 865 2174 qui
888 2096 920 2156 ot
942 2090 1038 2157 abbas
1061 2090 1147 2156 illius
1170 2090 1293 2157 exstitit
1308 2090 1504 2172 monasterii,

339 2226 391 2292 per
409 2205 519 2273 fideles
542 2226 617 2272 suaa
631 2206 798 2289 legationis
814 2206 940 2272 nuntios
956 2206 1113 2273 redditum
1130 2206 1371 2273 commendavit.
1395 2204 1505 2289 Quem,

339 2322 505 2409 puerilibus
529 2322 630 2388 adhue
651 2322 684 2387 in
708 2322 798 2388 annis
818 2321 1031 2407 eonstitutus',
1056 2324 1226 2409 sapienter,
1250 2323 1335 2389 auia⁸
1352 2322 1506 2388 adstanti·

340 2437 390 2504 bns
412 2437 534 2521 amieis,
558 2438 721 2505 adlocutus
744 2442 807 2520 est;
832 2442 863 2504 et
886 2438 969 2523 quod
991 2438 1091 2504 multo
1112 2438 1259 2505 videlieet
1280 2443 1423 2524 tompore
1437 2456 1505 2503 mo·

339 2554 495 2621 materiali
518 2574 552 2620 se
573 2552 719 2637 regulae*¹
742 2554 884 2621 aubioero
907 2554 1133 2637 desiderasset,
1160 2554 1359 2621 rationabile*
1381 2554 1506 2641 prolata

338 2670 495 2755 petitione,
519 2670 601 2736 siout
624 2688 643 2735 a
664 2670 848 2756 parentibus
866 2671 988 2757 pridem
1008 2670 1136 2736 ednotus
1152 2675 1230 2753 erat,
1253 2670 1414 2736 indicavit.
1447 2670 1506 2736 Cui

338 2787 477 2871 protinus
511 2792 601 2873 pater
629 2786 878 2852 monasterii-
902 2786 982 2851 inite
1010 2786 1146 2851 fratrum
1174 2784 1304 2851 oonsilio
1337 2790 1505 2853 eteorum

339 2908 472 2989 arrepta,
497 2901 578 2968 siant
600 2901 754 2985 regularis
771 2902 854 2967 vitae
870 2901 946 2967 ordo
961 2901 1116 2987 poposcit,
1139 2900 1357 2967 benedictione
1373 2937 1415 2947 —
1432 2922 1506 2968 oon-

338 3036 460 3083 sensum
483 3018 630 3105 praebuit
652 3022 684 3083 et
706 3015 859 3083 effaetum.
896 3014 1010 3101 Sisque
1032 3016 1082 3082 vir
1104 3015 1181 3099 Dei,
1209 3016 1355 3083 carnale*
1377 3017 1506 3084 orbatus

338 3140 434 3219 patre,
458 3134 641 3220 adoptivum
664 3137 791 3198 nostrae
814 3131 1040 3218 redemptionis
1064 3138 1191 3198 secutus
1215 3138 1264 3199 est
1280 3138 1419 3219 patrem3
1441 3139 1507 3199 ter·

339 3251 480 3335 ranisque
503 3249 619 3317 saeonli
640 3248 825 3315 renuntians
848 3248 955 3332 lucris,
978 3248 1218 3315 mercimonium
1241 3248 1388 3335 deinoeps
1406 3254 1507 3315 aeter·

339 3384 393 3431 nae
421 3364 603 3432 hereditatis
633 3364 799 3450 adquirere
821 3364 999 3449 satagebat;
1028 3368 1065 3431 ut
1086 3364 1177 3430 iuxta
1197 3364 1368 3431 veridicam
1391 3366 1506 3431 verita-

340 3482 377 3547 tis
398 3500 522 3565 vooem,
552 3486 674 3568 patrem
699 3480 903 3565 relinquendo
927 3486 982 3547 aut
1003 3486 1138 3547 matrem
1162 3485 1217 3547 aut
1239 3500 1331 3563 agros
1355 3486 1410 3547 aut
1431 3481 1504 3561 alia,

341 3616 415 3681 quae
436 3597 530 3663 buius
554 3598 663 3663 mnndi
686 3602 769 3681 sunt,
793 3596 974 3683 centuplum
998 3597 1154 3683 aooiperet
1176 3601 1209 3663 et
1229 3596 1328 3663 vitam
1345 3602 1514 3669 aeternam.

339 3708 536 3797 possideret¹.

423 3828 472 3895 ll'.
507 3827 643 3915 Expleto
665 3828 778 3912 igitur,
801 3827 877 3894 lieet
900 3828 1092 3911 summatim,
1115 3827 1313 3914 primordiali
1335 3828 1506 3915 expositio·

340 3944 386 4010 nis
411 3950 538 4011 nostrae
566 3944 691 4028 ordine,
722 3943 831 4029 qualim
854 3964 888 4009 so
915 3944 949 4009 in
977 3944 1069 4010 initio
1098 3944 1238 4010 studiose
1259 3944 1505 4011 conversationis

408 4127 428 4161 ι.
452 4114 564 4173 surrepsit
579 4114 607 4160 B.
689 4112 711 4159 b.
735 4113 848 4159 moererit
864 4116 889 4169 F,
906 4115 937 4169 B,
959 4113 1097 4159 succreverit
1111 4117 1140 4161 A.
1221 4125 1241 4159 o.
1266 4112 1358 4159 domino
1373 4112 1461 4172 deoque
1477 4117 1505 4161 A.

342 4188 363 4237 d
386 4196 555 4253 ιιιρσιινὶριωη
577 4202 611 4240 ιιι
631 4192 733 4250 egritudo
755 4196 777 4239 a
794 4196 818 4240 F.
928 4206 948 4238 a.
969 4190 1096 4238 Uulsbardo
1112 4195 1140 4239 A.
1248 4191 1265 4237 i.
1293 4190 1431 4238 constitutus
1447 4211 1504 4239 corr.

343 4274 364 4317 ἰι
379 4275 524 4321 eonstitutum
540 4276 565 4321 F.
648 4284 669 4330 g.
691 4273 739 4319 suis
755 4286 833 4319 seeum
847 4275 881 4329 A,
897 4275 925 4319 B.
1006 4270 1029 4319 b.
1050 4271 1129 4329 regula
1143 4274 1171 4319 B.
1248 4271 1265 4317 i.
1283 4272 1412 4319 rationabili
1428 4276 1449 4319 A
1455 4306 1461 4327 ‚
1477 4275 1506 4319 B.

342 4350 363 4397 h
385 4354 467 4401 aemuli
482 4356 516 4410 A,
532 4356 562 4401 B.
646 4352 662 4398 l.
687 4351 819 4408 Qualiter
842 4351 1066 4398 adolesoantiae
1089 4351 1241 4397 incentiva
1263 4352 1401 4410 primitus
1424 4352 1504 4397 tran·

343 4436 419 4489 garet
438 4437 467 4481 et
487 4430 619 4481 omnibns
639 4430 724 4478 bonis
739 4430 898 4478 inhereret
922 4430 948 4487 F,
961 4434 989 4479 A.
1051 4444 1081 4476 m.
1102 4430 1142 4490 qni
1157 4429 1219 4489 quali
1234 4434 1260 4487 F,
1280 4431 1334 4489 quia
1349 4430 1411 4489 quali
1426 4434 1458 4488 A,
1474 4432 1504 4477 B.

409 4541 433 4593 1.
459 4536 556 4609 ,qnod
579 4535 731 4591 Edwardns
748 4534 863 4589 liaibew
884 4536 911 4589 in
928 4534 1123 4606 Martyrologio
1140 4532 1432 4603 dogio-Benedictino
1449 4548 1505 4589 uon

345 4626 408 4681 male
425 4628 618 4695 interpretatur
636 4624 781 4694 Exoniam,
801 4625 883 4693 vulgo
901 4624 1015 4693 Exoter,
1033 4623 1190 4693 primariam
1209 4622 1348 4677 Devoniae
1366 4622 1506 4677 civitatem

346 4713 377 4767 sd
388 4714 473 4771 laeam
486 4714 595 4783 flumen,
614 4728 685 4783 quae
697 4712 945 4767 Adesoanoastrum
957 4710 1031 4767 diota
1042 4712 1086 4780 sit,
1105 4712 1184 4781 quasi
1196 4710 1505 4782 Castrum-ad-lsoam3
1564 4781 1567 4790 Ι

344 4802 447 4859 tametsi
471 4802 665 4859 monasterinm
687 4801 760 4870 apud
778 4800 912 4879 llxoniam
936 4805 994 4855 tum
1015 4796 1101 4857 fuisse
1118 4800 1222 4855 nullum
1238 4800 1331 4870 prodit
1346 4814 1505 4856 monumen·

347 4892 429 4945 tum“.
456 4890 616 4947 llABlLlO.
705 4891 731 4945 2.
757 4888 853 4945 llattb.
867 4890 909 4960 19,
922 4890 965 4945 29.

386 4986 461 5041 tuni.
476 4989 619 5035 Bibliotbees
633 4988 672 5033 m.
1257 4988 1292 5043 28
