4342 6034
574 770 601 818 s.
618 770 796 819 normann
816 772 861 817 nr
883 770 986 819 nanu
1007 769 1196 818 namnetas
1222 770 1276 816 1or.
1292 769 1336 815 roe
1476 754 1540 819 261

383 914 444 997 gius
466 932 560 999 supra
583 912 702 980 dictum
725 933 850 980 servam
869 910 931 978 Dei
948 910 1163 978 Wilbrordum
1186 913 1370 999 episcopam
1394 912 1434 979 ad
1450 932 1543 999 prae-

383 1028 538 1095 dicandum
567 1049 665 1115 supra
687 1028 788 1095 dictae
811 1027 897 1111 genti
920 1028 1111 1107 transmisit3
1140 1028 1196 1113 qui
1225 1027 1314 1093 illam
1336 1034 1478 1113 gentem,
1507 1033 1544 1095 ut

381 1145 530 1231 praefatus
555 1164 635 1227 snm,
659 1144 699 1210 ad
722 1143 815 1210 fidem
839 1143 957 1210 Christi
980 1146 1145 1210 convertit.
1180 1143 1224 1209 Et
1245 1144 1339 1209 modo
1361 1144 1430 1209 vult
1452 1144 1544 1210 Golo-

380 1262 494 1327 nensis·
510 1262 676 1347 episcopus
700 1260 807 1326 sedern
830 1280 927 1346 supra
950 1259 1025 1325 dicti
1048 1260 1275 1346 praedicatoris
1290 1258 1463 1326 Wilbrordi
1483 1260 1546 1327 sibi

379 1377 564 1459 contrahere,
589 1381 709 1443 utnon
732 1376 774 1441 sit
796 1375 984 1462 episcopalis
1008 1374 1122 1459 sedisl,
1147 1375 1289 1441 subiecta
1302 1376 1443 1441 Romano
1466 1395 1545 1463 pon-

380 1490 462 1575 tifici,
497 1492 685 1579 praedicans
713 1495 836 1574 gentem
867 1490 1045 1557 Fresorum.
1139 1489 1197 1556 Cui
1230 1492 1474 1578 respondebam,
1509 1496 1546 1558 nt

379 1607 503 1673 credidi:
534 1608 634 1693 qnod⁸
658 1606 760 1672 maius
789 1612 821 1672 et
847 1605 979 1671 fortiusd
1002 1605 1070 1672 fieri
1101 1606 1215 1673 debeat
1241 1613 1446 1693 praeceptam
1469 1629 1545 1695 apo·

379 1722 497 1789 stolicae
521 1723 606 1789 sedis
630 1728 662 1787 et
682 1722 837 1788 ordinatio
855 1721 956 1805 Sergii
971 1742 1073 1808 papae
1090 1728 1122 1788 et
1136 1722 1252 1804 legatio
1267 1724 1439 1789 venerandi
1453 1745 1546 1811 prae-

378 1838 518 1905 dicatoris
533 1836 717 1921 wilbrordi,
743 1843 778 1903 nt
794 1843 825 1903 et
840 1837 896 1903 fiat
912 1837 1015 1903 sedisl
1032 1838 1230 1924 episcopalis,
1247 1838 1390 1905 subiecta
1403 1839 1545 1906 Romano

378 1953 521 2041 pontifici,
546 1954 732 2041 praedicans
755 1958 880 2037 gentem
896 1952 1065 2019 Fresoram
1083 1954 1218 2039 -quia
1238 1974 1355 2037 magna
1376 1976 1452 2042 pars
1473 1955 1545 2022 illo·

378 2090 441 2136 nnn
467 2070 571 2137 adhuc
598 2090 724 2157 pagana
753 2074 802 2135 est
825 2106 865 2115 -—
892 2089 985 2153 quam
1016 2070 1195 2137 destinatae
1223 2070 1405 2137 ecclesiolae
1431 2071 1545 2138 fanda·

378 2192 475 2252 menta
498 2187 627 2253 derata⁰
651 2192 683 2253 et
707 2207 725 2252 a
747 2185 880 2272 paganis
904 2184 1086 2251 conculcata
1108 2191 1141 2252 ct
1157 2207 1215 2272 per
1229 2186 1461 2271 neglegentiam
1477 2188 1544 2273 epi·

378 2322 537 2389 scoparum
560 2303 717 2369 derelicta.
811 2300 872 2367 Sed
895 2302 964 2387 ipse
986 2322 1050 2366 non
1073 2302 1238 2368 consentit.

458 2418 520 2485 Sed
553 2418 645 2484 modo
675 2417 875 2503 paternitatis
905 2422 1028 2483 vestrae
1055 2417 1188 2483 iudicio‘
1213 2418 1291 2483 mihi
1319 2419 1469 2486 intimare
1497 2420 1544 2486 di-

377 2535 517 2617 gnemini.
554 2532 597 2600 Et
620 2535 647 2599 si
670 2533 729 2598 hoo
752 2534 871 2599 iustum
892 2534 934 2599 sit
948 2554 1136 2620 responsum
1152 2541 1184 2599 et
1198 2534 1287 2600 vobis
1302 2533 1437 2621 placeat,
1461 2535 1546 2620 quod

377 2650 417 2715 illi
438 2630 625 2717 Colonensi⁸
649 2650 795 2736 episcopo
818 2649 959 2733 reddidi,
984 2654 1091 2715 vestra
1114 2650 1301 2717 auctoritate
1324 2650 1485 2718 roborate:
1509 2659 1546 2719 ut

376 2772 573 2854 pracceptum
603 2764 704 2849 Sergii
727 2786 830 2852 papae
854 2772 885 2831 et
909 2764 1010 2832 sedis¹³
1034 2764 1091 2831 illa
1113 2765 1235 2832 stabilis
1258 2772 1452 2852 permaneat.
1493 2767 1546 2835 Sic

378 2884 453 2949 cnim
481 2882 616 2971 potestis
645 2902 702 2947 nos
731 2882 762 2949 si
787 2881 875 2949 vobis
902 2880 1006 2967 placet
1029 2882 1195 2964 adiuvare,
1223 2882 1251 2947 si
1274 2881 1313 2947 de
1335 2883 1451 2949 scrinio
1475 2904 1545 2949 aeo-

378 2998 481 3065 clesiae
504 3003 630 3065 restrae
654 2998 834 3084 exemplare
856 2998 970 3065 iubetis
994 3002 1026 3063 et
1048 2997 1127 3062 mihi
1142 2998 1367 3081 transmittere,
1391 2998 1544 3083 quidquid

378 3116 510 3199 praelato
541 3115 690 3201 episcopo
713 3112 892 3181 Wilbrordo
921 3112 1065 3179 ordinato
1096 3117 1223 3179 sanctus
1247 3111 1395 3198 Sergiusl
1422 3116 1544 3201 praeci·

378 3236 458 3316 peret
480 3236 512 3297 et
535 3230 760 3311 conscriberet3
791 3235 828 3296 nt
850 3251 889 3297 ex
913 3229 1100 3295 auctoritate
1124 3229 1301 3295 sanctitatis
1324 3235 1448 3297 vestrae
1471 3252 1544 3296 con-

379 3346 559 3414 tradicentes
583 3346 768 3413 convincere
792 3352 823 3412 et
846 3366 996 3432 superare
1019 3344 1151 3411 valeam.
1195 3344 1230 3410 Si
1253 3351 1359 3413 antem
1382 3346 1474 3413 aliter
1495 3348 1544 3413 iu-

378 3462 447 3529 stius
471 3462 645 3530 sanctitati*
669 3466 792 3528 vestrae
815 3462 977 3547 videatur,
1006 3460 1172 3527 consilium
1195 3462 1396 3547 paternitatis
1419 3467 1544 3531 vestrae

378 3576 530 3646 insinuare
552 3578 632 3644 mihi
655 3578 843 3662 dignemini,
867 3582 903 3643 ut
925 3598 1047 3663 sequar.

382 3790 459 3861 108.
480 3792 701 3859 Coctbberbctaa
725 3793 979 3879 archiepiscopus
996 3791 1233 3858 Cenomanensis
1248 3793 1344 3858 Laelio
1367 3805 1396 3857 et
1410 3794 1475 3857 eiua
1491 3815 1542 3857 ao·

481 3912 538 3975 aiis
562 3910 671 3975 scribit
694 3911 732 3973 de
752 3909 891 3995 glorioso
915 3909 1076 3993 Boai‘atii
1098 3908 1193 3973 obita.
1229 3907 1324 3973 Cuius
1344 3909 1427 3972 diem
1439 3908 1541 3993 farce-

481 4039 564 4091 otum
587 4028 622 4089 ia
646 4024 767 4111 Astatia
790 4027 943 4110 agitatam
966 4028 1026 4105 iri,
1050 4026 1185 4089 nuntiat.
1232 4024 1346 4088 Preces
1367 4036 1491 4089 mutuae
1515 4038 1543 4090 et

480 4142 720 4207 aemulationem
742 4140 904 4225 Bonifatii
925 4136 1062 4205 suadet&
1137 4136 1172 4219 (S
1190 4139 1242 4221 70,
1264 4136 1305 4204 W
1323 4140 1397 4223 114,
1421 4137 1542 4219 (3103)

411 4272 726 4341 lReverentissimo
749 4272 841 4338 fratri
870 4272 958 4339 etin
981 4292 1089 4337 amore
1113 4270 1232 4337 Christi
1253 4271 1424 4339 karissimo
1447 4272 1540 4339 Lullo

380 4391 566 4476 coepiscopo,
589 4388 746 4473 simulque
768 4388 1025 4475 cooperatoribus
1049 4388 1113 4454 tuis
1136 4388 1294 4475 episcopis
1317 4393 1349 4454 et
1371 4388 1541 4455 sacerdoti·

381 4500 430 4569 bus
445 4504 513 4591 Dei,
539 4526 672 4590 quorum
695 4505 824 4570 nomina
845 4504 878 4570 in
901 4504 982 4571 libro
1005 4504 1090 4571 vitae
1112 4504 1231 4589 scripta
1246 4508 1422 4587 teneantur,
1444 4503 1542 4569 autn-

444 4652 463 4683 a
484 4642 576 4685 cornia
591 4638 733 4685 boloniensis
746 4642 771 4685 C.
834 4638 857 4685 b.
878 4655 934 4683 corr.
951 4641 973 4683 r'a
990 4637 1057 4683 sodes
1075 4641 1101 4685 C.
1164 4650 1184 4683 c.
1204 4636 1258 4696 qaia
1274 4639 1300 4684 C.
1362 4636 1386 4683 d.
1406 4637 1498 4697 porcius
1515 4640 1542 4684 C.

382 4728 399 4759 e.
418 4734 470 4762 corr.
485 4722 507 4765 ia
524 4718 600 4765 diruit
612 4722 638 4765 C.
699 4718 715 4764 f.
736 4736 793 4765 corr.
810 4720 832 4763 r'rs
848 4716 957 4763 iudicium
969 4720 995 4764 C.
1058 4730 1079 4775 g.
1102 4734 1159 4763 corr.
1175 4719 1198 4763 ia
1215 4716 1344 4763 Coloniensi
1357 4720 1382 4763 C.
1444 4714 1468 4761 h.
1489 4714 1541 4761 Ser-

382 4804 418 4848 ssll!
433 4798 487 4843 MV.
548 4799 565 4844 i.
586 4798 714 4844 sanctitatis
731 4799 789 4853 MV,
805 4814 862 4843 carr.
879 4799 901 4843 irr
918 4796 1034 4843 sanctitati
1051 4799 1077 4843 C.
1140 4794 1163 4841 k.
1184 4814 1213 4841 a
1230 4797 1254 4842 V
1265 4796 1413 4842 lav-4412.
1437 4798 1542 4842 hama.-

383 4870 454 4933 incipit
468 4876 565 4937 epistola
580 4876 685 4924 Gatberti
700 4876 874 4937 archiepiscopi.

1561 922 1613 976 755

1605 4282 1658 4335 '155

1551 4357 1646 4402 exeunte
1651 4369 1710 4403 anno
