4342 6034
605 693 646 759 16
879 708 906 756 s.
925 708 1102 757 cominu
1123 712 1168 757 er
1189 712 1291 759 nom
1313 709 1501 759 mascam

602 854 706 917 neuen
729 849 799 933 (V)
827 853 969 917 codicum
1003 854 1218 919 auctoritatem
1250 847 1420 919 recocaoi¹.
1465 852 1499 917 A
1532 853 1637 917 codice
1665 850 1772 917 Carlo-

602 968 732 1034 rnlenei
753 965 808 1049 (C)
832 971 1010 1034 cauticeimc
1030 982 1190 1035 mutiana
1212 992 1283 1035 cum
1304 991 1432 1051 maner,
1456 970 1684 1035 minidationec
1707 971 1773 1033 eine

601 1107 666 1151 non
699 1086 848 1151 neteriore
880 1088 915 1150 in
949 1086 1089 1172 eaunplo
1115 1088 1239 1151 uacari
1265 1086 1321 1151 ced
1348 1088 1538 1172 eucopitatac
1566 1106 1638 1150 ecce.
1679 1083 1775 1150 Nilnl

603 1204 730 1267 omnino
761 1202 910 1267 tramtuli
929 1204 1091 1267 uarietatic
1115 1201 1280 1267 medanum
1301 1201 1341 1267 ab
1366 1200 1502 1267 Otllcuo
1515 1200 1643 1286 factae,
1673 1223 1774 1287 neque

601 1339 673 1383 uero
696 1319 807 1403 reepui
827 1339 906 1398 eam,
931 1338 1028 1403 quam
1045 1320 1073 1383 ic
1089 1319 1223 1383 tradidit
1235 1318 1331 1397 caluo,
1355 1317 1520 1404 epictolam
1534 1316 1588 1383 21.
1624 1314 1776 1383 Cornului

602 1436 696 1498 etiam
725 1434 862 1499 codicem
883 1432 1069 1499 Vaticanum
1096 1436 1132 1498 in
1156 1433 1303 1498 Romana
1325 1430 1462 1518 Carasac
1489 1434 1623 1499 editione
1644 1454 1773 1519 reprac-

601 1562 756 1616 centatum
778 1547 860 1629 (R)‚·
883 1563 978 1636 atquc
999 1550 1098 1633 reffeci
1117 1550 1286 1615 nonnullae
1309 1548 1456 1635 epatolac
1479 1570 1517 1613 ea
1540 1548 1629 1613 lilrie
1653 1570 1773 1629 eorum,

604 1668 661 1751 qui
681 1666 830 1731 culcidiic
851 1679 961 1751 pecten
984 1668 1111 1731 amictu
1133 1668 1187 1731 cai
1206 1678 1288 1747 cunt,
1314 1664 1470 1731 Willnlmi
1483 1664 1774 1729 Malmeclurimcu

602 1782 640 1846 de
660 1781 776 1867 pontif.
799 1782 896 1867 Anpl.
921 1779 972 1863 (o.
998 1804 1045 1869 ep.
1062 1780 1106 1863 3)
1134 1804 1172 1846 ac
1201 1783 1240 1847 de
1265 1783 1361 1867 pectit
1390 1802 1499 1867 nepum
1520 1779 1700 1867 Anplorum
1722 1778 1773 1860 (u.

602 1920 650 1984 ep.
667 1896 726 1979 59)
751 1910 780 1963 et
796 1896 986 1984 Spelmanni
1007 1898 1149 1963 conciliis
1171 1897 1255 1962 orlic
1270 1898 1457 1963 Britannici
1470 1895 1514 1977 (c.
1532 1918 1579 1983 ep.
1595 1895 1667 1977 70).
1703 1894 1774 1978 Quo

602 2015 690 2078 omni
716 2026 877 2099 apparatu
905 2014 1018 2078 collato
1047 2015 1083 2077 id
1110 2015 1175 2097 cpi,
1207 2026 1243 2078 ut
1270 2013 1345 2077 liaeo
1374 2013 1551 2079 litterarum
1575 2024 1775 2079 monumenta

599 2150 769 2215 permanae
802 2151 878 2195 cuae
912 2130 1036 2195 cnanni
1068 2129 1175 2194 crebro
1208 2128 1371 2214 impolitae
1402 2151 1440 2193 ac
1470 2128 1625 2194 barbarae
1644 2128 1775 2213 formae

601 2246 772 2311 redderem.

700 2358 906 2425 Utilieoimum
944 2381 1017 2425 nere
1056 2362 1327 2444 neceesariumque
1360 2381 1431 2424 cnm
1463 2362 1621 2426 rideretur
1654 2381 1776 2425 omnem

604 2476 807 2562 epistolarum
834 2476 963 2556 siluam,
996 2489 1270 2561 quantumcunque
1289 2475 1367 2558 fieri
1386 2488 1505 2561 peccet,
1535 2478 1580 2541 ad
1601 2489 1776 2562 temporum

604 2594 747 2658 ordinem
774 2593 929 2677 diperere,
962 2592 1010 2657 tu
1038 2614 1077 2657 ea
1099 2591 1374 2657 deliberationibue
1395 2614 1494 2656 unum
1511 2595 1686 2679 praecipue
1705 2614 1775 2657 ma-

603 2708 701 2774 nabat
735 2711 960 2773 correctionum
985 2730 1100 2795 penum·
1136 2729 1197 2793 quo
1226 2708 1352 2794 quidem
1379 2708 1544 2774 chronicae
1573 2708 1776 2795 epntclarum

599 2824 838 2910 pontificiarum
873 2836 964 2890 notae
998 2827 1205 2911 uttinpuntur.
1246 2824 1373 2888 Etenim
1402 2827 1438 2889 in
1461 2825 1636 2911 papalibus
1665 2828 1776 2891 aetatu

604 2940 692 3005 illinc
716 2940 827 3006 litterie
850 2940 968 3007 colebat
989 2941 1174 3025 cipmficari,
1200 2952 1293 3026 quoto
1316 2962 1400 3005 anno
1423 2943 1552 3027 imperii
1573 2941 1613 3006 al
1636 2944 1774 3028 impera-

605 3068 671 3122 tore
698 3059 781 3141 pecti
806 3057 900 3121 datae
927 3070 1041 3136 ecoent,
1073 3052 1167 3142 quoto
1195 3078 1279 3122 anno
1301 3070 1378 3142 poet
1404 3057 1600 3123 comulatam
1627 3059 1774 3139 claudun,

605 3194 670 3257 qna
698 3173 869 3235 indictione
897 3170 918 3251 (
919 3174 1069 3237 nimirum
1095 3168 1234 3253 Graeca,
1264 3197 1286 3237 a
1313 3145 1411 3237 die]
1441 3196 1482 3237 m.
1508 3171 1700 3261 Septembris
1730 3175 1777 3239 ad

606 3288 688 3351 diem
703 3286 745 3352 31
764 3308 806 3350 m.
823 3286 963 3372 Aupuoti
978 3286 1131 3373 patente).
1172 3287 1222 3352 Ac
1242 3290 1375 3353 dioneia
1395 3291 1550 3355 cimmocli
1567 3292 1775 3357 monumentir

605 3406 687 3468 inter
709 3424 742 3467 ce
764 3404 988 3489 conoparandie
1001 3403 1106 3487 facile
1127 3403 1340 3489 intellipimuc‚
1363 3406 1484 3471 ccrilm
1501 3408 1682 3493 pontific-icc
1703 3420 1776 3473 tunc

605 3540 678 3585 neoc
702 3540 766 3583 eece
778 3517 929 3603 sormula
950 3518 1025 3583 lac:
1051 3519 1299 3605 „Imperante
1326 3524 1464 3588 domno
1488 3526 1677 3610 piieeimo
1705 3548 1774 3589 au·

604 3647 718 3722 puoto
821 3634 939 3699 aDeo
964 3647 1151 3701 coronato
1174 3658 1309 3723 mopno
1332 3642 1571 3726 imperatore
1591 3663 1774 3721 annom,

601 3763 693 3838 poet
721 3750 965 3817 consulatum
993 3752 1075 3816 ciui
1104 3775 1204 3817 anno
1228 3800 1299 3835 ...,
1329 3756 1549 3822 indictione
1571 3756 1672 3833 ...“,·
1697 3768 1727 3821 et
1746 3758 1778 3820 ci

606 3871 778 3955 imperator
792 3868 900 3951 filium
923 3866 1073 3954 collepam
1095 3871 1224 3955 imperii
1234 3870 1376 3956 jecerat,
1402 3873 1462 3939 luae
1474 3874 1641 3960 formula:
1669 3872 1774 3951 „Im-

601 3994 767 4070 perantc
796 3984 932 4087 domno
959 3986 1142 4071 piiccimo
1170 4000 1335 4074 cupueto
1435 4015 1457 4056 a
1479 3992 1560 4056 Deo
1588 4000 1775 4055 coronato

605 4121 743 4187 mapno
778 4100 1014 4187 imperatore
1047 4126 1148 4171 anno
1183 4152 1252 4187 ...,
1290 4120 1380 4193 poet
1412 4106 1659 4172 consulatum
1692 4107 1774 4170 eiuc

607 4238 708 4282 anno
732 4262 802 4297 ...,
827 4218 892 4283 ced
914 4232 949 4285 et
1047 4244 1185 4310 mapno
1208 4226 1449 4310 imperatore
1468 4220 1658 4307 eiuefilio
1674 4242 1774 4287 anno

607 4379 677 4415 ...,
708 4335 929 4403 indictione
952 4338 1044 4403 ...“.
1087 4338 1154 4407 Sed
1181 4340 1309 4406 librarii
1335 4342 1477 4405 codicum
1500 4336 1721 4417 (Monacencic
1747 4350 1777 4403 et

679 4544 703 4598 1.
727 4543 822 4615 Neque
844 4561 909 4603 vero
932 4546 1034 4619 ubique
1058 4550 1226 4605 afferendam
1249 4549 1316 4604 duxi
1338 4547 1467 4604 leviorem
1490 4548 1637 4601 lectionum
1658 4546 1776 4602 varieta-

606 4636 671 4703 tem,
691 4634 843 4690 cuiusmodi
861 4641 917 4692 cst:
944 4639 1106 4709 „aecclesia
1124 4639 1250 4709 aeclesia,
1269 4637 1393 4708 ccclesia,
1411 4636 1526 4709 celatim
1549 4634 1775 4705 celebratatae-

605 4722 725 4795 lebrar03
753 4728 955 4799 verumtamen,
977 4732 1172 4800 veruntamen
1199 4731 1348 4799 quatenus,
1371 4726 1513 4798 qualinam
1537 4740 1661 4796 mucce,
1684 4742 1775 4785 recuc-

605 4810 671 4867 καί(
691 4816 743 4867 oct.
