4342 6034
543 782 624 829 vura
648 782 803 829 anacam
823 781 1086 831 ancumrcscoar
1108 780 1304 831 noscamur
1440 764 1505 831 653

341 921 412 987 dam
437 921 552 989 faciem
579 942 674 1008 quam
701 923 821 990 bonum
841 923 1002 1007 ingenium
1025 926 1186 1007 gerentes,
1215 942 1324 990 omues
1347 922 1506 1006 decuria,
1534 930 1604 985 1160

341 1057 396 1123 pro
417 1058 504 1123 pace,
527 1057 586 1125 pro
607 1039 710 1123 gratia
724 1044 761 1105 ut
775 1040 836 1107 sibi
851 1040 936 1106 circa
948 1040 1101 1105 domnum
1116 1038 1385 1125 archiepiscopum
1402 1044 1507 1105 essent
1522 1002 1572 1050 Μ’
1583 1004 1613 1051 ²⁸

341 1154 477 1239 propitii,
501 1152 732 1238 efflagitabant3
754 1156 933 1223 iuramenta
954 1156 1092 1243 periura,
1116 1160 1192 1239 quot
1214 1158 1247 1220 et
1269 1154 1376 1239 qualia
1397 1154 1505 1237 velles,

341 1273 372 1333 et
384 1268 467 1335 ultro
481 1270 643 1355 petisque
659 1270 783 1339 terrore
797 1272 953 1338 mendacii
967 1270 1162 1337 exhibentes.
1193 1269 1315 1335 Iurares
1331 1269 1504 1356 equidem,

340 1384 421 1468 quod
442 1384 523 1451 nulli
544 1386 719 1453 virentium
741 1388 787 1453 sic
808 1408 929 1473 pacem,
952 1388 999 1453 sic
1020 1392 1054 1453 et
1074 1390 1163 1452 tanto
1186 1386 1298 1452 ardore
1320 1386 1455 1468 gratiam
1474 1391 1506 1453 et

340 1499 451 1565 bonam
474 1500 669 1567 voluntatem
691 1502 823 1569 alicuius
846 1508 975 1589 possent
997 1501 1161 1587 amplecti,
1191 1502 1273 1567 sicut
1294 1502 1348 1567 isti
1370 1502 1506 1585 gratiam

339 1615 445 1681 domni
473 1616 632 1703 pontificis
659 1618 863 1703 cupidissime
885 1617 1072 1684 ridebantur
1094 1622 1253 1703 exoptare.
1290 1615 1379 1683 Unde
1401 1624 1506 1701 males

340 1730 378 1797 ab
404 1732 549 1799 omnibus
571 1732 757 1800 dicebantur
778 1733 932 1800 altissimo
956 1733 1038 1816 Deo,
1068 1733 1239 1819 quodiam
1262 1752 1325 1817 pax
1348 1732 1508 1799 videretur

339 1865 407 1913 esse
428 1847 553 1914 reddita
574 1849 677 1915 terris.

425 1962 477 2029 Ea
496 1968 685 2050 tempestate
693 1960 712 2047 ¹,
735 1962 824 2045 (cnm
838 1962 967 2045 ludas⁸l
989 1964 1149 2029 dominum
1166 1969 1198 2030 et
1212 1964 1398 2047 magistrum
1414 1984 1506 2031 suum

338 2078 454 2145 furoris
483 2084 516 2145 et
542 2080 730 2165 proditionis
759 2080 866 2166 precio
893 2080 1118 2163 venumdaret,
1152 2080 1235 2145 sicut
1262 2079 1392 2163 dicitur,
1427 2080 1507 2147 alter

339 2192 441 2277 ludas,
465 2195 694 2280 primogenitus
717 2196 863 2280 natham,
887 2196 1015 2280 quidam
1039 2195 1092 2279 qui
1115 2194 1173 2261 snb
1196 2195 1272 2261 ovili
1294 2202 1380 2261 reste
1404 2201 1436 2261 et
1457 2216 1507 2262 re·

338 2309 464 2393 ligionis
485 2310 596 2377 babitu
618 2310 796 2378 dirissimus
819 2312 912 2398 lupus
935 2330 992 2396 per
1014 2317 1177 2377 tonsuram
1193 2308 1261 2377 Deo
1284 2310 1505 2395 mentiebatur,

338 2427 435 2493 totius
457 2426 612 2493 discordie
636 2426 675 2493 ab
697 2427 767 2512 ipso
790 2432 881 2512 cepto
903 2427 1056 2510 incentor,
1078 2426 1205 2511 iniquus
1228 2432 1338 2493 auctor
1351 2427 1507 2494 mendacii

339 2548 371 2609 et
395 2547 491 2609 uatus
518 2562 558 2608 ex
584 2542 672 2628 ipso,
700 2540 841 2607 eiusdem
869 2542 971 2607 sancti
993 2540 1098 2609 Iacobi
1121 2542 1243 2609 cenobii
1266 2538 1382 2609 abbas¹
1407 2542 1505 2609 affuit

338 2657 430 2725 Hunc
458 2664 562 2725 autem
586 2657 720 2723 domnus
742 2656 928 2742 episcopus·
951 2657 1064 2723 ceteris
1087 2656 1159 2723 aliis
1182 2656 1375 2740 Magantinis
1398 2658 1507 2745 prins‘¹

338 2774 372 2840 in
392 2774 530 2858 gratiam
551 2777 730 2859 receperat3
752 2776 795 2855 et,
818 2776 854 2837 ιιι
875 2771 995 2839 malum
1016 2772 1051 2837 in
1074 2772 1155 2839 bono
1177 2772 1285 2838 solito·
1301 2770 1507 2859 devinceret⁸,

337 2910 394 2977 per
414 2890 488 2957 loca
508 2890 559 2955 sui
581 2888 780 2974 episcopatus
802 2906 908 2953 secum
930 2888 996 2953 iam
1017 2892 1054 2953 ut
1073 2886 1169 2954 lidum
1188 2889 1323 2954 amicum
1340 2889 1506 2974 deducens,

338 3026 409 3073 eum
432 3006 468 3071 in
489 3004 636 3091 plurimis
657 3002 842 3069 bonorarat‘
864 3008 906 3086 et,
929 3008 966 3069 ut
988 3003 1105 3069 bonum
1129 3004 1264 3069 amicum
1284 3004 1323 3070 de
1340 3005 1507 3071 inimicitia

338 3128 496 3202 creatum,
526 3120 568 3187 ad
594 3118 727 3187 consilia
753 3123 931 3185 secretasve
952 3119 1002 3184 sui
1024 3119 1128 3185 cordis
1151 3119 1407 3205 deliberationes,
1431 3142 1507 3206 quo·

338 3238 424 3305 uiam
446 3236 570 3303 uultum
591 3234 753 3319 religionis
774 3233 922 3301 induerat
942 3234 1182 3321 sanctitatisque
1203 3236 1357 3321 indolem,
1379 3238 1508 3303 incunc-

339 3358 446 3421 tanter
467 3352 647 3419 admiserat

425 3467 488 3535 Hic
507 3469 626 3553 itaque,
648 3464 844 3551 solempnem
865 3464 1086 3552 excelsumque
1109 3466 1268 3533 diabolum
1283 3468 1317 3532 in
1332 3468 1508 3534 intentione

338 3583 551 3670 perbaiolaus,
574 3582 682 3650 accitis
704 3581 827 3649 nunciis
849 3587 883 3647 et
903 3581 1084 3649 domesticis
1099 3584 1164 3649 suis
1179 3584 1287 3671 impiis
1302 3580 1507 3667 Magantinis,

339 3698 479 3783 efferata,
502 3704 538 3765 ut
554 3700 680 3783 dieitur,
703 3696 888 3765 crudelitate
902 3698 1170 3784 interpretabatur
1186 3700 1309 3766 dicens:
1335 3699 1422 3781 Quid
1436 3714 1507 3767 aaa·

338 3829 444 3905 tepere
476 3818 515 3883 de
541 3816 701 3883 olcadibus
729 3828 759 3881 at
785 3818 985 3881 amoenam
1011 3817 1211 3881 dammim?
1246 3816 1333 3898 Quid
1359 3828 1425 3881 tam
1452 3818 1509 3881 dia

337 3934 501 4019 protelatis
524 3932 750 4017 tabefacticmb
772 3932 938 3997 acontium
959 3931 1078 3996 omne?
1100 3932 1182 3997 Erae
1203 3935 1336 3998 cintoria
1358 3936 1393 3997 a'n
1411 3954 1509 3997 mana

339 4062 442 4115 vestm
469 4062 528 4130 eat,
557 4051 588 4115 ιι·
608 4048 747 4115 domines
775 4070 839 4113 aeae
865 4047 978 4111 velitis.
1012 4046 1095 4111 Erre
1123 4060 1260 4134 tempas,
1289 4049 1396 4115 maltis
1425 4062 1508 4115 retro

339 4166 448 4231 diebos
477 4176 636 4253 optatam,
659 4176 769 4250 presto
791 4175 844 4229 eat.
886 4162 1036 4228 Tradidit
1057 4164 1141 4226 eaa'm
1162 4163 1252 4227 Deus
1274 4166 1437 4229 inimicam
1458 4186 1509 4230 oe·

338 4293 440 4345 acam
461 4293 491 4347 at
515 4281 634 4346 borum
659 4280 838 4360 mortalem,
869 4281 927 4365 qai
943 4278 1034 4362 filios
1060 4290 1178 4343 aanor
1201 4282 1343 4345 caudari
1364 4282 1509 4345 addicere

339 4408 370 4462 et
387 4408 510 4483 emtam
537 4408 567 4462 et
592 4396 695 4461 laeam
716 4396 863 4462 demoliri
883 4407 914 4461 et
933 4416 988 4459 coa
1005 4396 1119 4480 patria
1141 4406 1170 4460 at
1191 4394 1280 4459 bocia
1298 4398 1431 4481 privare
1453 4420 1507 4491 aa·

410 4541 433 4575 ι
454 4528 584 4588 etquidem
601 4530 623 4575 l.
699 4528 724 4575 b.
745 4541 796 4576 cnm
811 4526 880 4573 ludu
894 4526 1034 4573 subn&-
1049 4526 1169 4573 auctare:
1181 4544 1225 4586 pro
1241 4527 1281 4587 qni
1297 4529 1319 4584 1,
1335 4528 1357 4573 2.
1435 4540 1456 4574 c.
1474 4544 1509 4575 u-

342 4608 939 4671 qnitvtnmialet23quaauoeamtarlr‘.
1061 4605 1507 4667 d.priu⁸acripaiproprlmusl‚2

341 4698 362 4733 a.
381 4686 493 4734 solidat.
570 4686 705 4735 thonorat
719 4690 742 4734 1.

412 4784 437 4837 1.
455 4787 596 4837 nocturna
649 4783 676 4838 2.
694 4778 868 4839 Godetridus.
893 4780 929 4837 V.
941 4794 1026 4853 supra
1042 4795 1070 4851 p.
1082 4782 1136 4837 629
1153 4797 1181 4838 ιι.
1193 4780 1219 4837 3.
1273 4780 1299 4837 3.
1317 4780 1396 4837 Rom
1407 4782 1508 4852 1221:

343 4868 415 4939 ,sed
432 4870 512 4927 dnae
529 4871 558 4927 in
574 4870 648 4927 bono
666 4869 800 4927 malum“.
