4342 6034
604 765 632 814 s.
647 765 824 814 rosunum
844 767 889 814 uu
910 768 1013 816 uuum
1034 767 1222 816 ceremonia
1242 769 1278 816 rr.
1291 769 1320 816 ιε
1504 752 1545 818 77

375 925 428 972 me
448 925 577 972 omnem
598 905 694 974 fidem
715 912 748 974 et
768 909 941 995 puritatem
962 914 1090 976 sauctae
1112 907 1185 976 fidei
1208 907 1379 976 catholicae
1399 909 1547 978 exhibere
1592 915 1644 972 722

375 1027 408 1088 et
419 1022 455 1088 in
469 1023 593 1090 unitate
607 1023 749 1090 eiusdem
762 1021 836 1090 fidei
851 1023 919 1090 Deo
941 1029 1093 1111 operante
1113 1025 1293 1112 persistere,
1317 1024 1350 1092 iu
1366 1046 1429 1110 qua
1443 1026 1545 1092 omnis
1564 986 1630 1046 (ΝΜ
1644 987 1683 1048 ⁸⁰)

373 1137 619 1206 christianorum
648 1138 733 1206 salus
762 1159 831 1206 esse
859 1139 927 1206 sine
956 1139 1051 1206 dubio
1080 1140 1309 1227 conprobatur;
1337 1140 1545 1208 nullomodo

373 1274 425 1321 me
447 1261 560 1322 contra
581 1256 735 1322 unitatem
750 1255 927 1322 eommunis
942 1259 974 1321 et
988 1256 1176 1324 universalis
1192 1256 1372 1342 aecclesiae,
1395 1257 1546 1324 suadente

372 1371 535 1458 quopiam,
557 1372 745 1455 consentire,
768 1371 824 1438 sed
846 1376 882 1438 ut
896 1371 964 1438 dixi
977 1371 1073 1438 tidem
1089 1377 1121 1438 ot
1137 1373 1310 1458 puritatem
1332 1393 1436 1440 meam
1452 1379 1546 1458 atqua

372 1505 562 1554 concursum
583 1488 642 1554 tibi
664 1492 696 1555 et
717 1487 907 1554 utilitatibus
929 1492 1003 1554 tuse
1020 1488 1200 1572 aecclesiae,
1225 1489 1275 1556 oui
1295 1509 1314 1554 a
1335 1489 1462 1556 domiuo
1478 1488 1545 1556 Deo

371 1608 515 1690 potestas
542 1603 664 1687 ligandi
686 1604 888 1689 solvendique
911 1603 985 1670 datu
1008 1608 1057 1671 est
1065 1599 1083 1687 ¹,
1113 1609 1146 1672 et
1167 1603 1327 1690 praedicto
1351 1605 1468 1672 vicario
1490 1609 1546 1672 tuo

370 1723 469 1805 atque
490 1720 723 1787 successoribus
745 1721 813 1788 eius
834 1740 892 1806 per
914 1719 1022 1786 omnia
1042 1719 1207 1802 exhibere
1231 1720 1285 1787 sed
1309 1725 1356 1806 et,
1381 1721 1409 1788 si
1431 1739 1546 1804 cogno·

370 1855 448 1902 vero
471 1835 637 1902 antestites
660 1841 771 1904 contra
791 1836 939 1902 instituta
960 1836 1091 1920 antique
1113 1840 1293 1904 sanctorum
1321 1840 1449 1922 patrum
1471 1853 1546 1902 oon·

369 1950 505 2035 versari,
527 1971 599 2018 eum
619 1952 665 2018 eis
679 1951 801 2019 nullam
814 1951 931 2018 habere
945 1951 1197 2020 communionem
1213 1955 1269 2018 aut
1283 1950 1543 2016 coniunctionem.

370 2065 437 2134 Sed
463 2067 582 2152 magis,
609 2068 639 2134 si
663 2067 792 2136 valuero
819 2067 1001 2155 prohibere,
1031 2067 1232 2154 probibeam3
1261 2066 1435 2148 siminus,
1465 2059 1544 2132 ne'¹

367 2180 508 2250 fideliter
535 2184 645 2250 statim
671 2185 787 2250 domno
814 2205 885 2252 meo
920 2183 1093 2270 apostolico
1127 2181 1324 2250 renuntiabo.
1415 2179 1543 2266 Quodsi,

370 2299 457 2386 quod
480 2299 574 2384 absit,
597 2305 709 2366 eontra
726 2299 820 2366 huius
835 2299 1055 2386 promissionis
1070 2319 1159 2366 meae
1175 2299 1290 2366 seriem
1306 2297 1426 2383 aliquid
1439 2297 1544 2364 facere

370 2415 514 2500 quolibet
533 2415 627 2482 modo
650 2435 707 2482 seu
727 2415 855 2500 iugenio
883 2415 935 2482 vel
962 2417 1126 2482 oceasione
1153 2419 1366 2502 temptavero,
1396 2433 1469 2480 rous
1496 2413 1545 2478 in-

370 2532 482 2598 veniar
495 2533 530 2598 in
546 2537 674 2600 aeterno
688 2531 815 2616 iudicio,
831 2531 984 2598 ultionem
998 2531 1166 2598 Annaniae
1181 2535 1213 2598 et
1228 2529 1340 2598 Saffire
1355 2529 1515 2596 incurram
1522 2523 1544 2613 ³,

371 2647 426 2733 qui
447 2647 538 2714 robis
565 2648 663 2715 etiam
690 2647 850 2715 derebus
876 2647 1015 2735 propriis
1042 2646 1188 2715 taudem
1216 2647 1321 2714 lacere
1348 2645 1399 2714 vel
1427 2643 1544 2712 falsum

370 2763 477 2831 dicere
497 2769 747 2850 presumseruut

459 2878 530 2946 Hoc
557 2885 664 2948 antem
690 2879 864 2948 indiculum
897 2879 1088 2948 sacramenti
1117 2897 1174 2962 ego
1202 2877 1380 2944 Bonifatius
1410 2877 1542 2962 exiguus

369 2997 539 3083 episcopus
560 3015 658 3062 mauu
679 2996 811 3083 propria
832 2996 963 3082 scripsi3
987 3001 1081 3080 atque
1099 2994 1238 3082 positum
1254 3014 1352 3080 supra
1366 2993 1543 3060 sacratissi-

370 3131 459 3178 mum
481 3131 597 3200 corpus
619 3117 726 3197 tuum,
752 3117 790 3179 ut
816 3112 962 3199 superius
983 3111 1148 3196 leguntur,
1178 3108 1246 3178 Deo
1270 3114 1350 3178 teste
1373 3115 1405 3177 et
1426 3109 1541 3194 iudice,

370 3227 515 3316 prestiti*
538 3233 780 3296 sacramentum.
814 3227 905 3307 Quod
927 3233 959 3296 et
980 3247 1167 3296 conservare
1189 3225 1351 3313 promitto.

374 3442 434 3513 18.
460 3440 634 3530 erepebat
650 3443 693 3508 ΙΙ
702 3467 797 3532 pope
816 3447 971 3510 universa
992 3442 1443 3527 commenmendationes
1461 3437 1541 3508 Ger·

458 3564 601 3626 mnium
627 3563 758 3626 mamm
785 3561 986 3626 commendet.
1021 3556 1082 3625 Oui
1108 3561 1166 3646 qui
1187 3559 1360 3644 obJ‘uerdnt,
1393 3559 1437 3622 eie
1461 3581 1541 3622 ana·

457 3677 562 3744 stenes
576 3680 762 3766 propendet
1272 3671 1306 3756 (S
1326 3673 1400 3755 123,
1423 3669 1492 3738 WG
1507 3669 1541 3752 6)

459 3807 631 3894 Gregorius
659 3811 827 3898 opiscopus
861 3827 972 3874 servus
1001 3825 1165 3874 sorvorum
1187 3804 1249 3874 Dei
1271 3804 1427 3872 universis
1450 3823 1540 3871 reve-
1574 3819 1627 3874 aaa

369 3926 559 3994 rmtissimis
581 3931 615 3994 et
635 3925 843 3994 sanctissimis
865 3923 1016 3990 trabibus
1037 3922 1244 4009 coepiscopis,
1266 3921 1428 4004 relegiosis
1452 3937 1540 4006 pres·
1557 3891 1640 3940 ⁰⁰0¹

368 4043 481 4110 biteris
507 4062 565 4110 seu
591 4041 790 4124 diaconibus,
817 4038 963 4124 gloriosis
991 4038 1139 4124 ducibus,
1167 4036 1344 4122 magnificis
1367 4034 1539 4118 castaldiis,

368 4159 539 4227 comitibus
560 4159 673 4244 etiam,
696 4157 747 4225 vel
769 4156 890 4224 cunctis
912 4155 1092 4222 christianis
1115 4154 1219 4222 Deum
1241 4153 1435 4221 timentibus.

458 4273 711 4342 Sollicitudinem
732 4273 865 4340 nimiam
886 4276 1030 4365 gerentes
1053 4291 1112 4358 pro
1133 4269 1347 4358 speculatione
1362 4267 1482 4336 credita
1497 4301 1539 4314 -

371 4392 460 4476 quia,
488 4391 523 4458 in
549 4391 664 4458 umbra
689 4389 802 4457 mortis
830 4388 952 4473 aliquas
979 4392 1089 4472 gentes
1117 4387 1151 4452 in
1181 4383 1369 4454 Germaniae
1396 4381 1541 4472 partibus

371 4507 420 4575 sel
440 4507 538 4596 plaga
558 4506 705 4576 orientali
725 4505 806 4573 lieni
833 4503 989 4590 fluminis,
1017 4504 1147 4589 antiquo
1175 4503 1266 4570 hoste
1294 4500 1462 4584 suadente,
1492 4519 1541 4566 er·

440 4701 461 4733 ι.
479 4699 510 4734 nc
525 4689 550 4732 l·
565 4687 643 4732 lawa.
722 4685 744 4730 b.
763 4683 857 4743 pressu
872 4685 907 4730 Μ.
984 4695 1005 4730 ο.
1024 4699 1053 4728 es
1068 4685 1098 4728 M
1113 4681 1224 4735 (ἰν-7ο,
1241 4677 1317 4738 (Η,
1333 4677 1430 4725 tobim
1446 4684 1481 4724 eet
1496 4677 1542 4722 uici

373 4769 441 4815 aba
455 4767 582 4827 quonlam
597 4763 660 4825 quod
673 4777 721 4811 non
735 4766 841 4824 optumus
859 4783 885 4794 -
901 4761 1026 4809 indictione
1043 4760 1124 4819 sem).
1148 4763 1200 4809 Sim
1216 4762 1326 4806 mate

438 4873 463 4927 1.
486 4867 586 4926 neten
600 4870 643 4938 16,
655 4869 698 4924 19.
787 4867 814 4922 2.
838 4881 899 4922 naa
988 4867 1014 4923 3.
1037 4865 1101 4922 Act.
1121 4868 1210 4936 apost.
1228 4863 1350 4936 5,1-6.
