4342 6034
608 788 768 838 nossem
788 788 976 837 nunnnnsrs
999 790 1079 836 uuus
1102 787 1296 837 sinuosus·
1457 770 1523 837 ott

360 928 432 997 chus
456 930 695 1017 expergefactus
722 931 880 998 somnium
909 931 968 998 hoo
994 930 1086 998 nobis
1114 950 1186 999 curn
1215 950 1331 1016 magno
1359 930 1524 999 dulcedine

360 1047 503 1113 nouauit

440 1160 518 1230 Post
544 1163 604 1229 hoo
630 1163 697 1229 eius
726 1161 867 1229 studium
895 1166 928 1230 et
956 1182 1051 1249 opus,
1081 1182 1153 1229 cum
1182 1161 1291 1229 divina
1312 1161 1524 1229 beniuolentia

358 1284 495 1345 censeret
516 1298 588 1345 eum
610 1278 864 1345 mmeferendum
886 1298 926 1345 ex
948 1278 1117 1365 temporali
1138 1278 1350 1344 inconstantia
1368 1282 1400 1345 et
1416 1278 1524 1345 labore

358 1392 395 1458 ad
421 1399 539 1461 statum
569 1400 602 1461 et
627 1395 764 1479 quictem
785 1393 948 1461 felicitatis
971 1398 1113 1478 eternae,
1142 1394 1212 1480 ipse
1234 1414 1358 1479 quoque
1380 1394 1523 1459 conscius

356 1516 544 1576 mmetorum
566 1510 761 1594 diuinorum,
789 1508 898 1577 multis
920 1510 1114 1577 orationibus
1138 1516 1170 1577 et
1192 1510 1353 1595 aliquanto
1376 1508 1523 1575 attentio-

356 1624 440 1690 ribus
467 1630 577 1693 sancto
599 1624 735 1692 Martino
764 1646 800 1692 se
825 1626 1065 1692 commendavit
1102 1626 1323 1710 Aggressoque
1344 1625 1459 1691 itinere
1482 1624 1523 1690 ad
1542 1632 1610 1687 1051

355 1736 600 1807 Poderbrunnun
621 1743 805 1829 properavit
825 1742 932 1827 ibique
953 1738 1079 1826 regem¹
1098 1742 1260 1808 inventum
1280 1739 1456 1807 humillime
1471 1759 1522 1805 sa·

354 1854 473 1923 lutnmt
510 1856 572 1924 Die
599 1876 674 1942 ergo
702 1858 903 1924 sanctissima
924 1864 1138 1944 pentecostes,
1168 1876 1264 1941 agens
1285 1856 1331 1923 ibi
1353 1856 1522 1922 missarum
1539 1868 1632 1916 umus

353 1970 385 2036 in
405 1972 532 2058 publico
555 1972 752 2060 sollempnia,
775 1979 850 2061 post
871 1975 973 2041 sancti
995 1972 1152 2057 euangelii
1171 1972 1338 2040 lectionem
1357 1970 1462 2037 stabat
1475 1970 1522 2037 lo-
1562 2046 1564 2055 y

353 2092 480 2154 outurus
509 2088 550 2155 ad
577 2089 712 2176 plebem.
804 2088 867 2157 Sed
895 2090 1041 2175 quoniam
1071 2110 1130 2155 nos
1153 2090 1186 2154 in
1208 2089 1268 2155 hoo
1289 2087 1370 2155 libro
1392 2088 1426 2153 in
1448 2108 1522 2174 pro-

352 2202 484 2271 fundum
505 2205 701 2290 navigamus,
725 2206 819 2272 modo
841 2206 1028 2272 festinamus
1052 2205 1093 2272 ad
1113 2204 1207 2271 huius
1230 2204 1357 2271 ternatie
1378 2203 1464 2287 litus,
1486 2208 1523 2269 ut

353 2338 392 2385 ne
413 2325 556 2387 saturato
576 2320 687 2400 lectori
701 2321 779 2388 tedii
794 2322 960 2408 pituitam·
974 2340 1198 2408 proponamus.
1235 2319 1401 2387 Sermones
1417 2323 1522 2385 autem

353 2434 434 2520 cius,
458 2438 546 2502 omni
568 2436 706 2503 humana
728 2437 897 2522 divinaque
918 2438 1125 2525 precellentes
1148 2438 1318 2524 sapientie,
1341 2436 1445 2519 legere
1467 2454 1523 2500 uo·

351 2550 452 2618 lentes
479 2552 514 2617 in
540 2551 673 2619 mucium
695 2552 837 2620 libellum
859 2551 1049 2637 differimus,
1078 2553 1113 2619 in
1136 2554 1224 2619 euius
1248 2572 1359 2639 campo
1382 2550 1523 2617 studioso

350 2665 461 2733 lectori
487 2686 547 2734 nos
573 2668 790 2735 satisfacturos
812 2670 978 2737 medimna.
1012 2668 1056 2735 Et
1078 2668 1166 2752 digni
1188 2674 1263 2735 sunt
1283 2688 1347 2734 non
1370 2666 1522 2751 oblivisci,

351 2784 555 2867 quoniamst
576 2783 659 2850 iruno
681 2768 874 2869 sermonem,
901 2805 995 2869 quem
1017 2784 1111 2850 modo
1135 2782 1324 2868 differimus,
1354 2783 1445 2849 curnb
1468 2782 1522 2849 de·

350 2895 508 2983 clamarit
532 2898 687 2986 Spiritum
710 2905 853 2966 sanctum
876 2920 934 2988 per
956 2920 992 2966 os
1015 2901 1083 2967 eius
1097 2898 1277 2985 loquentem
1294 2900 1397 2967 dicere
1412 2918 1522 2965 vocem

350 3015 491 3080 omnium
512 3014 666 3081 incitavit
733 3014 819 3100 Ergo
841 3020 1011 3103 postquam
1034 3016 1188 3081 sermonis
1205 3014 1301 3083 finem
1315 3014 1400 3097 fecit,
1423 3014 1522 3079 inter·

349 3129 430 3196 iectu
452 3130 616 3217 paululum
640 3131 758 3198 silentii
778 3152 879 3217 mora,
906 3133 1080 3219 suspiravit
1102 3152 1141 3197 ex
1163 3132 1276 3197 intimo
1298 3130 1402 3213 corde,
1425 3130 1521 3196 dixit-

350 3265 409 3330 que
436 3246 623 3333 prophetica
652 3268 743 3314 voce:
774 3250 840 3315 Iter
864 3263 991 3315 cctam
1021 3272 1107 3330 enno,
1137 3260 1244 3335 patres
1267 3238 1296 3314 at
1307 3248 1448 3333 fratres,
1478 3249 1523 3313 ad

350 3366 436 3449 qnod
456 3366 562 3429 minm
584 3378 829 3451 comparatus
851 3388 930 3432 sam.
965 3366 1114 3452 Lcnpam
1136 3378 1180 3431 cst
1199 3368 1268 3445 item
1293 3366 1349 3429 sec
1362 3376 1521 3451 ennuptwm

349 3478 472 3544 ornern
485 3480 600 3557 tabem·
623 3494 652 3546 ct
666 3482 878 3567 qnidfccn'am
893 3496 988 3548 actuo.
1016 3482 1072 3547 Aa
1087 3494 1192 3547 cosma
1207 3484 1289 3547 anim
1303 3485 1386 3569 rapis
1402 3485 1523 3549 aetem

348 3617 458 3675 vocor,
486 3596 544 3660 abi
563 3599 599 3660 in
619 3618 669 3662 mc
690 3609 789 3664 totam
810 3598 924 3663 hcllnm
945 3610 1090 3679 emetur,
1119 3610 1200 3664 totns
1224 3610 1305 3665 cemes
1323 3598 1440 3685 pnelc’a‘3
1465 3598 1523 3663 nti

348 3711 378 3775 εἰ
403 3713 504 3776 motin
522 3712 626 3798 sacro,
644 3750 688 3761 —
710 3716 830 3779 moion
857 3717 940 3779 enim
967 3718 1045 3779 mcc
1073 3728 1157 3779 stare
1177 3737 1242 3779 non
1264 3714 1352 3779 caleo
1376 3752 1418 3763 -
1442 3715 1522 3800 quid

343 3826 503 3913 placandi
523 3852 621 3893 cansa
641 3831 744 3894 indici
760 3831 900 3916 offeram,
924 3833 1038 3895 nescio.
1075 3830 1199 3895 Vestrae
1214 3833 1313 3917 ipitius·
1325 3852 1432 3917 preces
1441 3852 1520 3917 prc-

349 3945 456 4009 ccdero
475 3964 525 4008 me
542 3958 709 4031 proceret
730 3946 891 4033 subecqnss
922 3958 1074 4033 qaatcnncs
1097 3958 1169 4012 unta
1190 3950 1363 4012 marimum
1383 3948 1520 4013 iadicem

348 4059 415 4124 sinc
441 4061 562 4125 indiae
589 4082 712 4126 merem
737 4064 873 4148 inpnedi.
920 4062 996 4127 Non
1026 4066 1109 4127 enim
1135 4064 1355 4147 iuenflcabitan
1381 4066 1417 4129 in
1444 4084 1519 4129 con·

347 4188 456 4261 specta
483 4178 550 4241 eius
578 4180 680 4243 mnaso
708 4173 842 4243 nicene.
883 4178 929 4244 Et
954 4200 1010 4244 cos
1037 4177 1143 4262 inquit
1169 4182 1199 4244 ei
1225 4182 1305 4265 qnid
1332 4180 1408 4245 boni
1428 4204 1450 4244 a
1471 4202 1520 4244 ms

348 4292 483 4357 enuncia
505 4315 672 4379 amquam,
702 4317 796 4380 repo,
826 4306 947 4360 emate
969 4306 998 4359 et
1019 4296 1133 4381 dapnes
1155 4292 1210 4361 voe
1231 4318 1343 4382 repon,
1368 4296 1412 4360 ud
1434 4298 1520 4381 qnod

346 4409 452 4473 noemi
477 4430 599 4490 monne,
626 4423 806 4497 proparate.
848 4406 985 4497 Tempus
1013 4413 1097 4475 enim
1124 4412 1214 4476 breve
1239 4424 1292 4477 est.
1327 4410 1423 4476 Nunc
1445 4432 1518 4497 erpo

347 4545 402 4588 voe
426 4527 604 4591 cornmendo
632 4524 714 4591 dixit
744 4529 787 4606 ci,
818 4530 876 4612 qni
895 4549 950 4592 oco
972 4527 1053 4591 oniti
1074 4528 1314 4608 commendauit,
1338 4527 1409 4593 Dee
1427 4529 1521 4613 patri
1619 4613 1622 4621 Ι

349 4643 554 4728 omnipotenti
574 4654 603 4707 et
622 4643 716 4708 verbo
740 4645 806 4707 cias
821 4642 894 4708 len
908 4640 1030 4708 Christo
1053 4644 1181 4709 domino
1200 4656 1229 4709 at
1244 4642 1385 4731 Spiritui
1397 4656 1516 4725 sonmo,

419 4803 441 4837 s.
459 4792 544 4851 pituita
558 4809 579 4837 c.
655 4791 680 4839 b.
700 4804 752 4839 cun
767 4792 860 4839 addi&

419 4888 444 4941 1.
468 4886 686 4942 sensorum.
776 4889 802 4942 a.
826 4887 871 4945 aa.
885 4888 945 4958 142,
958 4888 984 4943 a.
1029 4871 1038 4902 ⁸
