4342 6034
692 728 761 795 472
936 731 941 744 ’
1101 744 1219 793 russro
1242 746 1269 793 s
1285 744 1462 794 sonmsrrr

691 887 753 954 Hic
770 890 876 953 sutem
892 886 1034 955 honestis
1048 886 1199 971 moribus,
1222 892 1259 953 ut
1272 886 1389 971 ferunt,
1412 908 1503 954 suam
1517 888 1617 955 vitam
1632 889 1839 977 circumspexit,

690 1003 755 1069 nisi
782 1007 908 1069 tanturn
936 1004 1020 1088 quod
1048 1022 1121 1069 cum
1148 998 1304 1069 herodiis¹
1326 1008 1358 1071 et
1386 1004 1517 1071 canibus
1545 1024 1604 1090 per
1633 1006 1840 1093 semetipsum

690 1118 863 1185 iocabatur.
957 1118 1021 1187 Sed
1041 1124 1149 1187 umen
1172 1118 1354 1202 diligentius
1377 1120 1540 1205 inquirens
1563 1124 1596 1185 et
1618 1118 1779 1206 explorans
1797 1141 1842 1186 no

690 1254 765 1301 men
787 1234 860 1317 siri,
883 1231 938 1318 qui
960 1255 1052 1301 suum
1075 1235 1231 1301 seniorem
1254 1234 1422 1317 occiderat,
1444 1235 1585 1303 exercitu
1600 1255 1666 1303 non
1680 1234 1773 1301 multo
1785 1240 1843 1322 post

602 1343 604 1346 ’
691 1349 847 1433 edunato,
877 1370 943 1416 una
964 1369 1036 1437 cum
1059 1350 1237 1417 venerando
1260 1349 1394 1417 Karrolo
1417 1350 1458 1417 ad
1481 1350 1607 1418 eosdem
1631 1350 1782 1435 Saxones,
1799 1351 1841 1418 ubi

566 1509 577 1533 .
691 1469 783 1552 pstor
811 1466 879 1531 eius
902 1466 1007 1533 fuerat
1028 1467 1204 1550 extinctas,
1232 1466 1382 1552 perrexit
1428 1465 1472 1533 Et
1493 1466 1676 1535 sedentibus
1698 1488 1716 1533 e
1737 1468 1841 1551 miore

691 1580 881 1647 exercitibus
904 1582 939 1647 in
961 1583 1035 1669 ripa
1055 1580 1195 1647 duminio
1217 1580 1413 1666 Wisuraba·,
1442 1584 1605 1669 praecepit
1630 1584 1701 1669 ipse
1723 1582 1841 1667 antista,

691 1716 807 1763 nomen
820 1696 918 1781 illins,
942 1698 997 1782 qui
1012 1702 1137 1783 patrem
1153 1716 1243 1763 suum
1260 1697 1427 1782 occiderat,
1447 1698 1576 1783 inquiri.
1605 1697 1842 1785 Remomumque

692 1817 751 1895 est,
774 1833 846 1879 eum
870 1811 1007 1879 affuisse.
1044 1815 1167 1900 Repete
1188 1813 1300 1897 inquid
1320 1815 1413 1879 illam
1434 1818 1470 1879 r'a
1491 1817 1594 1881 medio
1614 1838 1707 1881 amas
1720 1818 1842 1902 floreas

691 1952 811 1994 mecam
839 1932 1054 1995 semeiam-i
1094 1927 1137 1995 Et
1158 1928 1213 1995 ille
1235 1928 1313 1995 baut
1335 1930 1474 2013 segniter
1495 1948 1576 2016 equo
1598 1934 1728 2017 parato,
1754 1929 1785 1995 iu
1804 1948 1842 1996 oo

691 2064 819 2111 cursum
847 2046 929 2128 eius,
959 2049 996 2109 ut
1017 2048 1087 2110 erat
1108 2040 1284 2127 invitatus,¹
1305 2046 1476 2111 festinavit
1517 2048 1570 2113 Ida
1591 2046 1704 2131 inquid
1726 2043 1842 2113 Gewolib

691 2164 809 2248 accipe,
834 2184 896 2247 qao
918 2173 1042 2248 patrem
1063 2162 1201 2242 modico,
1216 2162 1356 2247 ferram.
1390 2160 1563 2247 Dictoque,
1586 2162 1709 2248 pariter
1729 2160 1842 2226 baudo

692 2276 740 2341 dit
768 2296 856 2357 eum3
886 2280 919 2341 et
945 2275 999 2341 ille
1028 2274 1144 2343 cadens
1166 2276 1199 2342 in
1221 2274 1352 2343 flumine
1375 2276 1514 2345 exalavit
1535 2277 1644 2343 sitam.
1677 2276 1722 2343 lit
1743 2276 1780 2343 ob
1799 2275 1843 2341 boc

691 2392 845 2457 consertis
867 2392 985 2475 cuneis,
1009 2392 1095 2457 omni
1117 2392 1189 2458 nisu
1211 2393 1370 2478 utrimque
1392 2392 1577 2459 dimicatum
1592 2397 1649 2458 est.
1686 2391 1843 2479 Superatis

692 2528 753 2593 que
776 2506 969 2589 saxonibus,
997 2506 1132 2573 Karolus
1156 2527 1227 2575 cum
1250 2510 1331 2592 suis,
1362 2508 1498 2595 spoliata
1520 2512 1641 2592 strage,
1671 2508 1712 2574 ad
1734 2509 1844 2595 propris

691 2625 854 2691 remearit.
899 2621 1077 2710 Episcopus
1111 2628 1233 2709 summ,
1269 2645 1288 2690 a
1321 2624 1397 2691 cede
1430 2644 1607 2708 regressus,
1641 2622 1713 2691 rudi
1745 2622 1843 2711 populo

558 2771 566 2782 ·
691 2738 778 2805 rudis
802 2739 905 2805 adbuc
926 2739 1064 2827 praesul,
1087 2739 1162 2807 licet
1184 2746 1267 2807 etate
1289 2744 1431 2806 maturus
1454 2745 1561 2806 tamen
1582 2738 1664 2807 lidel
1680 2789 1689 2805 .
1703 2790 1711 2805 .
1725 2789 1749 2824 .,
1770 2758 1845 2826 prae

691 2853 811 2936 licitur3
845 2874 909 2921 non
942 2855 1198 2942 computantibus
1229 2874 1287 2921 uec
1318 2876 1392 2939 rege
1423 2874 1483 2923 nec
1509 2855 1621 2923 ceteris
1648 2854 1844 2942 optimatibus,

691 2969 864 3038 vindictam
891 2972 994 3057 patris
1023 2972 1142 3039 crimen
1178 2990 1262 3056 esse,
1297 2970 1552 3057 dicentibusque:
1587 2972 1693 3039 Vicera
1725 2972 1844 3037 reddidit

690 3090 795 3175 pctm's
816 3091 939 3153 mersit

780 3201 902 3269 Eodem
926 3204 1035 3289 itaque
1062 3208 1205 3290 tempore
1232 3202 1422 3271 venerabilis
1444 3200 1626 3270 Boniiaoius
1648 3201 1781 3269 Domino
1800 3200 1844 3269 dn

692 3324 783 3386 sente
801 3318 841 3387 de
855 3317 1045 3403 Brittannia,
1068 3318 1243 3403 Anglornm
1258 3324 1362 3404 gente,
1385 3318 1588 3386 Germaniam
1601 3318 1770 3403 ingressus,
1790 3336 1843 3384 ms

692 3435 823 3517 teriam,
852 3454 946 3519 quam
976 3434 1100 3500 invenit
1126 3435 1238 3522 optimi
1267 3434 1389 3522 operis,
1418 3454 1572 3521 quaerens
1601 3433 1844 3522 praedicandiet

693 3550 892 3638 baptizandi3
915 3548 1095 3616 Renotems
1118 3538 1238 3617 cunctis
1258 3550 1402 3617 lustratis
1416 3550 1608 3634 sumtibus,
1630 3556 1723 3619 caute
1737 3556 1843 3637 utprn·

693 3668 771 3734 dens
793 3666 990 3754 prospiciens
1012 3670 1132 3751 pastor,
1156 3686 1219 3752 qna
1239 3671 1331 3753 parte
1353 3672 1494 3733 errantes
1511 3686 1635 3752 quaque
1649 3672 1736 3734 recto
1750 3666 1844 3733 itinere

693 3783 874 3867 gradientes
896 3782 1093 3868 conspiceret
1115 3802 1205 3866 ores,
1227 3802 1327 3867 usque
1350 3782 1425 3847 dum
1449 3781 1490 3848 sd
1511 3802 1661 3867 magnam
1682 3777 1845 3867 metropol·

693 3904 802 3965 tanam
824 3903 932 3964 sancte
953 3896 1116 3981 Mogontia
1139 3898 1316 3981 deitatem,
1345 3898 1482 3965 Domino
1511 3918 1618 3965 secum
1640 3900 1843 3975 commorante,

692 4014 846 4101 pervenit
891 4012 961 4080 Illic
981 4014 1118 4081 nefando
1141 4034 1236 4100 opere
1258 4014 1400 4102 episcopi
1422 4020 1587 4102 conperto,
1617 4016 1727 4082 statim
1747 4013 1783 4080 ad
1802 4028 1843 4077 cs

693 4134 753 4216 put
774 4130 863 4212 tegni
885 4130 979 4195 etad
1001 4131 1277 4217 comprovintiales
1300 4132 1464 4217 episcopos
1486 4150 1558 4197 eum
1580 4130 1704 4198 fervore
1726 4126 1843 4217 Spiritus

694 4245 811 4330 sancti,
838 4251 876 4310 ut
901 4246 1064 4313 confracta
1084 4244 1236 4313 solidaret
1257 4253 1290 4315 et
1311 4248 1433 4315 dissuta
1454 4247 1598 4314 acumine
1619 4240 1841 4334 praedicationis

695 4360 852 4443 euangelii
872 4366 1055 4445 consueret,
1083 4360 1251 4445 confluxit3
1281 4384 1322 4429 ne
1344 4364 1460 4429 veteris
1483 4362 1717 4431 consuetudinis
1737 4372 1841 4447 panant

694 4481 795 4543 totam
816 4475 891 4543 lidei
911 4482 1032 4544 vestem
1053 4477 1185 4545 fedaret
1230 4478 1365 4564 Eisque‚
1388 4483 1425 4545 ut
1446 4482 1515 4545 erat
1537 4480 1645 4563 magni
1666 4474 1789 4563 ingenii,
1809 4469 1840 4535 de

695 4592 835 4680 periculo
869 4594 973 4677 gregis
1008 4598 1041 4660 et
1073 4593 1113 4661 do
1145 4594 1330 4663 habitudine
1364 4594 1503 4683 episcopi
1537 4592 1667 4663 silenter
1693 4586 1838 4661 intimarit

767 4747 789 4780 a.
807 4732 929 4781 Wlsnnba
943 4750 965 4781 a.
1040 4735 1064 4782 b.
1084 4752 1129 4783 aas
1145 4744 1179 4783 sat
1193 4720 1279 4783 lamna
1294 4738 1319 4783 is
1333 4754 1354 4783 s.
1432 4749 1452 4785 o.
1472 4738 1545 4785 morte
1561 4753 1582 4784 c.

767 4829 792 4883 1.
815 4826 975 4883 falconibus.
