4342 6034
656 785 844 837 surerenas
866 784 1095 836 uoeuusmsn
1118 786 1172 834 as
1434 766 1500 835 323

339 928 447 994 riosum
473 928 739 1015 triumphatorem
761 929 855 1014 longe
875 927 1002 1014 lateque
1023 925 1176 1015 perfieiat
1223 926 1282 994 His
1304 926 1351 993 ita
1372 926 1500 993 domins
1518 934 1660 991 eat-829

337 1050 496 1129 unumque
517 1044 704 1131 suppliciter
725 1046 893 1132 predictis,
921 1042 1082 1111 reeordari
1104 1041 1340 1110 devotissimam
1363 1041 1500 1110 elemen-

336 1160 407 1225 tiam
427 1167 566 1227 vestam
589 1160 736 1229 obtamus
758 1161 798 1229 de
818 1166 947 1249 pastore
969 1164 1089 1243 nostro,
1114 1158 1229 1243 exiguo
1251 1164 1357 1226 vestro
1380 1157 1501 1225 famulo

335 1274 452 1360 (ligero,
475 1277 743 1345 intersedentibus
765 1275 815 1343 his
837 1277 956 1344 sanetis
972 1275 1119 1362 superius
1136 1274 1324 1357 nominatim
1348 1280 1394 1359 ut,
1418 1275 1502 1341 siout

335 1392 484 1478 coepistis,
506 1392 553 1460 ita
574 1392 763 1480 perficiatis:
787 1398 942 1478 qnatenus
956 1392 991 1458 in
1006 1412 1064 1458 suo
1079 1390 1163 1475 sede,
1187 1396 1294 1458 vestra
1308 1390 1502 1457 oonoedente

334 1507 443 1593 gratio,
471 1506 541 1575 Deo
569 1514 602 1577 et
628 1509 747 1577 senatis
774 1508 842 1576 eius
865 1508 983 1575 serviat
1004 1512 1206 1595 uestramque
1228 1508 1404 1575 orationem
1428 1526 1499 1573 oum
1630 1490 1631 1493 ¹

334 1623 416 1691 nobis
437 1625 586 1692 omuibus
608 1626 661 1693 die
681 1630 840 1711 nootuque
862 1630 1017 1691 exerceat
1043 1601 1047 1624 ¹
1064 1623 1179 1691 Amen.

335 1835 365 1907 6.
394 1838 488 1907 Totte
510 1841 681 1905 moetos
697 1839 868 1927 Apono
893 1839 1043 1905 ostentm
1064 1839 1336 1926 arehiepiscopum
1360 1838 1499 1923 Mopsou-

392 1959 495 2023 tisum
515 1956 678 2037 hortatur,
702 1969 737 2022 ut
754 1979 819 2043 pro
841 1979 874 2021 se
893 1968 1039 2042 precetur
1059 1956 1321 2041 membrorumque
1342 1954 1406 2021 sibi
1425 1956 1499 2019 mit-

391 2085 452 2154 tut,
483 2075 520 2137 ιἰι
547 2073 661 2159 paidos
690 2074 907 2139 lectionarium
934 2086 963 2139 at
983 2071 1144 2139 merstem
1169 2068 1403 2157 meseonem
1424 2092 1498 2159 per·-

390 2183 554 2255 Μῶαν.
651 2176 653 2181 ’

358 2320 390 2387 ‚e
408 2320 617 2389 Senotissimo
640 2326 673 2389 et
690 2321 724 2387 in
738 2320 856 2387 Christi
870 2321 1021 2388 membris
1035 2319 1243 2387 dileetissimo
1259 2320 1406 2407 patrique
1420 2320 1499 2409 piis·
1517 2328 1659 2384 διδ-838

331 2435 403 2503 simo
424 2436 547 2504 Otkero
570 2438 806 2525 arehiepissopo
829 2432 951 2521 Tatto¹,
974 2434 1103 2503 humilis
1127 2435 1316 2504 remaoulue
1337 2442 1443 2504 vester
1466 2442 1499 2505 et

330 2549 423 2619 idelis
444 2557 565 2638 orator,
588 2572 732 2621 summae
754 2553 958 2621 bsadtudinis
980 2550 1197 2621 inviolabilem
1218 2558 1313 2640 utque
1327 2552 1499 2622 inmeroos·

330 2650 449 2736 sibilem
471 2670 507 2736 in
529 2670 656 2736 domino
679 2670 748 2737 Deo
770 2675 879 2737 nostro
903 2668 1048 2737 sulutem.

411 2784 564 2852 Omnium
591 2784 685 2853 huius
713 2785 834 2853 ordinis
862 2785 1004 2852 virorum
1033 2784 1271 2852 amantissimae
1300 2789 1393 2871 atque
1422 2784 1500 2852 mihi
1574 2798 1576 2806 ’

332 2899 541 2986 dulcissimae,
570 2922 611 2968 ne
637 2902 794 2989 despicias
817 2901 964 2985 exiguam
986 2900 1172 2987 petitionem
1196 2898 1372 2967 fidelissimi
1396 2906 1499 2968 orato-

331 3016 370 3083 ris
389 3019 449 3085 tui
491 3017 554 3085 Sed
576 3017 748 3085 seeundum
770 3016 948 3083 inmensam
970 3014 1217 3083 benivolentiam
1240 3016 1425 3083 assolitam
1448 3036 1500 3083 ea·

331 3132 449 3201 riuum
473 3140 576 3220 tuam,
606 3140 673 3201 esto
703 3134 766 3201 mei
788 3132 912 3217 indigni
933 3152 1071 3199 memor:
1103 3137 1154 3217 ut,
1184 3130 1260 3198 dum
1282 3152 1334 3199 me
1356 3130 1499 3201 Christus

332 3270 436 3319 souare
463 3250 593 3318 iusserit
620 3255 653 3319 et
679 3255 804 3318 restrae
831 3250 1014 3316 intimatum
1040 3248 1138 3315 fuerit
1166 3247 1334 3316 mellifluae
1364 3248 1499 3336 caritati,

333 3373 418 3450 prout
439 3368 545 3433 risum
566 3366 679 3452 fuerit,
702 3387 760 3455 per
783 3370 904 3433 vestros
927 3385 1017 3432 meae
1038 3364 1209 3452 parvitatis
1232 3364 1402 3451 animulae,
1425 3366 1500 3433 hino

334 3480 468 3550 meantis
491 3482 542 3549 vel
564 3482 599 3549 in
619 3482 680 3551 hoo
701 3482 887 3569 eorpuseulo
911 3481 1151 3566 commorantis,
1180 3500 1336 3549 memores
1360 3502 1428 3550 esse
1451 3482 1499 3549 di-

332 3598 472 3681 gnemini
506 3596 590 3665 Nam
613 3598 641 3665 si
663 3618 714 3665 me
736 3596 839 3683 Deus,
870 3596 954 3683 qnod
975 3616 1040 3665 non
1062 3602 1154 3684 opto,
1178 3598 1383 3683 superstitem
1405 3598 1496 3667 vobis

333 3713 503 3800 reliquerit,
540 3720 828 3800 quantumoumque
857 3734 915 3801 per
942 3734 994 3780 me
1023 3714 1091 3780 sive
1120 3734 1178 3800 per
1204 3712 1377 3801 familiares
1409 3734 1497 3783 meos

333 3830 442 3898 amieos
463 3829 609 3899 laborare
632 3828 764 3914 sufficio,
787 3829 822 3897 in
844 3828 1038 3897 orationibus
1061 3826 1203 3897 studiose
1226 3828 1356 3917 explere
1368 3851 1426 3919 pro
1441 3852 1496 3899 so-

333 3944 375 4013 bis
395 3953 548 4032 satagam.
586 3946 630 4013 Et
651 3944 751 4014 donee
772 3947 915 4032 utrisque
928 3945 1016 4013 Deus
1038 3944 1138 4013 vitem
1160 3946 1242 4013 hano
1256 3946 1407 4015 oadueem
1421 3968 1496 4017 eon·

332 4064 469 4149 cesserit,
492 4067 632 4130 vestram
655 4062 831 4131 almitatem
853 4063 916 4129 mei
939 4061 1062 4146 indigni
1084 4068 1117 4129 et
1138 4062 1314 4150 peccatoris
1337 4084 1406 4131 esse
1428 4082 1495 4133 me-

332 4196 443 4246 morem
464 4200 558 4264 rog03
582 4180 730 4267 quoniam
753 4200 810 4264 ego
834 4178 931 4246 vestri
953 4178 1110 4245 indefesse
1133 4178 1262 4246 assidua
1283 4182 1316 4246 ot
1337 4178 1496 4249 ootidiana

333 4313 417 4377 prese
436 4316 559 4363 memor
580 4316 645 4380 ero,
668 4296 786 4381 optime
809 4300 904 4381 atque
926 4294 1094 4361 mitissime
1114 4299 1215 4381 pater.
1262 4295 1344 4363 Nam
1367 4297 1395 4364 si
1417 4296 1496 4365 haee

397 4451 417 4484 ι
436 4455 466 4485 a
481 4437 534 4484 ”a
547 4437 716 4484 rerem
729 4438 875 4496 perorem
890 4438 915 4485 s.
926 4439 1041 4493 eneae
1053 4438 1098 4493 rer.
1110 4438 1147 4483 rs.
1170 4439 1223 4486 se«
1238 4440 1348 4484 remeo.

397 4534 421 4588 1.
442 4534 522 4589 nane
544 4532 688 4603 aeneum
711 4518 819 4587 noent
841 4530 966 4588 esnone
989 4530 1146 4601 (sponsae
1170 4530 1198 4588 s.
1216 4530 1363 4601 somam)
1385 4548 1411 4587 n.
1432 4534 1492 4604 114,

335 4616 535 4679 Wdrdtweiuius
552 4638 580 4676 u.
593 4622 655 4691 138,
673 4620 792 4677 Gilesius
810 4638 836 4676 u.
851 4622 911 4676 128.
984 4624 1010 4676 2.
1028 4620 1179 4677 mouaohus
1190 4620 1347 4691 Aegiensis,
1366 4621 1412 4689 qui
1425 4620 1494 4682 obiit

335 4704 381 4762 tlt
394 4710 470 4766 llari.
482 4711 527 4765 20.
555 4708 703 4765 Annalium
720 4710 960 4765 Alamannioorum
978 4714 1050 4765 oont.
1068 4708 1216 4779 Augleusis
1234 4708 1317 4776 (Mon.
1331 4708 1422 4765 Germ.
1442 4708 1492 4767 SE.

336 4792 396 4865 150)
412 4800 476 4855 eut:
497 4800 598 4871 „Tatto
615 4802 645 4854 et
661 4798 824 4854 Erlaboldns
841 4796 999 4854 obieruntt
1026 4798 1133 4853 Neorol.
1151 4796 1293 4867 Auglense
1311 4797 1491 4864 (Mittheilun

338 4898 384 4951 geu
398 4887 444 4944 der
461 4888 565 4959 antiqu
585 4886 735 4945 Gesellseh.
753 4888 782 4943 in
799 4886 896 4943 tunm
914 4887 954 4945 VI
966 4889 1006 4956 2):
1027 4886 1115 4958 „xm
1133 4887 1195 4943 Kal.
1213 4886 1281 4957 Apr.
1300 4886 1415 4943 Tetto¹‘.

1219 4984 1278 5041 21*
