4342 6034
649 730 715 799 238
898 748 926 795 s.
942 747 1120 797 normann
1141 749 1186 797 rrr
1207 748 1311 797 uuum
1332 746 1520 797 uersromn
1541 748 1573 797 so

652 887 713 959 90.
737 890 924 976 Bonifatius
939 889 1131 957 Aldten‘ma
1152 891 1295 957 abbatem
1315 904 1419 977 rogat,
1440 905 1479 959 at
1497 915 1565 959 ooo
1587 913 1658 959 eom
1671 914 1735 957 suo
1748 912 1821 957 eoa·
1914 909 1915 982 l

735 1010 919 1093 gregorious
939 1028 1001 1093 pro
1022 1009 1105 1094 ipso,
1125 1029 1189 1095 pro
1206 1004 1385 1089 ommno,
1404 1029 1469 1094 pro
1483 1010 1617 1075 marato
1630 1008 1822 1095 quibasdam

738 1123 810 1188 Deo
832 1125 1013 1211 supplicem.
1437 1122 1474 1203 (S
1489 1125 1544 1207 24,
1566 1121 1607 1189 W
1625 1123 1701 1206 100,
1725 1120 1754 1187 G
1771 1122 1822 1202 89)

490 1259 631 1315 732-755
737 1254 923 1323 Venerando
945 1256 1040 1323 fratri
1054 1254 1208 1322 Aldherio
1230 1254 1339 1321 abbati
1352 1254 1535 1323 Bouifaeius
1556 1255 1690 1340 exiguus
1713 1275 1823 1322 servus

649 1388 812 1437 servorum
833 1370 895 1439 Dei
916 1372 951 1438 iu
973 1370 1100 1439 Christo
1122 1370 1267 1437 salutem.

737 1485 888 1553 Caritatis
916 1493 1041 1555 vestrae
1064 1487 1265 1554 elementiam
1287 1485 1468 1553 medullatis
1496 1491 1531 1554 et
1551 1486 1674 1553 intimis
1696 1507 1824 1574 preoor·
1914 1569 1915 1592 Χ

648 1600 772 1669 diorum
795 1602 996 1670 obseoramus
1019 1602 1178 1689 preoibus,
1199 1606 1237 1667 ut
1258 1602 1293 1668 in
1314 1602 1430 1669 uestris
1446 1603 1655 1670 seorosuuotis
1670 1603 1824 1670 orationi·
1914 1625 1915 1706 ι

647 1717 706 1785 bus
733 1718 955 1786 intercedendo
984 1718 1085 1785 nostri
1112 1738 1269 1785 memores
1302 1738 1372 1785 esse
1406 1718 1580 1803 dignemini
1608 1730 1641 1787 et
1670 1718 1824 1787 almitatis
1914 1723 1915 1774 ἐ

646 1838 771 1901 restrae
793 1834 940 1922 preeibus
962 1834 1145 1921 inploretis:
1166 1838 1204 1900 ut
1224 1834 1298 1920 pius
1312 1833 1479 1919 Dominus,
1502 1836 1558 1921 qui
1574 1854 1672 1902 eausa
1685 1841 1738 1903 est
1752 1858 1825 1924 per·

648 1950 852 2033 eminatiouis
886 1955 1030 2035 nostrae,
1065 1970 1181 2017 navem
1212 1948 1395 2034 tragilitatis
1428 1956 1571 2035 nostrae,
1605 1972 1648 2018 ue
1674 1951 1824 2020 fluetibus
1914 1983 1915 1998 2

648 2062 907 2133 Germanicarum
923 2071 1148 2153 tempestatum
1163 2066 1394 2150 submergetur,
1417 2066 1549 2133 dextere
1563 2086 1622 2132 sua
1635 2072 1825 2153 protegente

648 2186 681 2248 et
702 2182 909 2268 gubernante,
930 2182 1064 2249 inlesam
1087 2181 1291 2250 eustodiendo
1314 2182 1356 2247 ad
1370 2181 1514 2248 eoelestis
1530 2181 1734 2250 Hierusalem
1748 2184 1825 2250 litus
1914 2197 1915 2200 ’

646 2298 855 2383 tranquillum
875 2298 1038 2386 perduoat
1085 2297 1246 2365 Salutate*
1269 2318 1378 2364 omnes
1399 2298 1515 2365 debes
1537 2303 1667 2365 sanotee
1690 2317 1824 2383 cougre-
1914 2335 1915 2338 ι

647 2414 784 2497 gationis
806 2419 940 2498 vestrae,
962 2418 1089 2481 nostros
1111 2414 1146 2479 iu
1160 2414 1229 2481 Deo
1251 2414 1442 2497 carissimos,
1464 2414 1497 2479 in
1520 2414 1627 2482 oseulo
1642 2414 1824 2482 dilectionis

648 2548 686 2596 ao
708 2530 883 2597 devotionis
906 2535 1043 2597 nostrae.
1084 2529 1350 2597 Commendamus
1371 2530 1493 2597 soilieet
1513 2550 1573 2596 uos
1595 2531 1730 2599 vestris·
1755 2551 1825 2599 ora-

646 2645 796 2731 tionibus,
820 2651 865 2729 ut,
889 2647 956 2713 sive
977 2646 1120 2713 viventes
1143 2646 1211 2713 sive
1232 2646 1419 2730 morientes,
1440 2651 1567 2713 vestrae
1588 2648 1825 2715 oommuuioui¹

648 2762 790 2828 earitatis
813 2763 977 2829 sooiemur.
1023 2761 1068 2828 Et
1089 2767 1126 2828 ut
1146 2761 1207 2829 hoe
1226 2762 1275 2827 ita
1294 2760 1454 2846 mmetur,
1475 2762 1642 2831 deuotione
1662 2764 1826 2833 dammae

648 2877 789 2944 earitatis
813 2898 832 2945 a
853 2878 943 2945 vobis
961 2878 1053 2944 iuxta
1066 2877 1263 2944 voluntatem
1277 2877 1463 2945 elementiae
1477 2884 1617 2946 vestae·
1632 2881 1827 2967 promereri'

647 2992 802 3078 volumus,
825 2993 860 3059 iu
883 2999 1037 3079 quantum
1052 2998 1195 3081 potestas
1209 2993 1386 3079 profertum
1401 2994 1599 3061 adtribuerit.
1679 2996 1826 3065 Petimus

649 3130 783 3195 quoque,
806 3116 843 3176 ut
865 3130 923 3196 pro
942 3107 1139 3177 Germaniois
1161 3108 1335 3194 gentibus⁸,
1357 3109 1514 3176 idolorum
1537 3110 1679 3179 cultures
1695 3112 1826 3199 deditis,

647 3225 842 3293 intercedere
871 3226 1003 3306 ouretis3
1033 3230 1182 3309 rogantes
1204 3224 1392 3309 Dominum,
1421 3226 1476 3310 qui
1503 3246 1562 3312 pro
1590 3228 1688 3294 totius
1711 3230 1827 3297 mundi

648 3340 750 3407 salute
771 3342 937 3428 proprium
960 3341 1147 3425 sauguinem
1169 3340 1252 3406 fudit
1272 3346 1305 3407 et
1325 3340 1396 3407 vult
1421 3360 1531 3409 omues
1551 3342 1695 3410 homiues
1718 3345 1826 3412 salros

648 3454 717 3522 lieri
740 3456 834 3523 etad
858 3456 1052 3540 agnitionem
1078 3457 1222 3523 veritatis
1249 3452 1386 3541 veuire',
1415 3463 1453 3525 ut
1480 3478 1534 3525 eas
1562 3458 1604 3525 ed
1626 3460 1826 3543 agnitionem

649 3572 799 3638 oreatoris
823 3576 856 3638 et
878 3571 918 3637 ad
940 3570 1097 3655 gremium
1117 3572 1230 3638 matris
1253 3572 1423 3640 aeoolesiae
1444 3580 1617 3641 convertet
1701 3574 1827 3645 Simili-

647 3691 707 3773 ter,
730 3692 766 3755 ut
787 3707 846 3775 pro
869 3687 1097 3754 dormientium
1118 3688 1255 3753 fratrum
1277 3688 1455 3773 animabus,
1477 3690 1532 3774 qui
1553 3690 1721 3757 nobiseum
1735 3692 1826 3760 labo

647 3804 762 3871 rabant
782 3804 816 3871 iu
832 3804 981 3887 Domino,
1005 3803 1183 3869 orationum
1206 3804 1409 3871 adiuvamiua
1424 3806 1641 3899 etmissarum
1655 3806 1827 3877 sollemnia

648 3920 807 3988 eelebrare
834 3920 975 4003 faeiatis,
1011 3938 1194 4006 precemur3
1229 3940 1365 4006 quorum
1392 3915 1523 3988 uomina
1550 3922 1679 4006 gerulus
1706 3923 1826 3991 barum

647 4035 825 4103 litterarum
847 4036 1104 4103 demonstrabile
1141 4035 1253 4104 Valere
1275 4036 1503 4105 beatitudinem
1516 4042 1657 4105 uestram
1680 4044 1714 4107 et
1731 4060 1826 4108 sauo-

647 4151 691 4219 tis
713 4152 908 4221 suooessibus
930 4150 1083 4240 profioere
1105 4152 1140 4218 in
1162 4151 1289 4220 Christo
1310 4153 1479 4238 diligenter
1501 4160 1658 4241 optumus

721 4344 742 4377 a.
762 4348 791 4377 ιτ
807 4331 998 4389 croso-107,
1022 4332 1044 4377 V
1059 4330 1178 4376 ll-lto.
1201 4333 1334 4377 &mantas
1353 4330 1458 4391 Epistola
1472 4330 1581 4378 Bonifatii
1599 4330 1628 4378 ud
1644 4332 1774 4381 Allheriuuu
1792 4338 1823 4390 C,·

649 4410 705 4457 ltem
724 4411 821 4471 epistola
835 4409 946 4459 Boniiaeii
963 4409 1130 4469 archiepiscopi
1147 4411 1175 4458 V.
1245 4410 1269 4456 b.
1289 4400 1368 4457 Saluti
1385 4413 1411 4459 C.
1481 4424 1501 4458 a
1521 4412 1607 4457 uostris
1623 4414 1650 4461 C.
1722 4413 1826 4461 neon-

648 4491 710 4537 moni
728 4490 755 4538 V.
833 4504 853 4536 e.
874 4490 976 4535 cariatto
993 4489 1050 4535 add.
1068 4491 1095 4537 C.
1172 4488 1188 4535 f.
1209 4490 1330 4548 promeriri
1346 4493 1401 4539 HC·
1479 4504 1501 4549 g.
1522 4491 1597 4549 gentis
1615 4492 1664 4539 Vc.
1735 4492 1759 4539 h.
1784 4492 1825 4539 de·

648 4567 783 4615 monstravit
800 4569 827 4623 V,
844 4585 901 4613 corr.
917 4571 941 4613 bs
957 4566 1122 4614 demonstrabit
1138 4569 1164 4615 C.

724 4672 746 4725 r.
770 4670 995 4741 rumosas.

1127 4789 1341 4807 -··-··-——=-
