4342 6034
606 784 825 833 anonumum
846 786 890 833 nr
913 786 1015 833 nuum
1037 787 1224 834 srrsrouas
1247 788 1277 833 e1
1463 768 1527 835 179
1576 754 1580 761 ”

358 924 534 993 Bonilacius
550 936 678 993 sersus·
701 946 863 993 servorum
879 926 949 1011 Dei,
973 927 1096 1011 legatus
1113 925 1320 993 Germanicus
1343 926 1427 993 sedis
1451 948 1528 1013 upo-
1546 935 1688 991 744-747

358 1040 497 1125 stolicae,
521 1044 678 1109 sinceram
700 1042 735 1107 in
757 1042 883 1109 Christo
906 1042 1059 1129 spiritalis
1082 1043 1301 1126 germanitatis
1324 1042 1469 1109 salutem.

441 1156 593 1225 Caritatis
615 1162 689 1224 tuae
711 1158 895 1225 muneribus
919 1164 951 1224 et
972 1158 1062 1225 libris
1085 1160 1251 1245 susceptis,
1275 1159 1398 1241 erigens
1419 1158 1460 1223 ad
1476 1178 1528 1223 su-

357 1272 597 1359 prompsimus,
628 1292 760 1357 magnas
789 1275 998 1361 omnipotenti
1028 1274 1096 1341 Deo
1125 1274 1243 1358 gratias
1273 1275 1338 1357 egi,
1368 1274 1423 1357 qui
1450 1273 1530 1339 mihi

356 1387 443 1473 longe
464 1390 685 1475 peregrinanti
707 1390 802 1456 talem
825 1390 967 1457 invenire
996 1391 1151 1457 noncessit
1178 1390 1331 1471 amicum,
1354 1389 1410 1474 qui
1431 1387 1528 1453 mihib

358 1505 438 1570 etin
460 1505 558 1571 rebus
581 1506 715 1571 terrenis
739 1505 930 1573 adiutorium
961 1511 992 1571 et
1019 1506 1053 1571 in
1083 1505 1296 1591 spiritalibus,
1326 1506 1469 1570 oratione
1497 1508 1530 1569 et

357 1620 473 1687 unitate
498 1620 738 1705 commoniouis,
762 1622 905 1687 divinum
921 1620 1073 1688 solacium
1089 1621 1275 1687 transmisit.
1366 1620 1459 1686 Nunc
1473 1640 1529 1685 au·

357 1740 415 1801 tem
437 1736 562 1803 intimis
585 1737 842 1822 praecordiorum
869 1736 1015 1823 precibus
1044 1736 1195 1803 almitatis
1226 1742 1299 1803 tuae
1327 1736 1528 1803 clementiam

357 1850 498 1919 obsecro:
534 1858 572 1919 ut
601 1858 726 1919 vestae
753 1852 963 1919 fraternitatis
993 1851 1113 1938 synodo
1140 1872 1206 1917 uua
1238 1872 1310 1918 cum
1338 1852 1438 1919 serris
1468 1852 1529 1918 Dei

356 1986 475 2033 mecum
498 1967 715 2035 laborantibus
739 1966 894 2034 adunatus
923 1988 992 2035 esse
1022 1988 1163 2049 merear3
1194 1973 1226 2033 et
1257 1968 1301 2033 sis
1325 1967 1404 2033 mihi
1426 1968 1529 2033 consi-

355 2081 460 2149 liarius
484 2088 519 2149 et
541 2082 667 2150 adiutor
689 2084 723 2149 in
745 2083 942 2168 inquirendis
966 2088 998 2151 et
1025 2083 1254 2166 investigandis
1282 2083 1401 2167 regulis
1430 2083 1529 2149 eccle·

356 2198 489 2266 dmticis
512 2199 701 2265 iudiciorum
716 2198 791 2281 Dei3
815 2204 848 2266 et
865 2204 902 2265 ut
916 2219 976 2284 me,
1000 2220 1064 2266 non
1079 2200 1230 2283 ludivaga
1244 2218 1425 2265 sermonum
1440 2218 1527 2282 uoce,

356 2314 407 2380 sed
428 2314 514 2381 serie
535 2319 700 2399 rogantem
723 2334 759 2381 ac
781 2315 937 2382 dicentem
960 2334 1029 2383 esse
1052 2316 1149 2397 scias3
1173 2320 1205 2381 et
1226 2335 1278 2381 me
1297 2334 1362 2381 non
1377 2334 1528 2398 arrogan-

356 2434 415 2495 tem
448 2429 502 2497 vel
536 2430 708 2517 superbum
742 2436 798 2497 aut
829 2430 958 2518 proprio
992 2432 1109 2499 iudicio
1136 2430 1209 2517 plus
1238 2431 1321 2497 iusto
1348 2430 1527 2517 placentem

357 2545 528 2612 amtimee‘.
634 2546 716 2612 Nam
750 2546 905 2613 catholica
938 2554 970 2615 et
1004 2547 1178 2634 apostoliea
1210 2546 1352 2613 Romana
1385 2546 1527 2630 ecclesia,

357 2661 477 2745 quaudo
501 2660 665 2745 iudignum
689 2680 726 2728 ac
748 2662 843 2728 vilem
867 2663 1118 2749 praedicatorem
1132 2663 1173 2729 ad
1187 2663 1434 2749 praedicandum
1450 2640 1528 2729 Ger·

357 2778 476 2843 maniae
505 2776 644 2844 erroneis
672 2777 724 2843 vel
751 2778 884 2864 paganis
914 2778 1059 2861 gentibus
1088 2778 1219 2862 direxit,
1249 2778 1412 2865 praecepit
1432 2778 1526 2844 mihi:

357 2899 390 2958 ut
415 2912 454 2959 ex
485 2894 672 2959 auctoritate
695 2893 829 2959 Romani
857 2893 1030 2981 pontificis,
1060 2894 1089 2959 si
1117 2892 1233 2959 alicubi
1259 2894 1414 2978 viderem,
1445 2895 1528 2961 iuter

357 3006 541 3075 christianos
568 3028 718 3095 pergens,
748 3008 881 3097 populos
909 3030 1055 3077 erroneos
1078 3010 1129 3076 vel
1152 3010 1379 3075 ecclesiasticas
1401 3010 1527 3093 regulas

358 3124 437 3191 mala
463 3124 689 3192 cousuetudine
717 3125 906 3213 depravatas
935 3125 984 3191 vel
1013 3126 1156 3191 homines
1183 3126 1389 3212 periurium
1416 3125 1453 3191 a⁴¹
1475 3144 1527 3191 ca·

358 3239 469 3307 dolica
490 3239 554 3307 fide
577 3240 738 3325 abductos,
762 3242 802 3307 ad
826 3241 910 3307 viam
933 3241 1044 3307 salutis
1067 3241 1203 3308 invitare
1226 3246 1258 3308 et
1279 3260 1428 3308 revocare
1450 3242 1527 3307 totis

358 3354 471 3423 uiribus
493 3356 622 3423 niterer.

441 3470 509 3538 Hoc
530 3476 735 3559 praeceptum
759 3492 886 3540 servare
908 3473 1054 3559 cupiens,
1079 3472 1322 3539 admonitoriam
1344 3471 1395 3539 vel
1417 3492 1527 3559 preca-

359 3588 484 3653 toriam·
508 3586 675 3674 epistolam
694 3586 916 3655 Aethelbaldo‘
937 3589 1006 3672 regi
1028 3588 1224 3655 Mercionum
1246 3608 1318 3654 cum
1341 3588 1472 3655 consilio
1496 3594 1528 3655 et

359 3721 506 3771 consensu
522 3703 742 3790 episcoporum
751 3699 769 3788 ¹,
786 3704 841 3789 qui
856 3724 920 3771 uua
934 3702 1100 3771 uobiscum
1116 3709 1199 3788 sunt,
1216 3704 1387 3770 transmisi.
1424 3702 1526 3781 Quam

359 3825 555 3904 praesentare
577 3818 785 3886 fraternitatis
807 3825 882 3886 tuae
905 3819 1065 3886 obtutibus
1087 3821 1182 3887 inssi:
1205 3823 1252 3904 ut
1275 3821 1303 3886 si
1326 3830 1424 3904 quae⁸
1438 3820 1473 3885 in
1488 3838 1526 3886 ea

360 3954 449 4019 prave
470 3934 577 4023 posita
598 3934 677 4020 siut,
705 3936 851 4002 emendes
875 3941 921 4020 et,
946 3954 1027 4021 quae
1049 3936 1134 4003 iusta
1156 3936 1236 4020 sint,
1261 3936 1327 4002 sale
1350 3936 1525 4022 sapientiae

360 4054 427 4118 tuae
453 4051 583 4119 condias
613 4057 645 4117 et
675 4052 862 4118 auctoritate
890 4050 1070 4134 confirmem
1101 4058 1133 4119 et
1162 4053 1191 4118 si
1218 4052 1357 4119 radicem
1387 4050 1525 4135 aliquam

362 4162 552 4251 flagitiorum,
581 4167 620 4233 de
642 4167 755 4252 quibus
778 4168 811 4233 in
835 4166 890 4233 illa
912 4168 1047 4254 epistola
1069 4176 1180 4236 contra
1201 4188 1308 4251 regern
1330 4166 1524 4235 liernionum

362 4280 576 4369 disputatuml,
598 4282 632 4347 iu
655 4288 748 4366 gente
770 4288 825 4350 tua
846 4284 1023 4366 germinare
1038 4284 1119 4351 velle
1134 4284 1254 4368 videas,
1277 4285 1359 4349 sicut
1373 4283 1525 4370 providus
1631 4326 1635 4330 -

364 4402 390 4461 et
408 4399 532 4486 sapiens
555 4397 683 4465 colonus
706 4418 778 4464 cum
805 4396 886 4465 falce
909 4399 1084 4467 dominicae
1112 4400 1310 4467 auctoritatis
1336 4400 1370 4465 iu
1399 4404 1525 4485 tempus

363 4514 528 4596 praecidas¹
551 4519 584 4581 et
605 4513 757 4581 radicitus
780 4513 911 4595 evellas3
935 4536 975 4581 ne
998 4515 1141 4583 floruerit
1162 4516 1212 4582 etk
1225 4514 1282 4582 fiat
1304 4534 1343 4581 ex
1358 4514 1452 4580 uinea
1467 4513 1524 4579 So·

425 4650 445 4683 a.
464 4654 507 4684 cn.
523 4642 559 4685 M.
629 4638 651 4683 b.
671 4652 708 4685 mo
724 4638 782 4691 MV,
800 4656 856 4684 corr.
873 4640 895 4685 iu
912 4638 967 4685 mihi
985 4642 1010 4687 C.
1080 4654 1101 4686 c.
1123 4640 1244 4687 asumma
1262 4640 1289 4687 V.
1356 4638 1379 4685 d.
1400 4652 1472 4683 aeus.
1489 4640 1523 4683 M.

364 4726 381 4758 θ·
398 4718 543 4773 paestanum
561 4716 590 4765 V.
667 4714 684 4763 l.
704 4716 849 4765 Asthilbaldo
867 4720 893 4766 Ε.
971 4732 993 4777 g.
1014 4738 1071 4766 cerr.
1087 4722 1111 4765 in
1126 4733 1172 4780 qua
1189 4723 1214 4767 C.
1290 4718 1315 4764 h.
1336 4720 1372 4764 ost
1387 4720 1524 4776 superscrip-

365 4800 403 4838 ta
417 4804 448 4843 eat
462 4800 485 4843 ia
501 4800 528 4847 C.
591 4796 608 4841 i.
627 4796 746 4855 praedius
763 4800 798 4844 Μ.
859 4797 883 4844 k.
904 4800 928 4845 ei
943 4814 986 4845 om.
998 4798 1055 4855 MV,
1071 4802 1245 4858 eupatorium
1260 4808 1294 4845 est
1309 4800 1332 4843 in
1343 4800 1370 4845 C.

427 4882 450 4937 t.
471 4882 506 4939 V.
524 4898 569 4952 ep.
581 4882 617 4938 59
635 4896 718 4951 supra
734 4900 762 4953 p.
777 4884 837 4939 168.

1253 4980 1311 5036 12*
