4342 6034
671 756 738 824 lae
972 774 1021 823 rx
1041 773 1199 823 onmonu
1221 774 1301 821 vrrs
1323 772 1351 821 a
1366 774 1544 822 normann

671 918 751 983 tium
760 912 779 1000 ¹,
801 914 887 983 haud
907 914 1001 982 aliter
1019 920 1147 981 sanetus
1164 914 1291 1001 praesul
1304 912 1486 983 Bonifatius
1501 914 1643 983 omnium
1659 912 1825 981 Germanine

670 1032 846 1099 incolarum
872 1036 964 1118 pater
986 1030 1050 1097 dloi
1071 1036 1177 1117 potest
1198 1051 1257 1117 pro
1280 1052 1333 1115 eo,
1363 1031 1447 1116 quod
1468 1030 1541 1099 illos
1564 1030 1661 1097 verbo
1684 1030 1826 1117 praedita·

671 1148 767 1215 tionis
789 1148 938 1234 primitus
960 1145 1087 1213 Christo
1108 1146 1233 1231 genuit,
1263 1145 1418 1232 exemplis
1441 1144 1657 1231 confirmavit,
1687 1151 1827 1232 postremo

672 1264 812 1329 animam
834 1282 958 1348 quoque
979 1282 1071 1329 sunm
1094 1281 1152 1348 pro
1174 1262 1253 1348 ipsis
1275 1262 1398 1348 posuit,
1422 1282 1485 1347 qua
1507 1262 1640 1329 caritate
1662 1282 1755 1329 nemo
1775 1281 1830 1327 mn

671 1380 772 1446 iorem
800 1378 885 1446 valet
912 1372 1087 1445 exhibere'.
1123 1376 1209 1455 Quae
1236 1396 1309 1443 eum
1338 1378 1380 1444 eit
1407 1377 1563 1444 bonorum
1594 1378 1737 1445 omnium
1757 1377 1830 1459 origo

672 1501 705 1562 et
725 1494 808 1579 linis,
830 1513 889 1561 nos
912 1495 1008 1560 etiam
1030 1494 1065 1559 in
1086 1493 1147 1559 hae
1168 1493 1339 1559 neminum
1362 1512 1518 1579 ponamus
1540 1494 1640 1561 libelli
1660 1494 1831 1581 praesente,
1905 1515 1908 1526 ·

673 1613 840 1697 quatinus,
870 1610 911 1676 ad
933 1614 1060 1696 tempus
1081 1614 1225 1675 oessame
1247 1608 1354 1675 labore
1376 1607 1516 1693 legendi,
1546 1609 1646 1677 leetor
1668 1616 1703 1677 et
1725 1610 1833 1676 audito

671 1728 755 1794 vires
776 1724 902 1814 possint
921 1744 1082 1813 reparare

1069 1850 1210 1893 munem
1226 1850 1317 1893 smus
1333 1849 1454 1893 rusus.

983 2043 1134 2111 INCIPIT
1157 2042 1282 2111 LIBER
1305 2042 1535 2111 SECUNDUS.

761 2187 797 2254 ln
818 2186 1002 2273 precedenti
1024 2186 1151 2271 quidem
1173 2186 1296 2268 libello,
1324 2192 1420 2272 prout
1441 2184 1593 2269 ingenioli
1614 2188 1719 2253 nostri
1743 2188 1834 2273 parri

671 2310 722 2371 tas
744 2303 890 2389 permisit
911 2308 1009 2386 utque
1030 2302 1223 2387 scriptorum
1238 2302 1438 2386 antiquorum
1454 2300 1633 2369 testificatio
1650 2302 1785 2388 edocuit
1805 2303 1834 2369 de

672 2419 910 2486 eonveraatione
931 2424 965 2484 et
983 2418 1238 2505 peregrinatione
1257 2436 1315 2483 neo
1335 2438 1399 2483 non
1420 2417 1654 2503 praeditatione
1673 2418 1778 2485 sancti
1790 2438 1835 2505 pa·

671 2535 732 2601 tris
754 2534 856 2600 nostri
877 2533 1032 2601 Bonifatii
1054 2533 1203 2599 dixImus.
1239 2532 1307 2599 lem
1335 2553 1410 2599 vero
1433 2531 1527 2617 libet,
1557 2538 1592 2599 ut
1619 2534 1760 2602 donante
1781 2534 1835 2601 Deo

672 2670 851 2737 possumus,
873 2650 908 2715 in
930 2648 990 2715 hoe
1010 2648 1118 2715 libello
1142 2649 1286 2732 sequenti
1308 2649 1457 2734 pandere,
1481 2654 1634 2734 qnantum
1648 2656 1724 2736 post
1740 2670 1836 2737 aeoep

671 2771 740 2833 tum
763 2764 1030 2849 llogoneiaoensis
1053 2764 1223 2834 aeeclesiae
1245 2764 1461 2850 praesulatum
1483 2784 1540 2849 pro
1563 2770 1674 2833 sanata
1696 2766 1838 2834 menesii

672 2881 875 2965 laboraverit,
898 2886 1009 2947 eontra
1030 2880 1185 2947 hereticos
1202 2880 1253 2947 vel
1269 2879 1366 2947 falsos
1382 2880 1571 2947 christianos
1586 2883 1750 2968 osmundo,
1773 2904 1837 2969 qua·

672 2996 757 3081 lique
791 2998 881 3065 exitu
913 2996 1036 3063 lelioem
1064 2996 1223 3082 passionis
1254 3016 1330 3063 suae
1358 2996 1498 3083 palmam
1527 2998 1744 3085 compleverit
1786 2997 1835 3065 Sed

672 3112 751 3179 illud
773 3110 919 3199 superius
941 3131 1013 3177 eum
1035 3110 1179 3198 epistolis
1201 3112 1420 3179 tautummodo
1437 3113 1670 3199 explanandum
1686 3120 1751 3197 est3
1775 3115 1836 3199 quia

672 3229 707 3295 in
733 3229 784 3295 his
811 3226 1004 3294 sufficienter
1034 3232 1067 3293 et
1094 3226 1256 3293 evidenter
1284 3228 1437 3315 sculptum
1465 3228 1635 3296 iuvenitur.
1670 3228 1738 3296 Nee
1760 3230 1836 3297 dead

673 3350 725 3430 ut,
753 3344 1044 3431 praetermIttentes
1072 3364 1112 3410 ea
1141 3364 1222 3428 qnae
1251 3344 1329 3409 satis
1358 3344 1507 3429 prudenti
1529 3351 1703 3431 aperteque
1725 3346 1836 3412 ratione

674 3460 800 3547 prolata
826 3466 916 3542 sunt,
944 3459 1009 3525 alia
1030 3460 1122 3544 quasi
1144 3459 1276 3527 meliora
1297 3478 1539 3545 oompounmus,
1568 3480 1640 3527 eum
1668 3460 1836 3529 huiusmodi

674 3577 789 3642 vitium
809 3596 870 3642 neo
890 3576 926 3641 iu
946 3575 1026 3662 ipsis
1049 3574 1243 3641 seoularibue
1257 3574 1370 3659 literis,
1394 3576 1510 3643 nedum
1526 3577 1559 3641 iu
1573 3579 1682 3661 moris,
1708 3578 1758 3661 agi
1772 3594 1836 3643 oon·

674 3693 792 3759 reniet
881 3690 941 3757 His
967 3690 1066 3773 igitur
1087 3690 1288 3777 praelibatis,
1317 3711 1403 3758 uune
1426 3692 1465 3757 ad
1488 3692 1575 3779 ipsas
1598 3712 1677 3778 quas
1700 3692 1837 3780 promisi·

674 3827 756 3875 mus*
769 3806 920 3895 epIstolas
942 3805 1123 3873 scribendas
1146 3812 1357 3891 transeamus,
1380 3813 1532 3894 ponentes
1555 3810 1726 3895 Inprimis
1747 3808 1837 3891 illam,

677 3944 772 4009 quam
800 3929 834 3991 et
861 3924 965 4009 primo
994 3921 1034 3987 ad
1056 3921 1241 3989 Zachariam
1265 3944 1383 4010 papam
1405 3924 1523 3991 direxit
1544 3924 1723 4010 epistolam.
1759 3924 1837 4002 Quae

675 4039 752 4106 lieet
773 4046 846 4107 ante
868 4038 1024 4126 synodum
1046 4060 1145 4125 supra
1166 4040 1318 4125 sumptum
1342 4040 1462 4107 diretta
1482 4040 1593 4123 fuerit,
1623 4046 1744 4125 umen,
1770 4040 1837 4125 quir

677 4156 718 4222 ad
739 4155 937 4241 sequendum
960 4154 1167 4241 epistolarum
1189 4154 1374 4221 relationem
1397 4175 1437 4221 ex
1459 4162 1550 4242 parte
1571 4158 1712 4243 respicit,
1735 4162 1764 4223 et
1783 4154 1836 4220 sub

676 4272 771 4337 unius
792 4292 895 4358 papae
916 4276 1060 4356 ternpore
1081 4270 1160 4337 haee
1182 4290 1354 4357 omnesque
1372 4292 1453 4357 quae
1468 4272 1699 4357 subsequentur
1712 4272 1836 4358 seriptre

677 4394 766 4471 sunt,
788 4406 847 4453 nos
870 4406 994 4473 quoque
1016 4385 1113 4452 simul
1134 4385 1271 4453 seribere
1294 4386 1506 4454 deerevimus·
1530 4436 1650 4455 ......

749 4543 770 4576 ι
789 4538 911 4592 req-ntur
925 4530 951 4576 S.
961 4529 1077 4583 narare
1086 4528 1432 4585 «praenuntietur,
1444 4530 1482 4586 61,
1490 4530 1529 4586 66,
1539 4530 1578 4586 66,
1590 4530 1628 4587 te,
1639 4532 1678 4588 66,
1689 4532 1726 4588 tl,
1735 4530 1834 4586 tim
1913 4582 1914 4601 Χ

674 4627 701 4671 p.
711 4612 765 4667 111,
777 4611 822 4657 116
837 4627 901 4670 repr.
924 4607 960 4666 (Ιι
976 4608 1198 4665 autmutari,
1215 4626 1260 4671 φο
1276 4626 1329 4657 usar
1344 4612 1450 4659 cnunc
1466 4620 1507 4665 aar,
1523 4613 1579 4657 trra
1594 4628 1629 4671 φ.
1639 4612 1670 4659 66
1680 4620 1701 4657 d
1714 4610 1742 4659 69
1755 4610 1835 4655 bem

677 4692 745 4736 etim
760 4690 850 4749 epple
866 4699 888 4734 er
901 4687 949 4745 49.)

748 4778 774 4830 1.
798 4774 832 4831 V.
851 4774 968 4845 Roml,
982 4775 1025 4829 ll.
1114 4772 1141 4827 9.
1164 4770 1207 4829 Gt
1226 4770 1284 4829 Iole
1298 4772 1340 4844 15,
1355 4774 1403 4829 13:
1428 4776 1580 4845 ,maiorem
1602 4774 1656 4831 hae
1676 4772 1833 4831 mationem

677 4878 758 4920 nemo
775 4862 891 4920 below.
