4342 6034
572 790 733 840 mousom
754 788 942 839 rnnorrusrs
964 790 1045 837 vrrs
1068 789 1241 839 sunnonis
1422 770 1488 839 559
1534 806 1538 812 ·

410 930 488 1000 (tum
510 932 639 999 interim
661 933 696 999 in
716 932 837 1014 lotum,
864 931 919 1016 qui
939 931 1060 999 Nemus
1079 931 1244 1018 spinarum
1267 930 1359 1015 uulgo
1384 936 1489 999 eutem
1526 939 1595 1023 loon

329 1047 480 1115 Domeloh
501 1047 627 1131 dieitur,
651 1047 793 1130 devenit,
815 1046 923 1133 ibique
945 1066 1021 1114 eosu
1043 1047 1188 1132 oollisus,
1212 1046 1368 1133 corporali
1391 1048 1489 1115 mole·
1506 1010 1619 1059 ”²¹²²

328 1164 384 1231 otio
409 1168 578 1250 preventus
606 1167 665 1231 est.
697 1162 815 1229 Dolore
841 1182 916 1229 vero
944 1184 983 1229 ex
1011 1163 1093 1229 horo
1117 1163 1151 1229 iu
1179 1162 1289 1229 horem
1318 1168 1488 1247 oresoentn,

327 1278 521 1345 menifestum
541 1279 660 1345 foetum
684 1284 742 1362 est7
767 1278 850 1363 quod
871 1278 988 1344 letum·
1009 1299 1074 1345 non
1095 1279 1251 1345 evaderet.
1327 1278 1416 1345 Misit
1429 1280 1490 1363 igi·

327 1400 374 1461 tur
400 1394 458 1461 sub
485 1396 571 1461 omni
593 1394 754 1461 eeleritate
776 1394 817 1461 ud
839 1392 1071 1477 suffraganeum
1094 1414 1187 1461 suum
1208 1393 1400 1462 Abbelinum
1422 1396 1490 1481 epi-

326 1506 467 1597 seopum¹
484 1546 528 1559 -
545 1511 600 1595 qui
622 1530 659 1577 eo
680 1516 823 1596 tempore
845 1508 985 1577 Fuldoeb
1007 1510 1205 1593 morabatur,
1229 1515 1339 1596 utpote
1360 1516 1489 1577 vooutus

325 1626 395 1693 illue
421 1646 442 1692 o
467 1624 642 1694 reuerobili
673 1630 765 1712 putre
793 1624 940 1709 Egberdo
974 1621 1106 1693 ubbate'
1135 1626 1175 1693 od
1203 1622 1489 1712 sollempnitatem⁸

326 1741 493 1809 dulcissimi
516 1746 549 1809 et
569 1741 761 1810 sanctissimi
782 1742 909 1827 petroni
930 1740 1086 1808 Bonitoeii
1102 1778 1144 1787 —
1160 1746 1211 1825 ut,
1236 1743 1263 1809 si
1286 1762 1358 1809 eum
1380 1742 1489 1809 vivum

325 1857 415 1925 vellet
436 1857 559 1941 videre,
585 1876 651 1923 uon
672 1857 814 1924 tardaret
835 1857 877 1923 ud
898 1877 971 1925 eum
993 1858 1110 1925 venire.
1145 1856 1277 1925 Hisdem
1300 1858 1397 1925 etiem
1419 1878 1489 1925 ver·
1547 1850 1551 1857 ’

323 1973 369 2040 bis
391 1973 433 2039 ud
453 1973 639 2058 equivocum
661 1992 754 2039 ouum
776 1971 956 2039 Bardonem
976 1968 1160 2058 iuniorem⁴,
1183 1972 1284 2041 filium
1304 1974 1413 2041 fratris
1429 1975 1489 2059 sui,

323 2088 509 2155 monoehum
531 2089 744 2174 prenominati
765 2088 837 2173 loni,
860 2092 897 2155 ut
918 2088 1104 2174 quoutoeius
1125 2089 1233 2156 venire
1248 2095 1435 2177 properaret
1449 2090 1490 2155 ed

324 2224 400 2271 eum.
436 2204 498 2283 Qui
521 2204 624 2288 ambo,
647 2204 835 2291 arripientes
854 2205 926 2288 iter,
949 2205 1012 2271 eito
1027 2211 1182 2271 venerunt
1197 2205 1237 2271 od
1252 2225 1334 2273 eum.
1357 2204 1490 2291 Utrique

322 2322 414 2405 igitur
438 2326 513 2389 unte
535 2342 608 2388 eum
630 2321 820 2407 presentati,
849 2340 921 2389 eum
950 2320 1060 2387 umbos
1086 2320 1121 2387 in
1150 2320 1231 2387 leoto
1260 2322 1366 2389 iooens
1396 2322 1490 2389 solito

323 2436 485 2505 duloodine
506 2436 689 2522 salutasset,
712 2438 841 2523 iusuper
863 2437 1048 2522 equivocum
1070 2456 1164 2503 suum
1187 2456 1283 2503 oousu
1304 2437 1491 2505 oonsolotio·

322 2554 369 2620 nis
390 2552 516 2621 duieius
536 2553 767 2640 eompeilnsset
787 2552 918 2620 tandem
941 2553 1049 2619 oieetis
1071 2552 1217 2621 omnibus
1240 2558 1348 2639 preter
1369 2554 1491 2640 episeo-
1520 2550 1533 2571 “

322 2688 405 2756 pum,
427 2668 611 2735 huniusmodi
630 2668 671 2735 ud
690 2688 763 2735 enm
778 2688 945 2752 aggressus
961 2674 1009 2735 est
1023 2668 1198 2754 eloquium:
1223 2670 1303 2736 Dies
1318 2673 1490 2737 eoronooo'o

321 2808 404 2853 oreae
424 2808 527 2874 prope
549 2798 602 2866 ert,
626 2808 698 2873 sepe
718 2786 800 2851 oudo
819 2798 955 2872 optatus,
978 2786 1314 2872 semperforrnr'dotue.
1349 2787 1394 2851 Et
1407 2810 1491 2853 nune

321 2926 383 2968 ooo
405 2916 452 2969 eet
472 2924 585 2983 meum,
609 2902 764 2988 populum
775 2900 903 2967 Ctrreti
920 2902 1072 2981 desolare,
1097 2904 1192 2987 quasi
1208 2914 1338 2967 mortono
1352 2924 1417 2967 ooo
1431 2905 1492 2967 uim

323 3040 487 3094 eoosumer
515 3040 586 3083 erem
608 3020 776 3083 emmone
797 3020 912 3099 nomm,
935 3018 1022 3102 qood
1042 3019 1103 3081 sim
1124 3020 1305 3082 moriturus.
1345 3016 1396 3082 Te
1417 3040 1490 3083 vero

321 3156 449 3215 meum,
474 3135 561 3220 qood
580 3133 662 3199 midi
681 3146 799 3199 cortem
820 3145 874 3215 est,
898 3133 1081 3209 dessimulm
1104 3146 1134 3198 et
1154 3136 1184 3197 ei
1206 3146 1235 3199 te
1257 3136 1417 3219 quoipiam
1439 3137 1490 3199 r'o-

322 3252 541 3338 toropooerr't,
571 3270 629 3315 ote
655 3250 714 3314 doe
740 3252 821 3315 seire
844 3259 890 3315 ω·
919 3250 1079 3326 assimilo3
1109 3252 1185 3335 quio
1205 3250 1356 3335 peritum
1376 3250 1493 3337 populi

314 3366 403 3450 ferre
424 3388 492 3433 ooo
512 3366 612 3431 vedeo.
647 3365 720 3431 Iom
732 3388 818 3431 oure
832 3386 917 3452 erpo,
939 3366 1073 3449 utfiliuo
1087 3368 1272 3451 supientiae,
1296 3368 1388 3446 ocior,
1414 3367 1493 3453 qnid

314 3482 435 3566 fomur,
458 3494 497 3549 ut
515 3482 636 3569 populo
658 3482 779 3547 dolenti
791 3482 1035 3547 emulationem
1047 3481 1178 3567 sarion
1200 3482 1281 3546 midi
1293 3502 1366 3546 vero
1381 3504 1491 3546 eemn-

322 3600 396 3665 duo·
418 3599 590 3664 orthodoxe
603 3598 686 3681 fidei
702 3598 895 3684 relepo‘orrenu
919 3600 1006 3663 aare
1019 3599 1082 3663 odei
1096 3599 1185 3685 euple
1198 3601 1383 3663 teotonem.
1418 3595 1491 3662 Cor·

321 3727 385 3780 om
408 3718 493 3781 eninr
514 3714 622 3793 dobeo,
647 3715 733 3800 quod
752 3714 946 3797 infiernitotr’r
967 3714 1060 3779 totus
1082 3716 1257 3779 modoetiam
1279 3716 1408 3779 madere
1427 3736 1491 3779 oon

321 3832 424 3899 dedeo.
459 3828 530 3913 Qui,
553 3830 636 3895 tenti
657 3828 719 3895 riri
740 3828 838 3895 uerbo
858 3848 922 3894 non
941 3828 1057 3913 ferens,
1080 3848 1152 3895 eum
1173 3830 1292 3895 eximo
1308 3828 1411 3895 cordis
1425 3834 1492 3895 tro·

321 3944 410 4014 heret
436 3946 627 4033 suspirium:
658 3944 746 4027 Quod
771 3944 884 4030 inquid
910 3949 1037 4010 metuo
1065 3944 1114 4009 vir
1132 3946 1239 4030 faeno,
1269 3946 1415 4033 offlipeno
1438 3968 1493 4012 eor

393 4173 415 4206 ι.
434 4158 520 4205 loetum
535 4177 556 4205 c.
634 4156 657 4205 b.
675 4156 749 4205 rudi
763 4175 784 4203 ι.
861 4169 882 4204 e
902 4169 945 4203 neo
961 4154 1006 4203 hoe
1021 4156 1080 4203 seire
1095 4158 1119 4203 te
1135 4157 1169 4203 dtr
1185 4158 1267 4219 legitur
1282 4159 1305 4204 tu
1321 4158 1373 4204 cod.

392 4265 419 4318 1.
443 4263 603 4333 episeopum
614 4261 864 4332 mindensem
882 4262 929 4330 qui
946 4265 1086 4331 computet
1103 4260 1186 4315 etiem
1198 4260 1227 4315 in
1238 4259 1412 4315 Gundeohari
1423 4261 1493 4317 libro

322 4356 397 4421 porr.
410 4350 596 4406 Eiehstotenoi
615 4350 697 4412 (iton.
710 4350 802 4405 Germ.
815 4347 864 4404 SS.
877 4348 930 4405 VII
943 4349 1020 4414 249):
1040 4348 1181 4418 „Appuliu
1199 4348 1412 4403 Friteslorieneis
1426 4350 1492 4419 (epi-

322 4440 470 4509 seopus)‘.
497 4440 529 4494 In
547 4438 698 4507 Triumpho
715 4437 743 4493 S.
756 4438 878 4492 Remoeii
901 4450 1011 4505 qnoque
1029 4436 1109 4503 (ibid.
1127 4437 1167 4491 xl
1184 4437 1254 4504 445)
1272 4442 1439 4491 memoratur
1457 4437 1493 4491 od

322 4542 347 4581 ι
361 4529 432 4585 1066
448 4528 669 4585 Ρήᾶωίιήοιιιίε
691 4527 854 4598 episeopus3
876 4525 926 4581 ubi
947 4526 1024 4595 vide,
1047 4540 1119 4595 quoe
1142 4525 1286 4581 ednotovit
1301 4524 1493 4583 Wottenbootr.

322 4617 348 4671 2.
370 4617 502 4675 fuldensi
521 4617 711 4673 loto—1058.
795 4616 821 4670 3.
846 4614 891 4670 die
909 4615 927 4671 d
945 4614 1103 4671 luminosi
1122 4614 1267 4685 egendum.
1351 4615 1378 4668 4.
1401 4614 1493 4669 Bardo

322 4703 379 4775 hie,
402 4706 538 4761 Burdenis
555 4704 752 4775 mohiepiseopi
771 4701 959 4775 „trotmelio¹‘‚
983 4700 1036 4757 tuit
1052 4706 1152 4770 posteo
1169 4702 1256 4758 ubbos
1275 4701 1303 4758 S.
1316 4700 1418 4757 Albani
1435 4702 1492 4757 Mo·

323 4795 462 4863 guntinus
486 4796 522 4851 V.
540 4792 696 4864 fragmento
718 4792 851 4862 epistolre
868 4791 990 4847 Goewini
1011 4791 1050 4846 od
1067 4789 1234 4862 sigefridum
1258 4790 1492 4861 arehiepisoopum

322 4882 520 4955 leguminum,
537 4883 612 4938 Aeto
628 4880 677 4938 SS.
695 4882 767 4938 lonii
784 4882 817 4937 T.
829 4882 869 4939 tv
880 4882 925 4936 88.
