4342 6034
604 752 631 799 s.
647 752 823 800 normann
845 754 889 801 ur
911 754 1014 801 nuum
1035 753 1223 801 erlsrousu
1247 754 1293 800 ros
1465 736 1531 805 257

362 897 394 957 ut
422 912 485 959 nna
514 892 558 959 sit
584 892 667 961 inter
694 913 752 959 nos
783 898 815 961 et
835 892 914 961 fidos
937 896 1092 961 mentium
1115 900 1147 961 et
1168 894 1272 981 pietas
1296 895 1472 980 actionum,
1501 901 1533 963 et
1551 906 1693 961 tto-755

360 1008 439 1073 siout
460 1008 610 1097 prinecps
634 1010 847 1096 apostolorum
866 1009 980 1077 Petrus
1003 1010 1148 1077 hortatur
1171 1010 1295 1077 diceus:
1319 1011 1404 1077 Ante
1427 1016 1534 1079 omnio

358 1137 499 1189 mutuam
521 1129 556 1191 ia
577 1129 711 1191 invicem
733 1130 895 1193 caritatem
917 1128 1033 1207 tabee,
1063 1131 1141 1213 qaia
1163 1131 1280 1193 coritae
1303 1131 1406 1215 operat
1425 1129 1533 1194 molti·

359 1241 497 1305 tudinem
524 1255 723 1327 peccatoram
732 1238 748 1305 ¹.
783 1240 827 1307 Et
848 1242 919 1328 ipsa
940 1242 1057 1309 veritas
1081 1242 1177 1308 dixit:
1207 1243 1247 1308 Ia
1270 1245 1329 1309 boc
1350 1258 1535 1331 cognosceret

359 1378 473 1437 omnes,
499 1360 576 1442 quia
598 1362 661 1423 saei
682 1362 753 1423 eatis
776 1360 937 1445 discipali,
962 1362 993 1423 ei
1014 1360 1211 1425 dilectionem
1233 1360 1403 1425 habueritis
1422 1362 1466 1426 ad
1481 1364 1532 1425 in-

357 1467 481 1539 strem'.
517 1470 560 1537 Et
588 1472 733 1539 similiter
755 1472 872 1539 Paulus
901 1473 1063 1559 apostolus
1091 1474 1240 1541 admonet
1262 1473 1410 1541 dicendo:
1443 1477 1535 1543 Alter

357 1587 487 1652 obertus
516 1588 634 1655 baama
661 1603 800 1675 portate,
831 1603 859 1655 et
886 1594 931 1655 eie
959 1592 1163 1677 adinplebitrb
1191 1591 1289 1676 legem
1315 1586 1466 1669 cureat·
1502 1597 1535 1657 et

357 1701 444 1773 alibi:
473 1704 567 1769 Finis
590 1708 672 1771 eat-m
693 1709 834 1793 precepti
848 1719 892 1771 cet
907 1709 1024 1773 caritas
1040 1709 1079 1773 cle
1095 1710 1188 1773 corde
1198 1730 1284 1794 poro
1301 1720 1329 1772 et
1343 1710 1534 1773 conscientia

357 1819 434 1885 borea
462 1833 491 1885 et
505 1821 573 1903 fide
594 1842 658 1887 aaa
672 1816 777 1905 ficto⁴.
853 1820 897 1887 Et
919 1826 956 1887 ut
978 1828 1085 1888 vestra
1106 1822 1307 1907 fraternitas,
1337 1822 1370 1887 iu
1393 1822 1532 1909 spiritali

356 1934 545 2019 regulariter
572 1936 640 2003 rita
668 1937 806 2021 vivens,
835 1938 868 2003 iu
891 1936 1022 2023 pacifica
1044 1938 1275 2023 tranquillitate
1296 1937 1436 2005 fraterne
1458 1958 1532 2003 con·

356 2052 483 2118 cordiae
505 2072 565 2139 pro
587 2057 697 2119 nostra
711 2052 883 2137 fragilitate
898 2074 1030 2121 exorare
1047 2054 1210 2137 dignetur:
1233 2058 1269 2119 ut
1284 2073 1388 2119 sermo
1403 2052 1533 2119 Domini

356 2172 465 2233 currat
487 2174 520 2233 et
542 2158 757 2253 clarificetur⁶‚
781 2174 817 2235 ut
838 2170 929 2235 iuxta
951 2169 1071 2237 dictum
1092 2169 1229 2257 apostoli
1243 2168 1413 2235 liberemur
1429 2168 1469 2235 ab
1483 2168 1533 2234 in-

355 2284 503 2369 portunis
537 2290 570 2350 et
602 2284 694 2350 malis
726 2282 924 2352 homiuibus⁶
948 2292 980 2353 et
1008 2307 1028 2353 a
1055 2284 1294 2353 tentationibus
1322 2284 1534 2369 malignorum

355 2400 528 2486 spirituum
552 2404 584 2465 et
606 2400 860 2467 tribulationibus
885 2401 1149 2486 adversariorum,
1172 2406 1209 2467 ut
1226 2400 1282 2466 lux
1297 2399 1533 2483 euangeliorum

354 2514 476 2599 gloriae
492 2514 612 2581 Christi
634 2520 666 2583 et
688 2516 741 2582 via
763 2518 857 2601 vitae,
882 2536 976 2602 qnam
1000 2517 1126 2605 populis
1150 2523 1183 2585 et
1203 2516 1350 2601 gentibus
1368 2514 1534 2583 ostendere

355 2632 474 2719 stipsi
496 2650 628 2719 pergere
651 2632 817 2717 debemus,
846 2632 1004 2700 nobismet
1026 2634 1106 2721 ipsis
1128 2653 1192 2701 uon
1216 2632 1454 2699 obtenebrescat
1475 2650 1535 2697 nec

355 2747 577 2815 abscondatur.
667 2747 844 2833 Diligenter
873 2769 997 2835 quoqne
1024 2749 1247 2835 deprecamur:
1276 2753 1314 2814 ut
1334 2748 1534 2813 familiaritas

353 2864 516 2932 fraternae
546 2863 687 2931 caritatis
714 2864 798 2931 inter
819 2884 877 2931 nos
900 2865 959 2949 sit,
989 2870 1020 2931 et
1042 2886 1101 2951 pro
1124 2864 1302 2931 viventibus
1324 2863 1426 2929 oratio
1449 2882 1535 2929 com-

354 2981 459 3047 mouis
483 2984 517 3045 et
538 3000 596 3066 pro
619 2979 830 3063 migrantibus
854 2980 892 3047 de
911 2980 970 3047 hoo
987 2979 1111 3047 saeculo
1127 2980 1285 3046 orationes
1300 2984 1333 3045 et
1347 2978 1534 3045 missarumb

355 3096 523 3163 sollemnia
545 3094 751 3179 celebrentur,
775 3116 847 3163 oum
871 3096 1052 3163 alternatim
1070 3094 1200 3161 uomina
1217 3095 1438 3162 defunctorum
1450 3094 1535 3161 iuter

354 3232 410 3279 noe
434 3212 614 3279 mittantur.
683 3212 769 3278 Inter
792 3232 839 3295 ea,
863 3214 891 3277 si
914 3212 990 3297 quid
1011 3211 1195 3278 fraternitas
1217 3217 1324 3278 restra
1337 3208 1430 3275 nobis
1444 3230 1534 3275 man-

355 3328 429 3395 dare
454 3326 497 3394 ad
519 3326 745 3413 perficiendum
768 3327 818 3393 vel
842 3328 882 3394 ad
906 3326 1072 3394 dicendum
1089 3326 1219 3410 dignata
1232 3326 1339 3411 fuerit,
1361 3326 1534 3393 voluntatis

354 3450 479 3511 vestrae
504 3442 694 3511 desiderium
716 3443 751 3508 in
773 3442 919 3509 omnibns
942 3442 1183 3529 adinplebimus.
1219 3443 1315 3526 Agite
1333 3462 1408 3526 ergo
1424 3443 1464 3509 de
1480 3438 1533 3509 ac'

355 3560 510 3647 petitione
531 3564 650 3642 nostra,
674 3564 710 3625 ut
732 3559 766 3623 iu
790 3558 871 3625 alto⁰
891 3558 1049 3625 caelomm
1073 3558 1210 3625 culmine
1232 3558 1386 3624 mercedis
1409 3563 1534 3625 vestrm

355 3676 477 3761 premia
492 3676 527 3741 iu
543 3694 681 3761 snpema
696 3674 785 3741 cana
800 3674 981 3758 angelorum
998 3674 1174 3742 clarescant
1189 3679 1221 3741 et
1236 3680 1387 3741 crescant
1448 3673 1532 3740 Lon·

356 3812 467 3875 geram
491 3811 530 3857 ac
552 3790 710 3857 valentem
735 3796 768 3857 et
789 3790 881 3857 almis
905 3790 1025 3857 viribus
1048 3789 1265 3878 proficientem
1289 3794 1322 3856 et
1336 3789 1532 3856 suavissimis

356 3927 487 3993 operum
516 3912 549 3973 et
570 3907 740 3973 verborum
765 3905 894 3973 floribus
918 3906 1120 3973 odorantem⁴
1142 3906 1372 3974 beatitudinem
1394 3911 1531 3973 vestram

356 4023 537 4108 perenniter
560 4022 700 4089 salvator
722 4023 833 4089 muudi
855 4022 1013 4090 emtodiat
1034 4022 1075 4088 ·l·.

428 4244 448 4275 a.
470 4228 606 4287 regulan'ter
621 4228 723 4275 ritarens
741 4229 768 4274 V.
839 4227 861 4274 b.
881 4227 989 4273 misarum
1008 4228 1034 4273 V.
1107 4240 1126 4272 a
1148 4226 1196 4273 alta
1213 4226 1240 4273 V.
1308 4224 1331 4271 d
1353 4224 1485 4271 ademtam
1503 4227 1530 4273 7.

428 4352 451 4405 1.
472 4351 573 4405 1retr.
586 4350 613 4419 4,
625 4350 652 4403 s.
712 4351 737 4403 2.
757 4347 813 4403 Ioh.
829 4349 870 4417 13,
884 4349 927 4402 35.
988 4348 1013 4403 3.
1033 4346 1201 4417 sunem.
1257 4347 1284 4401 ι.
1304 4346 1452 4401 rumoso.
1467 4348 1492 4415 1,
1504 4348 1530 4401 s.

359 4438 385 4491 5.
407 4438 598 4509 amenas,
612 4440 636 4493 1.
708 4438 733 4491 s.
760 4434 914 4493 essene.
927 4436 953 4505 3,
966 4436 991 4491 a
1065 4436 1091 4491 ι.
1114 4434 1175 4491 ιω.

403 4942 477 4993 luri.
492 4942 637 4989 Bibliotheca
652 4942 689 4984 lll.
