4342 6034
624 694 816 774 srisuouau
832 694 1059 745 noouuumsn
1082 697 1121 743 ao.
1136 696 1166 741 ar
1412 680 1477 747 383

333 832 385 905 36.
406 832 679 904 01111αηί11111
697 839 860 923 φιέσορω
875 835 1299 905 Constantimialdotdcrdo
1320 839 1475 926 archicpi-

404 973 493 1039 scopo
516 953 705 1039 Mopaata‘ao
726 954 907 1039 commedat,
931 954 1029 1019 saud
1051 956 1295 1021 consecrandam
1317 954 1475 1019 liciados·-

403 1068 475 1133 doem
496 1070 678 1155 apocopam
699 1068 992 1135 Halieretadcmcm
1013 1090 1077 1135 noa
1100 1079 1374 1136 nicomarciae

403 1198 536 1266 Domino
558 1220 683 1287 semper
699 1205 731 1267 at
744 1200 860 1285 ubique
873 1201 1051 1268 venerando
1065 1201 1225 1269 liethardo
1240 1202 1476 1288 archiepiscopo
1495 1208 1563 1262 1107

327 1312 529 1400 dulchardus,
558 1316 807 1383 Constantiensis
835 1334 898 1383 non
925 1318 1038 1384 merito
1066 1318 1123 1385 sed
1149 1318 1277 1384 nomine
1299 1318 1475 1404 episcopus,

326 1428 404 1498 idele
424 1431 588 1499 servitium
610 1437 643 1499 et
665 1432 830 1500 orationes.

401 1546 542 1613 Primum
564 1548 685 1614 debitas
707 1548 791 1635 patri
813 1548 966 1615 luminum
989 1548 1108 1631 gratias
1130 1568 1199 1631 ago,
1223 1549 1288 1632 qut,
1311 1554 1347 1615 at
1360 1548 1475 1615 vestris

326 1667 463 1749 exparte
484 1662 589 1729 verbis
612 1667 699 1748 utar,
727 1664 781 1730 diu
802 1663 1006 1751 lippientibus
1030 1664 1191 1731 Saxonum
1214 1663 1312 1729 oculis
1335 1668 1368 1730 et
1389 1682 1475 1729 amo·

325 1798 381 1845 rem
400 1778 549 1847 intuendo
571 1798 644 1846 vere
666 1778 745 1846 lucis
768 1780 901 1846 contulit
922 1785 954 1846 et
974 1779 1132 1845 virtutem.
1168 1778 1354 1866 specialiter
1370 1784 1474 1845 anmm

324 1894 489 1979 congaudeo
511 1894 665 1982 profectui
688 1892 961 1963 Halberstadensis
985 1894 1130 1979 ecclesie,
1153 1896 1204 1961 cui
1226 1914 1298 1961 cum
1321 1894 1475 1981 archiepi-

323 2029 474 2097 scoporum
503 2016 536 2078 et
563 2011 780 2097 episcoporum
809 2011 956 2094 oonsilio,
987 2030 1056 2077 oum
1085 2010 1162 2077 cleri
1190 2010 1284 2076 simul
1311 2016 1344 2077 et
1365 2010 1475 2097 populi

324 2125 460 2193 electione
482 2146 583 2193 novus
604 2125 747 2211 pontifex
770 2126 885 2193 dicitur
907 2126 1080 2193 advenisse.
1115 2124 1197 2203 Quid
1219 2126 1304 2192 enim
1327 2125 1413 2191 alim
1436 2126 1476 2193 de

323 2260 444 2326 persona
470 2241 577 2308 domni
600 2240 772 2308 Rcinhardi
800 2242 949 2325 sentiam,
975 2242 1037 2308 nisi
1067 2241 1149 2325 qnod
1172 2261 1247 2307 vere
1268 2247 1358 2307 tanto
1380 2242 1475 2308 mini-

324 2358 405 2423 sterio
434 2362 526 2444 aptus
555 2362 587 2423 et
612 2356 791 2425 nullatenus
821 2380 841 2425 a
869 2358 967 2425 sacris
995 2358 1166 2423 canonibus
1196 2357 1240 2423 sit
1266 2356 1472 2444 respuendus.

323 2471 385 2557 Qui,
412 2474 494 2540 sicut
514 2478 621 2539 vestra
642 2478 777 2541 testatur
800 2474 984 2557 auctoritas,
1013 2478 1078 2539 tam
1102 2472 1245 2560 plenarie
1267 2492 1376 2539 eornm
1398 2492 1475 2558 quo·

323 2608 381 2653 rum
401 2589 534 2656 interest
556 2589 759 2656 consensione
781 2589 933 2675 probatur
956 2588 1083 2673 eleates,
1107 2588 1158 2655 vel
1178 2589 1295 2673 potius,
1318 2590 1405 2655 utin
1422 2588 1475 2655 lit·

322 2704 386 2770 teris
414 2701 497 2772 suis¹
520 2704 613 2787 dicit,
642 2708 762 2790 raptus.
853 2702 941 2782 Quod
970 2709 1075 2771 antem
1100 2687 1289 2770 humilitatis
1311 2724 1380 2770 mse
1401 2724 1475 2791 pre-

323 2821 441 2887 sentiam
465 2820 506 2887 ad
528 2820 759 2907 cooperandum
781 2820 870 2887 vobis
893 2820 926 2885 in
948 2820 1014 2885 eius
1031 2819 1227 2886 ordinatione
1241 2819 1418 2905 postulatis,
1444 2825 1476 2885 et

324 2934 437 3003 ecclesie
464 2940 571 3003 nosue
594 2936 689 3003 nimis
711 2936 745 3001 in
767 2934 824 3001 tali
846 2940 987 3021 tempore
1009 2934 1221 3021 periculosum
1243 2934 1308 3001 eso·
1331 2934 1473 3019 etmihi,

322 3054 376 3117 lam
400 3050 559 3119 laboribus
587 3071 682 3137 quam
711 3056 795 3117 etate
817 3050 973 3133 coniecto,
1003 3048 1224 3117 difficillimum
1247 3056 1280 3117 et
1300 3049 1389 3116 vobis
1411 3050 1474 3117 Dei

322 3168 410 3248 gratia
430 3169 535 3235 minus
556 3168 778 3234 necessarium.
813 3165 1011 3253 Quapropter
1025 3166 1114 3251 istas,
1137 3171 1300 3251 tamqnam
1314 3166 1473 3253 presentie

322 3284 553 3368 academias,
587 3288 619 3350 et
647 3288 750 3350 vestre
776 3282 961 3369 paternitati
988 3288 1021 3349 et
1047 3280 1132 3349 illius
1162 3282 1323 3349 dilectioni
1348 3280 1472 3349 litteras

322 3396 422 3483 diiig03
455 3420 534 3485 quas
563 3404 599 3466 ut
621 3399 688 3465 'mei
715 3398 784 3465 loco
813 3398 980 3482 dignanter
1008 3398 1126 3484 suscipi
1152 3398 1303 3481 iubeads,
1333 3398 1471 3465 obsecro.

322 3508 513 3602 Omnipotens
532 3514 619 3583 Deus
642 3515 840 3582 sanctitatem
862 3518 1001 3581 vestram
1024 3514 1065 3579 ad
1086 3513 1261 3599 perfectum
1282 3512 1378 3582 linem
1400 3534 1472 3601 per·

322 3624 409 3697 ducat
441 3630 555 3698 Amen.

323 3809 373 3884 ³7.
392 3818 559 3885 Paacbala'a
574 3817 617 3883 ΙΙ
633 3840 724 3904 papa
748 3814 965 3884 &ebrardum
980 3815 1042 3882 III
1060 3819 1241 3903 epobcopsoa
1254 3814 1471 3883 Camasen-

395 3956 458 4001 eem
478 3934 687 4021 reprehendat,
711 3933 797 4018 quod
817 3934 955 3998 lacerati
976 3936 1205 3999 consecrationi
1224 3932 1403 4018 iomrfwit
1415 3955 1470 3998 rac-

395 4072 453 4137 pae
475 4052 519 4115 ad
541 4049 708 4115 concilium
729 4051 856 4114 aeneia
892 4048 1091 4114 &dardan
1110 4050 1380 4135 archiepiscopum
1396 4050 1470 4115 Mo-

394 4169 561 4253 ponebam
583 4177 612 4231 ct
633 4166 698 4231 eiua
720 4162 936 4250 suffraganeos
958 4164 1071 4249 officina
1088 4166 1268 4230 iamdictos
1283 4168 1436 4231 amatiott

395 4296 555 4366 Paschalis
582 4298 748 4384 episcopus
776 4315 884 4363 servus
912 4314 1074 4363 servorum
1096 4296 1158 4363 Dei
1185 4296 1357 4362 venerabili
1376 4297 1471 4363 tratri
1490 4307 1558 4362 1107

323 4403 532 4497 Giebehmdol¹
551 4411 785 4481 Oonstmtiensi
807 4410 954 4499 episcopo
977 4410 1111 4479 salutem
1133 4411 1394 4499 adapostolicam
1416 4412 1470 4479 bc-

322 4524 523 4597 sedicionem

382 4672 400 4706 ι.
420 4663 447 4709 7.
462 4678 533 4723 supro
546 4662 626 4723 ‚atti
643 4676 697 4709 Μ.
762 4661 785 4707 b.
805 4662 841 4708 asi
856 4660 948 4707 addidi.
1013 4672 1033 4707 c.
1052 4676 1082 4707 a
1098 4662 1150 4708 aad.
1161 4677 1216 4708 mc.
1225 4660 1309 4709 lm
1321 4660 1470 4706 bibliothecae

323 4734 463 4801 &udam
479 4742 513 4789 aa
526 4743 552 4791 s.
561 4745 669 4791 nm
683 4741 757 4789 eoas
770 4728 874 4805 negt:
889 4740 948 4789 coa.
964 4740 1057 4801 capua
1072 4743 1220 4789 Ata-ma·
1236 4741 1309 4789 naa

383 4819 404 4873 1.
425 4834 508 4889 snpra
524 4832 567 4889 ep.
580 4820 615 4875 35
632 4834 660 4889 p.
672 4819 734 4875 382.
823 4818 916 4874 2111.
