4342 6034
666 758 732 827 458
898 776 1107 825 wmmnrnnn
1127 777 1208 823 runa
1231 776 1258 823 s.
1274 775 1451 823 normann
1472 776 1548 825 car.
1563 776 1614 825 vn

595 928 647 985 739
666 918 782 1002 omnia,
805 915 989 985 confirmato
1012 916 1252 987 christianitatis
1275 916 1394 1001 ordine,
1416 917 1479 987 rite
1500 922 1670 1001 agerentur
1691 922 1724 983 et
1742 936 1828 985 cano-

664 1054 741 1101 num
764 1040 854 1101 sunt·
876 1034 948 1099 iura
969 1033 1003 1099 in
1017 1032 1193 1099 Baioariisl
1215 1038 1412 1119 recuperata,
1432 1034 1499 1101 iam
1521 1033 1562 1101 ad
1575 1034 1724 1120 proprias
1736 1054 1828 1101 reme-

666 1150 747 1217 ando
761 1149 865 1217 ,rediit
891 1148 1067 1215 aecclesias.
1113 1147 1290 1234 Populique
1311 1148 1373 1215 sibi
1393 1150 1573 1217 commissi·
1594 1169 1705 1217 curam
1725 1168 1828 1233 gerens

664 1266 833 1351 caulasque
855 1263 1005 1349 gregumd
1028 1264 1284 1351 circumspiciens
1307 1269 1341 1332 et
1361 1265 1510 1333 excubias
1533 1264 1636 1352 plebis
1657 1266 1827 1352 providens,

650 1362 739 1449 ¹cres
762 1379 947 1449 adelendis
968 1379 1116 1466 lnporum
1137 1381 1312 1447 morsibus·
1334 1381 1460 1467 eripuit.

519 1511 583 1577 post
595 1507 646 1561 741
754 1496 894 1583 Cumque
918 1494 1018 1562 Oarli‘
1040 1494 1129 1561 ducis
1155 1492 1303 1580 gloriosi¹
1323 1495 1499 1582 temporale
1525 1495 1651 1563 finitum
1679 1500 1762 1563 esset
1782 1515 1827 1563 ne

665 1632 762 1697 gnum
790 1619 821 1679 et
846 1610 983 1679 liliorum
1007 1612 1075 1679 eins
1097 1610 1340 1679 Gharlomauni⁸
1362 1619 1394 1679 et
1413 1610 1544 1699 Pippini
1564 1612 1746 1681 roboratum
1767 1611 1825 1679 est*

664 1728 849 1815 imperium,
878 1734 954 1793 tnnc
976 1727 1110 1813 quippe,
1139 1727 1266 1795 domiuo
1289 1726 1357 1795 Deo
1381 1727 1568 1813 opitulante*
1590 1744 1628 1795 ac
1649 1732 1825 1811 suggerente
1906 1805 1907 1812 χ

664 1848 773 1911 sancto
786 1842 945 1910 Bonifatio
967 1843 1214 1930 archiepiscopo,
1235 1843 1403 1927 relegionis
1424 1843 1596 1913 christiane
1616 1842 1826 1911 confirmatum

664 1964 713 2027 est
740 1964 980 2042 testamcutum,
1016 1962 1048 2025 ot
1075 1959 1324 2027 orthodoxorum
1350 1964 1478 2046 patrum
1506 1958 1674 2046 synodalia
1700 1959 1824 2027 suntin

663 2075 794 2143 Francis
816 2079 957 2143 correcta
978 2074 1135 2158 instituta,
1157 2080 1332 2160 cunctaque
1352 2094 1509 2143 canonum
1528 2075 1716 2142 auctoritate
1728 2094 1823 2141 emm-

664 2191 739 2259 data
760 2196 854 2276 atque
877 2191 1014 2278 expieta
1048 2190 1093 2257 Et
1114 2196 1181 2257 mm
1202 2190 1356 2259 laicorum
1376 2192 1498 2257 iniusta
1517 2189 1762 2257 concubinarum
1779 2210 1823 2257 co·

663 2306 740 2395 pulo
761 2306 894 2393 partim,
918 2306 1105 2373 exhortante
1126 2311 1235 2373 sancto
1257 2308 1342 2390 viro,
1365 2313 1514 2394 separata
1534 2311 1597 2389 est,
1620 2326 1716 2391 gnam
1738 2306 1823 2374 etiem

664 2423 847 2491 olorinorum
876 2422 1015 2489 nefanda
1041 2441 1113 2489 cum
1135 2422 1286 2491 uxoribus
1308 2422 1486 2491 coniunctio
1508 2422 1650 2490 seiuncta
1671 2441 1709 2489 ac
1729 2440 1822 2505 segre
1907 2417 1908 2452 ³

665 2544 748 2623 gata
794 2537 976 2622 Tantnsquc
1003 2538 1038 2605 in
1065 2558 1164 2623 snpra
1190 2538 1285 2605 dictis
1312 2538 1443 2606 ducibus
1465 2538 1592 2605 divinae
1613 2538 1755 2606 mnitatis
1774 2556 1824 2623 per

666 2654 841 2720 doctrinam
865 2653 967 2719 sancti
988 2652 1141 2719 Bonifatii
1161 2654 1268 2721 fervor
1290 2655 1425 2738 exarsit,
1455 2659 1492 2719 nt
1518 2652 1644 2740 plebem
1666 2653 1825 2740 quideme

665 2790 816 2857 perversa
837 2768 948 2835 inclite
970 2768 1206 2837 consuetudinis
1234 2788 1367 2837 censura
1393 2768 1528 2837 multum
1553 2768 1743 2853 liberarent,
1769 2788 1823 2854 qna

668 2886 854 2973 —proprio
876 2885 1029 2971 inplicata
1052 2886 1182 2951 arbitrio
1205 2891 1238 2952 ot
1257 2885 1466 2952 hereticorum
1490 2886 1621 2973 decepta
1635 2887 1821 2971 suggestione

667 3038 709 3049 -
732 3000 838 3069 iussok
861 3006 1007 3069 aeternae
1034 3000 1219 3069 hereditatis
1246 3002 1406 3068 amiserat
1451 3000 1542 3069 Adeo
1569 3002 1656 3069 enim
1683 3000 1819 3089 spi-italis

664 3118 699 3184 in
726 3116 844 3205 populo
872 3116 1034 3184 doctrinas
1060 3117 1163 3183 lucem
1192 3117 1404 3184 hereticorum
1431 3115 1640 3183 suffooenerat
1665 3124 1764 3201 secta,
1790 3120 1820 3181 ut
1908 3135 1909 3146 ¹

665 3234 832 3301 tenebrose
853 3232 1009 3299 hereticae
1032 3232 1225 3319 deceptionis
1248 3233 1349 3316 caligo
1371 3252 1521 3316 magnam
1542 3234 1698 3318 siquidem
1719 3230 1819 3320 plebis¹

507 3358 647 3413 tle-745
666 3348 853 3416 obtenerat''¹
875 3354 1009 3435 partem.
1048 3348 1100 3415 Ex
1122 3348 1235 3434 quibus
1258 3348 1384 3436 quidem
1405 3348 1614 3416 Eldebcrcht'
1636 3355 1670 3417 et
1689 3348 1818 3416 Clemens
1908 3359 1909 3362 ’

666 3486 685 3533 a
706 3466 760 3532 via
781 3465 923 3532 rembtis
945 3464 1108 3553 populum,
1130 3466 1264 3551 profana
1284 3467 1491 3553 pecuniarum
1509 3466 1684 3553 cupiditate
1702 3463 1817 3545 seducti,

664 3582 731 3666 iugi
764 3586 947 3647 averterunt
979 3581 1099 3662 studi03
1133 3581 1190 3648 sed
1217 3602 1237 3648 a
1264 3588 1374 3649 amoto
1399 3581 1559 3651 Bonifatio
1587 3582 1818 3669 archiepiscopo,

665 3696 932 3765 consentientibus
954 3695 1205 3763 Charlomanno·
1226 3702 1260 3764 et
1280 3696 1417 3785 Pippino
1444 3697 1590 3781 gloriosis
1618 3697 1761 3780 ducibus,
1785 3694 1818 3760 ab

665 3812 835 3881 aecclesiae
856 3812 978 3879 unitate
1001 3812 1141 3898 expulsi,
1164 3814 1255 3881 iuxta
1276 3814 1454 3901 apostolum
1475 3814 1586 3879 traditi
1608 3818 1684 3879 sunt
1703 3817 1818 3879 sannae

664 3932 699 3997 in
721 3928 884 3999 interilum
907 3928 1027 4012 carnis,
1050 3934 1087 3995 ut
1109 3930 1240 4017 spiritus
1262 3928 1369 3997 salvus
1390 3928 1448 3995 fiat
1467 3929 1502 3995 in
1524 3928 1595 3997 die'
1617 3924 1768 3995 Domiui'.

783 4078 841 4137 que
860 4058 949 4119 hodie
968 4060 1064 4137 gloria
1083 4067 1116 4121 et
1134 4060 1302 4122 benedictio
1321 4065 1353 4121 ct
1367 4061 1530 4137 gratiarnm
1542 4059 1623 4119 aetio
1635 4058 1820 4120 dominelleo

783 4158 892 4219 devota
911 4156 1107 4219 conferatur&

745 4258 779 4313 In
804 4256 866 4315 cod.
888 4256 1005 4315 Vbtdob.
1026 4276 1049 4315 a.
1066 4257 1158 4331 Xffl,
1185 4276 1243 4336 quc
1265 4256 1397 4315 ΡΜ
1418 4274 1491 4314 aaut
1514 4265 1571 4329 eat,
1595 4256 1665 4314 haec
1687 4255 1819 4332 m:

785 4352 916 4429 Quartus
930 4354 1118 4415 Willibaldna
1138 4354 1169 4414 in
1190 4354 1312 4414 civitate
1331 4353 1494 4414 Bistetensi
1511 4352 1645 4430 muron
1660 4352 1791 4428 suscepit

737 4503 757 4537 a
778 4492 856 4537 essent
871 4494 899 4537 A.
964 4489 987 4536 b.
1006 4489 1125 4547 Bcgnariis
1140 4494 1169 4537 A.
1235 4502 1256 4537 e
1275 4490 1380 4537 commiti
1394 4492 1420 4537 F.
1482 4488 1505 4536 d
1524 4489 1626 4549 gregium
1642 4492 1669 4537 F.
1728 4503 1748 4535 a
1766 4498 1818 4533 nn·

666 4569 729 4617 sibun
746 4574 771 4617 F.
854 4568 870 4616 i.
891 4587 948 4616 corr.
963 4572 987 4615 in
1003 4569 1077 4616 Caroli
1092 4574 1122 4618 A.
1202 4582 1225 4629 g.
1245 4568 1389 4617 carlomanni
1403 4572 1432 4617 A.
1513 4568 1537 4615 h.
1559 4571 1622 4615 estet
1636 4572 1665 4616 A.
1742 4564 1816 4623 iopi-
1908 4575 1909 4578 ’

664 4650 725 4697 uus
742 4652 768 4697 r.
859 4646 883 4695 n
902 4648 939 4695 ru
953 4652 981 4695 A.
1077 4634 1168 4709 spui
1184 4652 1210 4697 r.
1302 4662 1333 4695 u.
1353 4648 1466 4696 cosroes
1479 4650 1509 4695 A.
1592 4662 1616 4695 u
1636 4646 1816 4696 scaenarum.

665 4744 687 4776 o.
708 4730 855 4777 Gnrlomanno
870 4732 899 4775 A.
975 4740 999 4789 p
1019 4726 1058 4775 dii
1073 4733 1104 4776 A.

736 4816 761 4871 1.
785 4816 832 4885 qni
849 4812 919 4870 obiit
935 4830 972 4871 m.
984 4814 1096 4871 Octobri
1114 4816 1214 4872 aul.
1293 4815 1320 4870 2.
1344 4812 1533 4884 Icorintbn'o,
1546 4815 1573 4870 5.
1653 4814 1680 4869 3.
1702 4828 1728 4868 r.
1744 4822 1815 4879 supr·
1908 4807 1909 4822 ¹

663 4904 755 4975 1245?
773 4904 839 4960 ul.
