4342 6034
650 754 714 820 170
895 771 923 818 s
939 769 1116 818 normann
1137 769 1182 818 su
1204 769 1306 818 nuum
1329 769 1516 818 nensnousn
1542 769 1572 816 ss

487 921 627 976 744-747
647 917 774 1000 eeptum
796 917 830 979 et
850 913 1010 994 iteratum,
1032 910 1088 978 illo
1111 911 1274 978 dueente·:
1298 913 1437 998 Propter
1449 913 1702 997 fornicationem
1718 927 1820 979 ouem

646 1032 862 1116 europaeque
882 1051 974 1093 suom
996 1050 1126 1093 oaorem
1148 1029 1269 1108 Mheet,
1294 1041 1323 1092 et
1344 1051 1552 1114 unaquaeque
1574 1032 1678 1093 viram
1701 1051 1793 1094 saum
1802 1024 1818 1093 ¹.

647 1144 746 1226 Nam,
775 1145 803 1208 si
825 1143 887 1210 hoe
907 1163 1004 1210 eausa
1025 1143 1181 1210 eastitatis
1205 1147 1238 1210 et
1260 1142 1469 1210 abstinentiae
1491 1143 1595 1210 faeere
1617 1142 1763 1228 voluisti,
1785 1149 1820 1210 ιιι

647 1260 823 1326 abnueris
851 1259 1071 1326 coniunctione
1100 1279 1158 1345 pro
1188 1259 1302 1326 timore
1330 1263 1362 1324 et
1390 1277 1497 1324 amore
1518 1257 1579 1324 Dei
1602 1257 1818 1342 abstinuisses,

646 1378 679 1442 et
706 1374 766 1442 hoo
787 1395 897 1441 vemm
925 1379 957 1442 et
984 1375 1151 1461 impletum
1180 1392 1239 1461 pro
1262 1373 1329 1442 Deo
1357 1373 1615 1460 conprobaveris,
1646 1378 1678 1440 et
1705 1375 1740 1440 in
1762 1373 1819 1441 hoe

646 1489 834 1573 gaudemns3
859 1491 1019 1575 quianon
1042 1496 1091 1558 est
1113 1489 1370 1577 reprehensibile,
1395 1489 1450 1556 sed
1464 1490 1566 1572 magis
1581 1489 1750 1556 laudabile.
1786 1489 1819 1556 si

647 1611 752 1671 autem
777 1641 818 1651 -
843 1606 926 1690 quod
954 1606 1102 1673 absit-
1127 1611 1162 1672 ιιι
1184 1604 1277 1672 multi
1300 1605 1423 1688 dieunt,
1452 1624 1511 1670 nee
1533 1603 1709 1688 legitimam
1733 1625 1818 1672 aeae-

646 1720 740 1807 pistib
763 1741 894 1787 uxorem
917 1741 975 1788 noe
997 1721 1153 1788 eastitatis
1176 1720 1400 1788 abstinentiam
1420 1740 1478 1806 pro
1494 1719 1562 1786 Deo
1577 1721 1741 1804 servasti,
1765 1722 1819 1788 sed

645 1837 777 1903 libidine
798 1837 981 1904 dominante
1003 1837 1038 1902 in
1059 1835 1176 1902 seelera
1200 1835 1342 1902 luxoriae
1358 1841 1390 1902 et
1404 1836 1551 1904 adulterii
1566 1836 1684 1902 famam
1700 1836 1818 1921 gloriae

646 1957 720 2018 tuae
741 1971 847 2018 eoram
869 1951 939 2019 Deo
962 1957 994 2018 et
1016 1951 1196 2018 hominibus
1218 1950 1424 2035 ooniuderis‘,
1451 1952 1484 2018 in
1506 1952 1566 2018 hoo
1587 1951 1679 2020 valde
1703 1954 1818 2022 oontri-

646 2073 784 2149 stamur3
808 2069 882 2152 quia
905 2073 937 2134 et
959 2067 993 2134 in
1015 2073 1186 2153 ooospootu
1201 2066 1262 2134 Dei
1283 2066 1438 2151 flagitium
1462 2073 1494 2134 et
1515 2086 1622 2134 eoram
1639 2068 1818 2136 bominibus

645 2184 750 2250 famae
771 2189 896 2249 vestrae
918 2183 1060 2250 confusio
1083 2201 1152 2248 esse
1174 2183 1357 2250 dinoscitur.

734 2298 779 2365 Et
793 2299 905 2383 adhue,
929 2299 1013 2382 quod
1027 2299 1118 2384 peius
1134 2303 1191 2382 est,
1215 2299 1270 2382 qui
1285 2298 1376 2364 nobis
1390 2303 1532 2382 damant,
1555 2297 1712 2366 adieiuut:
1737 2301 1819 2386 quod

646 2413 706 2481 hoo
735 2413 837 2480 scelus
866 2414 1059 2498 ignominiae
1087 2415 1245 2481 maximae
1268 2433 1340 2480 eum
1363 2413 1479 2480 sanetis
1501 2414 1692 2482 monialibus
1715 2421 1748 2484 et
1770 2437 1819 2483 sa-

646 2530 742 2596 eratis
765 2529 833 2596 Deo
856 2531 1032 2614 virginibus
1054 2550 1112 2616 por
1134 2530 1329 2596 monasteria
1342 2529 1545 2596 eommissum
1559 2531 1611 2598 sit.
1645 2530 1738 2616 Nam,
1762 2532 1820 2600 hee

647 2651 811 2730 peceatum
833 2645 952 2732 duplex
975 2666 1061 2730 esse,
1090 2664 1152 2712 non
1176 2646 1305 2713 dubium
1330 2650 1388 2711 est.
1433 2643 1476 2711 Ut
1499 2645 1586 2712 verbi
1608 2648 1712 2730 mutia
1732 2649 1819 2716 diea-

647 2781 735 2845 mus,
764 2762 853 2827 euius
875 2761 1034 2830 vindictae
1063 2781 1136 2828 reus
1164 2761 1208 2828 sit
1233 2781 1313 2848 puer
1338 2760 1423 2847 apud
1444 2759 1607 2828 dominum
1629 2783 1737 2849 suum,
1766 2766 1819 2851 qui

647 2897 780 2944 uxorem
803 2878 924 2944 domini
947 2879 997 2944 sui
1020 2877 1174 2945 adulterio
1198 2877 1371 2944 violaverit
1407 2875 1530 2954 Quanto
1552 2879 1654 2962 magis
1676 2879 1742 2964 ille,
1767 2883 1819 2966 qui

647 3015 797 3081 sponsam
819 2993 955 3076 Christi,
985 2993 1137 3060 creatoris
1160 2991 1239 3060 eseli
1262 2997 1294 3060 et
1315 2997 1435 3076 terrae,
1461 2993 1628 3080 putredine
1651 3015 1727 3063 suae
1748 2996 1819 3064 libi-

646 3109 730 3176 dinis
746 3109 1037 3190 oommaeulaverit3
1057 3109 1182 3176 dieente
1197 3107 1289 3174 beato
1304 3107 1403 3174 Paulo
1419 3109 1594 3196 apostolo·:
1611 3112 1666 3177 Aa
1680 3117 1817 3195 seeretis,

647 3229 725 3312 quio
747 3249 883 3312 corporo
904 3239 1007 3291 oestro
1029 3226 1146 3312 ternplo
1168 3237 1242 3290 earet
1257 3223 1399 3310 Spiritus
1419 3221 1560 3292 eooetii'
1583 3231 1615 3292 et
1637 3227 1727 3295 alibi:
1751 3231 1818 3296 Ne-

647 3344 744 3420 scitis,
768 3345 846 3426 qnia
867 3343 1017 3428 templum
1031 3343 1098 3406 Dei
1120 3345 1201 3421 estre,
1227 3354 1255 3406 et
1277 3344 1407 3426 spiritua
1423 3341 1489 3406 Dei
1508 3343 1629 3410 dubitet
1642 3346 1678 3409 ire
1692 3341 1819 3410 soleis?⁸

648 3457 690 3524 Si
717 3460 788 3543 quea
817 3470 922 3523 aretem
947 3459 1097 3544 templum
1119 3458 1186 3524 Dei
1210 3457 1389 3537 oiolooerit,
1419 3459 1579 3544 disperdet
1599 3459 1690 3524 illam
1712 3461 1819 3539 Deum

647 3574 797 3659 templum
820 3571 916 3637 enim‘
931 3574 997 3638 Dei
1017 3587 1160 3639 sonetum
1181 3586 1235 3652 est,
1261 3575 1347 3658 qued
1361 3575 1432 3638 eatis
1447 3570 1527 3638 oos‘.
1563 3572 1607 3638 Et
1620 3574 1736 3642 itemm
1751 3576 1819 3642 ido-

646 3687 759 3754 latriae
782 3687 928 3754 servituti
951 3687 1109 3753 adulteros
1133 3693 1165 3753 et
1186 3687 1392 3754 seminatores
1415 3687 1449 3753 in
1472 3707 1616 3755 sermone
1638 3695 1670 3756 et
1687 3711 1819 3758 numero

646 3809 848 3890 peecatorum
870 3803 974 3886 iungit
996 3803 1117 3868 disens:
1143 3804 1197 3868 Aa
1220 3807 1354 3884 neritis,
1380 3807 1457 3890 quio
1479 3807 1586 3891 iniqui
1606 3829 1736 3893 repeton
1754 3809 1821 3874 Dei

647 3944 712 3986 ooo
733 3921 958 4008 possidebunt?
990 3919 1099 3985 Nolite
1121 3941 1236 3985 errore.
1272 3920 1385 4005 Neque
1397 3921 1585 4005 fornicarii,
1609 3943 1708 4008 oeque
1723 3925 1819 3991 idaim

646 4040 822 4117 servientes,
846 4058 946 4122 oeque
968 4035 1115 4116 adulteri,
1140 4059 1238 4122 oeque
1260 4035 1377 4116 molles,
1402 4059 1501 4122 reque
1516 4039 1729 4104 masculorum
1743 4062 1817 4106 eoo·

647 4154 811 4231 cebitoree,
838 4173 938 4238 raeque
951 4152 1057 4236 soree,
1081 4175 1181 4238 raeque
1204 4155 1305 4232 avom,
1330 4174 1429 4237 aeque
1449 4153 1576 4232 ebriosi,
1599 4177 1699 4240 aeque
1720 4157 1817 4221 orata

647 4269 722 4347 diei,
746 4289 846 4353 oeque
866 4290 999 4354 rapuere
1021 4290 1154 4354 repetem
1176 4268 1242 4334 Dei
1258 4263 1490 4354 possidebunt‘.
1580 4269 1677 4356 Apud
1700 4268 1818 4338 Grecos

647 4383 731 4448 enim
761 4387 794 4448 st
814 4380 971 4448 Romanos
994 4419 1037 4428 -
1061 4384 1152 4468 quasi
1180 4383 1426 4468 blasphemiam⁸
1448 4381 1516 4450 Deo
1543 4385 1735 4471 inrogasset,
1764 4387 1817 4473 qui

720 4537 740 4569 ι.
761 4523 823 4582 quod
843 4523 912 4569 etiam
932 4535 974 4582 per
992 4525 1120 4583 apostolum
1136 4525 1179 4572 Dei
1195 4525 1287 4572 Paulum
1309 4527 1454 4586 praeseptum
1476 4529 1500 4573 et
1517 4528 1622 4574 iteratum
1639 4531 1681 4584 est,
1698 4529 1816 4576 detentam

646 4605 715 4663 atque
735 4603 847 4649 dicentem
865 4607 886 4650 c
896 4619 940 4662 pro
959 4605 986 4649 ιιι
1002 4617 1045 4662 per
1059 4605 1187 4664 apostolum
1207 4629 1231 4636 -
1250 4606 1354 4653 desento.
1432 4607 1454 4654 b.
1475 4607 1579 4666 aeeipisti
1597 4609 1624 4653 V.
1702 4621 1722 4655 e.
1743 4623 1815 4656 raser-

645 4683 705 4728 mti
722 4686 748 4731 c.
811 4683 835 4728 d.
856 4681 1001 4729 contunderis
1019 4685 1046 4730 V.
1109 4698 1129 4730 a.
1150 4701 1192 4730 om.
1210 4687 1235 4732 C.
1298 4685 1314 4732 t.
1335 4703 1377 4732 om.
1396 4689 1429 4733 dl.
1492 4701 1513 4745 g.
1535 4686 1700 4750 plasphemium
1718 4690 1775 4736 MV.

718 4777 1012 4849 alcensium.
1102 4781 1128 4834 a.
1154 4779 1308 4834 leoena.
1328 4781 1353 4849 e,
1370 4781 1414 4836 no.
1503 4779 1813 4852 amensamens.

645 4867 672 4922 ι.
697 4865 885 4938 moestus,
900 4869 941 4923 nr.
1031 4869 1057 4923 e.
1082 4867 1367 4940 sconiensem.
