4342 6034
661 709 851 757 nmrourus
872 710 919 757 na
941 708 968 756 e.
985 709 1116 757 sumno
1405 691 1470 759 517

313 873 432 931 teroem,
456 852 595 917 decerem
615 854 708 916 modo
732 852 874 916 debemus
893 864 1024 938 propter
1046 854 1213 919 adventrum
1232 851 1543 931 cessissemusne

313 990 375 1031 nora
399 969 480 1031 enim
510 968 656 1054 deinceps
679 967 771 1032 talem
792 970 828 1031 a'n
849 970 911 1032 sisto
932 970 1058 1054 rcpiooe
1080 968 1258 1034 babebimus
1280 981 1470 1055 potestaten,

313 1086 402 1147 auci
414 1083 559 1147 boemos
574 1084 749 1149 walmes.
782 1082 826 1147 Et
839 1082 917 1148 baec
931 1082 1037 1149 dicens
1053 1083 1224 1149 discesmv.
1258 1081 1372 1149 Mulier
1386 1104 1472 1168 uero,

314 1197 509 1263 adaemonis
531 1198 732 1265 infestatione
753 1196 896 1281 liberata,
918 1198 1070 1264 feretrum
1093 1200 1194 1265 sancti
1217 1199 1404 1266 confessoris
1419 1220 1473 1265 us·

313 1332 370 1397 que
391 1313 430 1379 ad
451 1312 655 1401 Erpbesfurt‚
678 1312 746 1379 Deo
768 1314 886 1397 gratias
910 1334 1021 1397 agens,
1045 1320 1153 1381 secuta
1175 1320 1231 1381 est.

397 1428 476 1495 Ossa
498 1435 602 1497 antem
621 1428 760 1496 eiusdem
776 1429 876 1495 sancti
890 1428 924 1495 in
941 1428 1135 1514 aecclesiam,
1157 1430 1192 1496 in
1206 1430 1358 1497 honorem
1372 1430 1474 1497 sancti

311 1544 398 1610 Pauli
420 1545 556 1631 apostoli
578 1545 763 1629 dedicatam,
786 1545 942 1611 translata
963 1550 1038 1611 sunt
1046 1541 1063 1611 ¹.
1138 1545 1199 1613 Ubi
1220 1528 1294 1612 duni
1317 1546 1418 1613 adhuc
1438 1548 1474 1613 in
1492 1552 1581 1602 occsa

311 1658 418 1743 loculo,
440 1661 523 1727 sicut
544 1661 642 1727 allata
663 1667 764 1743 erant,
787 1660 951 1728 inhumata
972 1662 1122 1747 iacerent,
1147 1666 1236 1727 tanta
1258 1662 1418 1746 signorum
1442 1668 1475 1729 et

311 1776 521 1862 prodigiorum
542 1776 712 1869 multitudo
727 1776 850 1861 claruit,
873 1782 964 1843 muta
977 1777 1130 1844 virtutum
1146 1778 1194 1843 vie
1209 1778 1243 1843 in
1258 1778 1344 1843 omni
1359 1796 1474 1861 genere

311 1892 477 1957 sanitatum
505 1913 563 1979 per
591 1892 731 1959 divinam
758 1893 894 1976 gratiam
921 1893 1049 1977 enituit,
1079 1897 1116 1959 ut
1144 1892 1270 1959 anullo
1294 1893 1474 1961 mortalium

311 2007 475 2074 eorundem
503 2008 727 2075 miraculorum
756 2014 812 2075 aut
837 2028 986 2075 numerus
1016 2008 1238 2095 comprehendi
1262 2014 1317 2075 aut
1338 2009 1475 2077 semema

311 2123 410 2191 valeat
432 2124 583 2191 enarrari.

393 2239 549 2307 Defuncto
572 2244 677 2305 autem
700 2238 829 2323 Otgario
852 2245 884 2306 et
905 2259 1084 2307 successore
1105 2240 1191 2307 illiue
1211 2240 1351 2325 itabens,
1374 2240 1474 2308 Karo·
1492 2244 1545 2301 856

311 2353 366 2438 lue,
387 2354 534 2444 Pippiui²
548 2357 632 2441 regis
655 2356 749 2441 filius,
765 2356 911 2423 eiusdem
934 2356 1134 2444 episcopatus
1154 2356 1273 2423 honore
1287 2356 1474 2425 sublimatus

313 2470 383 2537 estl.
413 2470 484 2555 Qui,
506 2493 646 2539 annuens
661 2472 827 2559 praecibus
843 2472 1131 2539 sanctimonialium
1145 2473 1179 2537 in
1190 2472 1266 2539 Alto
1281 2474 1473 2541 monasterio

311 2587 555 2672 consistentium,
579 2594 702 2675 partem
724 2588 883 2673 quandam
905 2588 944 2654 de
966 2588 1108 2673 reliqniis
1129 2592 1256 2655 sanctae
1271 2586 1474 2657 Innocentius
1492 2592 1544 2649 858

313 2702 558 2790 topraedictum
575 2704 769 2785 coenobium,
792 2704 957 2789 sicutipse
971 2704 1091 2787 vidisti,
1114 2699 1303 2773 uenatulit³.
1333 2704 1396 2773 Ubi
1411 2725 1474 2771 uon

313 2838 423 2903 paucas
451 2821 585 2887 virtutes
613 2841 671 2906 per
693 2819 851 2885 einedem⁰
874 2824 1002 2886 sanctae
1024 2820 1156 2903 virginis
1179 2820 1294 2887 merita
1316 2820 1473 2887 Dominus

311 2934 409 3003 facere
431 2936 579 3020 dignatus
600 2941 659 3020 est,
683 2954 762 3021 quas
784 2936 813 3001 si
832 2934 913 3001 scire
928 2934 1075 3019 volueris,
1099 2934 1139 3001 ab
1154 2934 1237 3001 illis‘¹
1253 2936 1476 3003 sanctimonie·

311 3048 387 3117 bbus
410 3052 530 3119 discere
552 3052 681 3139 poteris.

392 3168 445 3235 En
466 3168 578 3251 babes,
601 3168 700 3234 frater
721 3167 906 3252 karissime,
928 3186 1033 3233 meam
1055 3166 1331 3252 pollicitationem,
1355 3184 1418 3235 uon
1441 3172 1477 3235 ut

314 3282 390 3349 uolui
418 3284 477 3351 scd
498 3288 607 3371 prout·
630 3284 736 3370 potui,
764 3282 889 3351 effectui
910 3283 1134 3369 mancipatam.
1169 3281 1291 3361 Quaeso
1314 3283 1411 3367 igitur
1433 3289 1476 3369 te,

314 3400 453 3467 utillum
475 3400 654 3486 depreceris
677 3420 734 3485 pro
758 3420 825 3483 me,
854 3399 908 3484 qui
936 3419 993 3465 suo
1017 3398 1131 3485 simplo
1153 3404 1261 3465 nostro
1284 3398 1380 3485 duplo
1403 3399 1476 3466 sub-

315 3516 401 3600 venit,
424 3516 573 3601 quatinus
595 3516 735 3599 gratuita
756 3517 861 3599 gratia
882 3535 941 3581 sua
956 3519 988 3581 et
1002 3515 1173 3583 eorundem
1188 3520 1368 3581 sanctorum
1384 3534 1476 3601 prae-

315 3631 393 3699 cibus
421 3636 587 3715 exoratus‚
615 3630 722 3697 saltim
750 3632 784 3697 in
813 3632 864 3697 die
890 3630 1001 3697 iudicii
1021 3650 1095 3697 cum
1118 3629 1225 3696 clectis
1248 3631 1314 3697 suia
1338 3630 1475 3715 aliquam

315 3754 428 3831 param
451 3748 567 3815 babere
589 3768 641 3815 me
662 3747 773 3829 iaciat3
798 3747 945 3832 quoniam
968 3746 1082 3813 melius
1105 3745 1184 3811 mihi
1207 3750 1276 3813 erat
1297 3766 1362 3813 non
1376 3747 1475 3831 nasci,

316 3882 399 3946 quam
421 3867 458 3931 in
480 3869 641 3931 aeternnm
665 3863 704 3931 ab
728 3864 774 3929 eis
796 3861 960 3949 separari.

379 4013 399 4045 a
419 3998 533 4046 abacos&
546 3999 583 4045 aa
683 3996 706 4043 b.
726 3996 860 4043 sublimatur
875 3996 910 4042 ed.
1012 4007 1032 4041 c.
1053 4008 1093 4041 eas
1109 3994 1337 4053 commonueram
1349 4020 1376 4029 -
1387 3994 1476 4043 merila.

316 4074 335 4119 tl.
354 4077 387 4125 bis
401 4080 438 4125 ed.
532 4092 553 4123 a.
573 4079 599 4123 nt
614 4078 650 4123 ed.
743 4075 759 4121 l.
779 4085 900 4137 sequuntur
921 4078 943 4120 in
965 4075 1017 4120 cod.
1033 4075 1103 4120 laec.-
1124 4073 1222 4134 Explicit
1237 4074 1313 4121 obitus
1329 4076 1353 4121 et
1367 4076 1476 4122 momoria

316 4159 380 4204 ausu
395 4158 473 4205 Severi
489 4161 513 4204 et
528 4159 620 4204 amotae
635 4155 768 4202 vincentiae
784 4158 852 4215 atque
867 4154 1019 4201 Innocentiae.

378 4256 402 4308 1.
420 4254 466 4308 die
478 4255 514 4308 22
526 4252 585 4308 Oct.
604 4252 639 4308 V.
652 4267 735 4321 supra
747 4266 774 4321 p.
787 4252 840 4306 513
858 4268 884 4305 n.
897 4268 924 4305 n.
949 4248 990 4305 Cf.
1003 4246 1143 4304 Lambsrti
1155 4247 1277 4303 Annales
1290 4250 1372 4311 (Mon.
1383 4249 1474 4305 Germ.

316 4334 358 4393 SS.
370 4342 408 4398 ill
418 4343 466 4409 bb)
477 4342 546 4398 836:
566 4384 580 4412 ‚,
589 4339 717 4411 Otgarius
733 4357 799 4395 ossa
816 4340 904 4395 sancti
915 4338 1010 4395 Severi
1028 4338 1150 4408 episcopi
1168 4336 1220 4393 sibi
1233 4337 1325 4396 delata
1337 4338 1475 4393 transtulit

317 4424 516 4501 qurpbesfurt,
535 4430 701 4500 Thuringiae
719 4430 866 4498 civitatem,
885 4431 914 4483 et
931 4428 960 4483 iu
970 4427 1036 4482 Alto
1050 4426 1215 4481 monasterio
1230 4428 1353 4497 reposuit
1366 4428 1398 4483 11
1411 4424 1473 4481 Kal.

317 4511 499 4573 Novembris“.
589 4521 615 4573 2.
639 4520 653 4573 1
670 4519 744 4587 regis
767 4517 941 4587 Aquitaniae.
1030 4517 1056 4571 3.
1081 4531 1154 4571 anno
1176 4515 1238 4570 858.
1265 4514 1404 4569 Lamberti
1427 4531 1473 4569 an·

317 4604 384 4661 uoles
401 4608 433 4670 tl.
445 4608 463 4663 l.
481 4622 509 4678 p.
522 4608 573 4675 49)
591 4610 658 4663 858:
683 4607 822 4677 „Karolus
843 4605 1063 4675 archiepiscopus
1080 4604 1219 4675 quandam
1236 4609 1342 4675 partem
1361 4602 1396 4659 de
1414 4602 1473 4659 reli-

319 4692 380 4757 ctis
396 4702 507 4753 maso
524 4696 699 4753 lunoanaae
715 4694 855 4750 mutuus
872 4694 908 4749 eo
926 4692 1118 4764 ambesum.

761 4836 1008 4867 -Φ-
