4342 6034
544 758 750 807 wmnrssnor
770 760 851 807 vrrs
873 760 1094 810 erronum
1115 761 1190 809 our.
1207 763 1245 809 rx
1424 747 1486 813 471
1515 816 1519 825 ,

334 905 425 967 terres
444 900 608 987 inpressis,
627 900 742 967 -ruiuee
766 901 891 986 penitus
913 920 1057 969 oesnrum
1074 903 1301 989 temptabatur,
1325 905 1490 972 anteriori-

333 1015 441 1101 bnsqne
461 1015 559 1083 humo
580 1014 687 1083 infixis
709 1015 871 1100 eruribus,
898 1016 1114 1100 rolutubetnr3
1145 1018 1244 1087 donee
1265 1020 1322 1104 hii,
1346 1020 1401 1105 qui
1424 1022 1490 1105 egi·

332 1130 413 1197 liores
440 1131 682 1217 solertioresque
703 1132 889 1217 extiterant,
919 1132 1093 1200 distensis·
1113 1134 1181 1201 suis
1203 1154 1416 1222 praepropere
1438 1156 1490 1203 oo·

332 1245 441 1330 ubist,
469 1266 586 1333 equum
613 1251 719 1314 terroe
748 1247 945 1315 inherentenr
966 1248 1179 1317 extraherent.
1215 1249 1277 1317 Sed
1300 1252 1491 1339 stupendum

332 1361 427 1427 stetim
449 1381 487 1429 eo
508 1362 688 1449 speoteonlo
709 1362 840 1447 dignum
862 1363 912 1431 bis
935 1366 990 1449 qni
1011 1365 1144 1432 oderent
1159 1372 1328 1451 ⁴ostensum
1347 1374 1416 1437 erat
1430 1370 1490 1435 mi-

331 1476 475 1549 rsonlunn:
499 1484 533 1545 et
553 1478 794 1565 limpidissimus
816 1486 909 1547 extra
930 1480 1190 1547 eonsuetudinem
1209 1482 1294 1549 illius
1309 1486 1489 1570 tensione,
1607 1530 1613 1543 ·

330 1593 399 1659 nire
419 1594 585 1661 suavitatis
606 1600 702 1678 gustu
724 1594 903 1661 indoleatne
910 1606 931 1679 ⁸,
954 1596 1182 1683 prorumpebat
1196 1602 1229 1664 et
1242 1618 1299 1684 per
1312 1600 1490 1683 incognitos

328 1714 486 1793 penetruns
508 1714 632 1776 meatus
653 1708 846 1795 profluebat,
875 1716 913 1777 ut
934 1712 1021 1777 rivus
1043 1711 1109 1777 inm
1131 1713 1289 1780 maximus
1313 1734 1382 1782 esse
1403 1716 1490 1783 ride·

328 1829 414 1890 retur.
447 1823 517 1903 Quo
542 1825 752 1911 obstupefacti
773 1826 943 1911 mireeulo,
971 1825 1150 1894 exultantes
1173 1832 1268 1914 etque
1291 1829 1409 1899 aleones
1432 1833 1489 1898 do-

327 1958 404 2007 murn
425 1941 557 2025 reversi
580 1960 628 2026 ee,
651 1960 732 2026 queo
752 1940 910 2027 viderunt,
932 1941 1079 2028 plebibus
1103 1943 1320 2029 derulgmunt.

633 2278 808 2357 PASSIO
836 2280 874 2357 S.
895 2280 1166 2358 BONIFATII.

324 2473 464 2561 lnoipit
485 2473 618 2561 passio
642 2475 773 2541 saneti
794 2472 993 2540 Bonifeoii
1015 2473 1337 2559 Mogontinensis
1361 2475 1489 2543 orobi-

325 2590 513 2677 episoopi‚
543 2590 609 2674 qni
638 2590 779 2655 extitit
806 2590 1050 2676 temporibus
1079 2589 1218 2656 Karoli
1245 2590 1488 2657 nobilissimi

361 2705 468 2788 regis
497 2706 563 2790 qui
590 2706 722 2771 senior
750 2704 898 2771 dieitur
928 2710 967 2772 et
988 2704 1150 2793 Pippini
1177 2706 1319 2771 fratris
1348 2706 1441 2773 eius.

404 2864 612 2951 Temporibus
634 2864 805 2931 reuerendi
825 2862 936 2931 Keroli
958 2864 1013 2949 qui
1035 2864 1141 2931 senior
1163 2864 1279 2931 dioitm
1301 2870 1333 2933 et
1347 2864 1487 2952 Pippini,

323 2980 424 3047 botris
446 2980 524 3063 eius,
545 2981 607 3047 init
627 2980 755 3065 quidem
771 2980 904 3045 antistes
919 2980 1048 3047 nornine
1062 2977 1227 3063 Geroldns,
1251 2980 1305 3065 qui
1319 2986 1394 3067 post
1406 2980 1488 3049 Reo-

323 3092 465 3163 bordum¹
487 3100 629 3163 seuotem
643 3094 828 3179 Mogontiue
850 3094 934 3161 sedis
956 3096 1041 3161 rexit
1063 3094 1246 3163 eeclesiam..
1274 3094 1321 3161 Eo
1345 3100 1487 3183 tempore

323 3210 533 3297 inquietsbent
554 3210 697 3277 Senones
712 3210 916 3294 Tbmingiem
938 3211 1101 3295 regionem
1123 3211 1179 3294 ito,
1201 3216 1238 3279 ut
1259 3210 1403 3299 oonpnisi
1424 3212 1489 3279 siut

323 3334 428 3413 sponte
448 3327 617 3411 noningere
638 3326 681 3393 od
701 3326 920 3413 supradiobnm
941 3326 1118 3415 prinoipem
1141 3326 1308 3411 barolum,
1332 3332 1487 3412 qnatenus

324 3460 373 3508 sno
393 3443 569 3529 patrocinio
591 3446 780 3509 tutarentur.
814 3440 900 3519 Quos
921 3442 976 3509 illo
998 3446 1162 3528 susceptos
1184 3448 1352 3529 utrumqne
1371 3449 1487 3511 etmu-

323 3558 442 3626 uoribns
472 3558 634 3627 onustavit
661 3564 694 3625 et
720 3557 887 3625 eonsilium
913 3554 1079 3644 impendit
1171 3558 1312 3642 Contigit
1337 3578 1485 3645 nomque,

322 3676 511 3757 prneriiotnm
527 3674 705 3761 prinoipem
722 3693 795 3741 oum
810 3673 951 3741 exercitu
964 3678 1077 3740 eontra
1092 3672 1232 3742 Senones
1247 3676 1305 3759 iro,
1329 3674 1486 3760 simulque

323 3786 487 3857 Geroldmn
513 3790 688 3857 antistitem
716 3808 788 3856 euru
816 3788 882 3856 sois
910 3786 1026 3855 Kerolo
1054 3787 1254 3874 suffragando
1284 3795 1317 3857 et
1342 3789 1485 3859 hostibus

322 3905 502 3991 resurgendo
523 3905 688 3973 oertnrnini
708 3905 871 3973 interesse.
905 3902 988 3983 Quid
1009 3904 1122 3990 ploret
1152 3905 1353 3973 Certentibns
1376 3906 1486 3975 noio

322 4039 405 4089 reone
427 4022 627 4105 exereitibos,
650 4020 838 4089 venerabilis
853 4020 985 4087 antistes
1001 4018 1166 4106 (toroldus,
1189 4022 1383 4091 irruentibus
1398 4022 1485 4091 ieeu-

321 4134 417 4205 lorum
438 4138 591 4222 nubibus,
612 4138 821 4225 interemptos
843 4137 998 4204 oooubnit.

403 4253 480 4322 Fuit
501 4258 607 4321 sutem
627 4254 739 4321 eodem
761 4259 904 4340 tempore
927 4253 1055 4337 quidem
1076 4253 1204 4321 nomine
1219 4251 1360 4340 Gewelip
1379 4254 1414 4319 in
1428 4274 1485 4340 pe·

321 4365 393 4435 letio
413 4370 499 4455 regis
520 4370 769 4458 eooeptissimns,
790 4390 890 4456 supro
909 4370 1076 4437 memorati
1099 4369 1249 4437 antistitis
1272 4367 1356 4437 iilius
1371 4370 1483 4437 dietus.

323 4482 378 4561 Qui
403 4492 478 4572 post
503 4486 624 4553 obitum
650 4486 751 4573 potis
778 4486 909 4565 eandem
937 4486 1113 4569 gubernare
1142 4486 1281 4571 susospit
1308 4484 1483 4553 ecelesiam.

388 4668 408 4700 ι
428 4655 545 4703 (imoensis
560 4657 589 4702 A.
665 4655 689 4701 b.
709 4672 766 4701 corr.
781 4656 804 4701 ῆι
819 4654 912 4700 esrnbis
928 4658 957 4702 A.
1034 4668 1054 4700 o
1074 4654 1228 4700 induioorstus
1244 4656 1272 4700 A.

388 4760 413 4813 1.
435 4759 470 4816 V.
488 4759 614 4831 Getulogi
631 4773 674 4830 ep.
692 4758 765 4829 neg.
784 4772 869 4827 supro
884 4776 913 4828 p.
925 4761 948 4827 2,
961 4762 990 4814 et
1007 4760 1037 4827 3,
1061 4757 1110 4813 ubi
1128 4756 1240 4813 Geroldi
1257 4754 1483 4828 proedeoessores

324 4842 472 4904 betonem
488 4852 517 4904 et
532 4846 690 4919 Rtgtbertns
707 4851 849 4903 voosntur.
