4342 6034
606 780 634 828 s.
649 779 827 830 normann
847 782 892 830 aa
913 781 1016 830 nunus
1037 782 1226 831 namrouss
1248 779 1279 828 re
1464 765 1528 832 125

348 925 481 1008 praeut
502 927 612 990 vestra
634 921 775 1003 dilecti03
803 926 837 990 et
862 923 1059 1009 provinciam
1086 923 1120 990 in
1149 929 1213 991 tres
1243 924 1388 990 divisisse
1418 944 1528 1011 parro-
1563 929 1614 986 743

349 1037 449 1104 chius.
496 1037 565 1116 Quo
588 1038 725 1122 cognito,
748 1057 820 1104 cum
842 1057 959 1121 magna
980 1039 1174 1106 exultatione
1197 1041 1336 1106 extensis
1361 1039 1401 1105 ad
1424 1041 1529 1106 sidera
1545 1005 1626 1063 ΑΜ

349 1154 480 1240 palmis,
501 1154 711 1220 illuminatori
733 1159 766 1220 et
787 1155 891 1221 datori
914 1155 1055 1222 omnium
1078 1156 1232 1222 bonorum
1255 1155 1382 1222 domino
1406 1155 1473 1222 Deo
1496 1161 1529 1222 et

349 1270 505 1337 salvatori
527 1275 638 1336 nostro
660 1269 730 1336 lesu
753 1269 879 1336 Christo
901 1271 1021 1353 gratias
1044 1272 1184 1356 agimus,
1214 1272 1267 1355 qui
1294 1272 1371 1338 iacit
1393 1277 1527 1356 utraque

348 1406 460 1452 unum.
552 1385 724 1470 Flagitavit
751 1393 858 1452 autem
880 1405 900 1452 a
922 1387 1013 1452 nobis
1035 1407 1093 1473 per
1115 1407 1188 1454 suas
1211 1387 1349 1473 syllabas
1372 1387 1437 1454 iam
1461 1388 1526 1454 dic·

349 1508 403 1568 tus
431 1502 654 1568 sanctissimus
680 1503 745 1570 vir:
776 1522 834 1588 per
863 1502 1036 1589 apostolica
1058 1503 1246 1570 auctoritate
1269 1508 1389 1570 vesbas
1413 1501 1525 1570 couir-

349 1619 434 1684 mari
456 1617 559 1685 sedes.
593 1617 656 1684 Pro
679 1637 741 1704 quo
764 1623 796 1685 et
816 1637 876 1684 nos
899 1618 1023 1685 ardenti
1044 1619 1151 1685 animo
1175 1623 1207 1684 et
1224 1617 1331 1685 divino
1348 1620 1526 1686 iuvamina·

351 1771 395 1781 —
419 1733 609 1801 auctoritate
631 1733 715 1802 beati
736 1733 824 1801 Petri
851 1733 1004 1821 principis
1033 1733 1263 1820 apostolorum,
1293 1735 1344 1800 oui
1374 1735 1449 1800 data
1479 1741 1528 1802 est

350 1849 464 1917 aDeo
493 1855 527 1918 et
554 1850 703 1917 salvatori
726 1856 835 1917 nostro
857 1849 928 1916 Iesu
951 1847 1077 1916 Christo
1100 1849 1220 1933 ligandi
1243 1851 1447 1934 solvendique
1469 1871 1526 1938 po-

347 1971 451 2033 testas
473 1973 605 2054 peccata
631 1965 795 2032 hominum
822 1966 857 2032 in
885 1965 972 2032 caelo
1001 1971 1033 2032 et
1054 1967 1089 2031 in
1111 1961 1212 2032 terra¹
1236 2001 1278 2012 -
1303 1965 1524 2034 confirmamus

347 2089 463 2168 atque,
487 2082 606 2148 solidas
627 2101 814 2169 parmanere
835 2087 956 2149 vestras
979 2081 1174 2169 episcopales
1197 2083 1302 2166 sedes,
1334 2083 1524 2165 sanccimus3

347 2199 577 2266 interdicentes
598 2197 700 2285 ipsius
721 2199 876 2285 principis
899 2198 1115 2284 apostolorum
1140 2199 1326 2266 auctoritate
1348 2199 1525 2286 praesentis

348 2315 499 2380 omnibus
527 2320 560 2380 et
585 2315 621 2380 in
646 2315 770 2382 futuras
799 2315 1035 2398 generationes,
1070 2319 1107 2380 ut
1136 2313 1241 2380 nullus
1271 2314 1385 2382 audeat
1415 2321 1525 2383 contra

348 2431 485 2498 eandem
512 2435 650 2496 vestram
677 2431 785 2498 venire
814 2431 1059 2514 ordinationem,
1090 2451 1183 2516 quam
1213 2430 1362 2514 dignante
1389 2432 1456 2500 Deo
1485 2453 1525 2500 ex

348 2552 459 2613 nostra
481 2548 704 2633 praeceptione
725 2548 759 2613 in
781 2546 871 2613 vobis
892 2547 979 2614 iacta
999 2551 1063 2627 est3
1093 2551 1125 2614 et
1147 2545 1206 2612 hoc
1221 2547 1460 2634 interdicentes,
1490 2555 1526 2616 ut

348 2662 455 2728 nullus
486 2662 602 2729 audeat
630 2699 672 2710 -—
700 2664 792 2730 iuxta
818 2669 1000 2730 sanctorum
1027 2682 1182 2730 canonum
1212 2663 1382 2731 traditione
1412 2701 1453 2712 —
1486 2685 1526 2734 ex

349 2779 409 2846 alio
441 2780 630 2867 episcopatu
655 2779 773 2847 ibidem
794 2779 979 2846 translatari
1001 2782 1057 2845 aut
1078 2779 1225 2846 ordinare
1248 2781 1429 2867 episcopum
1453 2785 1527 2868 post

349 2903 492 2963 rosham
525 2895 565 2962 de
593 2895 653 2962 hoo
680 2895 805 2962 saeculo
833 2895 1064 2977 evocationem,
1099 2895 1161 2960 nisi
1188 2894 1232 2978 is,
1270 2896 1323 2981 qui
1353 2897 1524 2983 apostolice

349 3018 479 3079 cosmae
506 3011 592 3078 sedis
620 3012 655 3078 in
683 3011 767 3078 illisb
790 3011 932 3098 partibus
961 3011 1211 3098 praesentaverit
1233 3011 1344 3078 vicem.
1381 3012 1443 3080 Sed
1466 3033 1524 3080 neo

348 3149 429 3196 unus
452 3127 587 3194 alterius
608 3127 792 3214 parrochias
813 3128 963 3194 invadere
985 3131 1041 3194 aut
1062 3126 1230 3194 aecclesias
1253 3127 1437 3196 subtrahere
1453 3148 1525 3215 pre-

348 3245 495 3312 sumatis.
541 3241 624 3310 Nam
646 3244 689 3327 si,
713 3244 798 3329 quod
818 3263 883 3310 non
905 3243 1080 3326 credimus,
1110 3243 1138 3310 si
1161 3245 1231 3328 quis
1254 3243 1309 3312 ille
1331 3245 1441 3330 fuerit,
1471 3245 1525 3330 qui

348 3366 460 3427 contm
483 3359 567 3426 hanc
586 3364 730 3426 nostram
751 3360 987 3447 preceptionem
1009 3360 1177 3426 temerario
1201 3381 1280 3428 ausu
1297 3362 1405 3428 venire
1422 3365 1525 3448 temp-

348 3477 484 3560 taverit,
512 3476 607 3559 sciat,
635 3495 670 3542 se
699 3481 827 3542 aeterno
849 3476 911 3544 Dei
937 3476 1054 3543 iudicio
1077 3475 1287 3544 anathematis
1309 3477 1433 3544 vinculo
1455 3497 1525 3544 esse

348 3593 566 3660 innodatum
605 3589 639 3657 Si
661 3591 732 3677 quis
755 3612 829 3660 vero
853 3592 1027 3679 apostolica
1048 3591 1223 3660 servaverit
1237 3599 1388 3680 precepta
1404 3599 1436 3660 et
1450 3613 1524 3660 nor-

349 3729 432 3776 mam
462 3713 571 3775 rectae
592 3712 626 3774 et
646 3707 841 3776 orthodoxae
862 3707 937 3776 fidei
964 3708 1061 3775 luerit
1087 3715 1267 3794 assecutus,
1297 3709 1523 3776 benedictionis

349 3827 489 3910 gratiam
520 3829 740 3909 consequatur.
842 3824 892 3891 Do
919 3829 1024 3892 cetero
1052 3825 1191 3911 petimus
1219 3826 1359 3892 divinam
1389 3825 1524 3892 clemen-

349 3943 438 4027 tiam,
461 3947 501 4008 ut
522 3940 686 4008 confirmet
708 3945 741 4008 et
762 3940 943 4008 corroboret
964 3941 1038 4025 hoc,
1063 3941 1147 4026 quod
1171 3945 1318 4028 operatus
1343 3947 1391 4009 est
1413 3941 1523 4009 Domi·

349 4079 409 4125 nus
430 4059 469 4124 in
491 4057 590 4125 vobis.
625 4057 669 4124 Et
690 4056 819 4124 claritas
835 4052 914 4124 Dei·
935 4057 1038 4140 gratia
1060 4061 1093 4124 et
1115 4075 1179 4142 pax
1201 4075 1277 4124 vera
1299 4057 1341 4123 sit
1363 4077 1435 4124 cum
1458 4059 1524 4145 spi·

350 4175 412 4242 ritu
439 4179 566 4257 vesto,
594 4173 787 4240 sanctissimi
816 4178 849 4240 et
875 4172 1072 4240 dilectissimi
1099 4171 1201 4238 nobis.
1249 4171 1328 4239 Toto
1358 4175 1523 4242 conamine

350 4291 513 4359 elaborate
533 4309 593 4377 pro
615 4287 677 4357 fide
693 4289 822 4373 Christi,
844 4295 878 4356 et
898 4287 1111 4354 ministerium
1133 4288 1200 4354 eius
1224 4287 1450 4374 proficiendum
1469 4291 1523 4358 de-

351 4413 479 4490 certate,
502 4410 540 4470 ut
561 4424 633 4472 cum
656 4406 782 4490 egregio
804 4403 947 4492 apostolo
968 4404 1155 4471 mereamini
1171 4403 1289 4472 dicero:
1314 4408 1442 4472 Bonum
1456 4431 1522 4473 cer·

352 4537 453 4589 tamen
482 4525 618 4604 emtaci,
649 4547 776 4589 cursam
797 4525 1026 4603 consummavi,
1049 4523 1150 4606 fidem
1172 4525 1312 4600 ιενυαυὶς
1341 4525 1379 4588 de
1401 4523 1523 4609 reliquo

353 4644 489 4727 repooa’tu
511 4653 559 4706 cst
579 4641 660 4704 mhi
681 4663 800 4707 corona
825 4641 980 4719 samue,
1009 4661 1107 4725 qaam
1133 4641 1243 4706 reddet
1263 4639 1344 4704 oniba
1364 4639 1524 4704 Dooaa'aas

421 4795 442 4828 ι.
461 4781 579 4829 inbamina
596 4783 631 4828 Μ.
708 4779 731 4828 b.
751 4780 814 4827 illius
831 4783 865 4828 M.
943 4793 963 4827 c.
984 4781 1111 4828 innotatum
1128 4783 1162 4828 M.

419 4889 445 4944 1.
468 4883 870 4956 cesaraugustam.
960 4887 986 4939 a.
1004 4885 1040 4941 v.
1058 4887 1126 4940 aue.
1139 4887 1164 4956 2,
1177 4885 1203 4940 e.
