4342 6034
546 801 627 850 vrrs
650 801 804 852 neroum
826 801 1087 852 rneumrrscom
1109 803 1308 852 nocerem
1444 785 1509 854 est

350 967 455 1010 cmm.
490 945 561 1032 Epo
584 959 687 1011 craten
707 959 841 1033 parces
864 969 943 1026 uem,
967 949 1179 1013 innocentiam
1193 969 1295 1012 measa
1312 951 1401 1013 omni
1411 969 1509 1034 reguo
1528 951 1598 1006 1169

347 1061 509 1147 probcrc',·
544 1074 573 1127 ct
605 1083 711 1126 coram
745 1065 832 1127 omui
858 1065 990 1148 imperio
1019 1086 1091 1128 cem
1116 1065 1197 1149 ipsis
1226 1065 1409 1128 contendere
1436 1064 1509 1128 eolo
1532 1025 1590 1072 Νη

347 1179 474 1254 iudici03
498 1189 526 1242 et
536 1180 744 1263 perscrutari,
770 1179 848 1264 qaid
863 1179 952 1265 opud
965 1181 1133 1264 imperium
1146 1183 1375 1265 promeruerim
1381 1177 1405 1259 ³,
1431 1182 1509 1264 qaia

346 1295 396 1358 isti
414 1295 597 1380 impiissimi
618 1295 812 1374 auctoritate,
836 1307 871 1359 ut
894 1297 993 1374 aient,
1018 1297 1209 1381 inperatoris
1223 1297 1436 1380 mandatoque
1450 1317 1507 1360 seo

346 1420 459 1474 matam
480 1412 707 1474 contumaciam
728 1413 764 1474 ire
786 1431 834 1474 me
852 1424 1120 1496 proscripserunt.

427 1522 637 1590 Gradiebatur
660 1529 764 1592 autem
788 1525 921 1592 domnus
944 1523 1148 1608 Maguntinus
1170 1527 1223 1590 ria
1242 1525 1349 1608 regia3
1378 1525 1509 1611 cupiens
1526 1539 1646 1587 nonna.

344 1641 493 1705 mentum
515 1639 597 1705 Iovis
620 1639 723 1706 aditus
747 1639 938 1725 valliumque
960 1641 1060 1727 ipsius
1084 1641 1258 1726 anticipare
1280 1645 1441 1726 prerupta,
1468 1661 1509 1706 ne

344 1753 419 1821 sorte
448 1755 586 1842 hiemps,
617 1775 676 1840 que
705 1761 780 1822 tunc
803 1757 944 1843 asperior
966 1757 1183 1839 inhorruerat,
1212 1776 1273 1841 que
1294 1755 1373 1822 haut
1394 1776 1508 1842 parum

342 1871 458 1938 nivales
488 1891 585 1955 aquas
613 1871 648 1936 in
674 1870 807 1954 glaciem
828 1871 893 1938 iam
916 1877 1076 1956 coegerat,
1105 1873 1274 1940 tenutam
1296 1873 1402 1958 ipsum
1425 1871 1508 1938 loris

343 1985 372 2050 in
394 1983 610 2052 difficultatem
635 1992 838 2053 converteret

424 2101 523 2168 Porro
552 2102 724 2168 adversarii
753 2103 819 2186 sui,
848 2107 958 2206 aenne
984 2123 1055 2168 eum
1078 2123 1137 2189 per
1157 2103 1245 2170 invia
1266 2108 1300 2169 et
1321 2102 1507 2170 solitudines

341 2217 521 2304 compendio
545 2218 681 2302 quodam
704 2217 771 2302 usi,
794 2235 881 2284 more
903 2218 1061 2284 lamonem
1084 2220 1187 2285 noctis
1208 2217 1364 2306 profunde
1386 2219 1507 2286 inrum·

341 2339 466 2417 pentes·
490 2333 678 2418 silentium‘,
708 2333 795 2399 bidui
822 2333 947 2400 itineris
973 2334 1072 2401 ferme
1095 2336 1232 2422 spatium
1255 2337 1360 2422 ipsum
1383 2355 1508 2422 preces·

340 2455 459 2530 serant3
489 2448 630 2515 clanculo
660 2451 764 2536 preire
787 2455 951 2534 conantes,
981 2455 1017 2516 ut
1038 2451 1156 2516 famam
1179 2451 1280 2537 ipsius
1302 2451 1386 2537 apud
1407 2452 1508 2538 impe·

339 2569 475 2632 retorem
503 2570 534 2631 et
560 2570 660 2632 totam
691 2566 809 2631 curiam
839 2566 1121 2633 commacularent·
1147 2573 1193 2650 et,
1226 2567 1329 2652 pretio
1356 2566 1507 2651 exhibito,

340 2679 459 2764 aliquos
480 2682 608 2748 interim
632 2681 692 2748 sibi
712 2687 932 2768 compararent
945 2682 1094 2748 fautores.
1129 2682 1192 2748 Sed
1206 2681 1304 2766 Deus,
1328 2684 1383 2768 qui
1398 2703 1508 2769 super

339 2793 383 2862 bis
405 2797 529 2864 resistit
550 2803 582 2863 et
604 2797 775 2864 humilibus
798 2798 853 2863 dat
874 2793 1037 2881 gratiam‘,
1062 2818 1169 2863 eorum
1193 2799 1333 2883 nequitie
1352 2799 1507 2885 impetum

338 2911 404 2997 ipso
432 2915 468 2978 in
489 2914 602 2980 itinere
626 2913 829 2998 subnervens,
853 2914 944 2978 iuxta
967 2913 1050 2998 quod
1072 2914 1227 2999 seriptum
1250 2919 1314 2980 est:
1343 2937 1459 3001 equum
1479 2929 1510 2980 ct

338 3051 530 3095 ascensorem
549 3033 684 3118 proiecit
704 3034 739 3095 io
761 3025 875 3110 mare',
900 3049 919 3094 a
942 3029 1077 3114 quedam
1100 3035 1248 3112 magnate
1269 3031 1407 3112 regionis
1421 3029 1507 3096 illius

337 3147 435 3230 capti,
465 3145 584 3212 detenti
612 3151 645 3212 et
673 3145 712 3211 ad
741 3165 841 3229 susm,
865 3144 986 3210 scilieet
1008 3145 1165 3231 episcopi,
1193 3147 1385 3231 presentiam
1407 3166 1506 3230 usque

337 3261 530 3345 conservati,
560 3261 722 3348 ipsiusque
750 3260 905 3328 voluntati
933 3266 1047 3326 omnes
1070 3266 1146 3326 sunt
1165 3261 1276 3327 traditi
1299 3267 1332 3328 et
1352 3261 1387 3327 in
1408 3281 1506 3328 mann

337 3397 392 3442 sua
414 3379 528 3466 positi3
559 3378 662 3443 uteie
686 3375 841 3460 redderet,
864 3375 1034 3470 secundum
1059 3376 1141 3462 qnod
1163 3376 1226 3463 ipsi
1248 3378 1506 3464 promeruissent.

336 3491 444 3560 Noluit
466 3499 572 3561 autem
594 3493 856 3560 clementissimus
880 3491 986 3579 presul
1002 3527 1043 3539 -
1061 3493 1205 3578 quamvis
1226 3498 1318 3558 tanta
1333 3493 1420 3560 mala
1432 3493 1507 3580 pro¹

336 3607 424 3676 bouis
455 3611 484 3675 ei
510 3610 734 3694 ingessissent,
764 3609 908 3696 quamvis
936 3614 1058 3675 tantam
1084 3609 1281 3695 impietatem
1304 3613 1423 3676 ettam
1444 3611 1506 3676 im-

336 3735 479 3792 manem⁶
500 3727 646 3812 rapinem
674 3725 936 3812 tyrannidemque
966 3723 1068 3791 adhuc
1096 3725 1131 3790 in
1159 3725 1306 3791 domumh
1328 3724 1389 3792 Dei
1412 3730 1445 3792 et
1469 3726 1505 3791 in

335 3839 439 3926 ipsum
463 3845 660 3925 exercerent,
690 3843 734 3908 et‘
759 3841 851 3908 domo
874 3840 979 3927 patria
1001 3841 1193 3926 propriaque
1215 3841 1289 3908 sede
1312 3861 1383 3908 eum
1405 3861 1505 3928 expu-

334 3954 446 4025 lissent
461 3993 503 4004 --
519 3957 621 4023 noluit
642 3957 675 4022 in
699 3977 752 4023 eos
775 3975 904 4024 manum
927 3955 1061 4038 inicere;
1085 3975 1150 4022 non
1166 3977 1336 4042 carcerem,
1359 3977 1423 4024 non
1436 3958 1505 4024 rin·

336 4073 420 4157 cula,
450 4094 514 4140 non
537 4073 634 4140 ullam
658 4073 843 4139 custodiam.
880 4071 942 4138 Sed
963 4072 1166 4139 vehementer
1186 4073 1336 4158 indoluit,
1359 4075 1435 4159 quia
1454 4093 1505 4141 re·

334 4191 413 4256 tenti
437 4209 475 4255 ae
495 4189 641 4276 impediti
662 4187 806 4255 fuissent.
842 4187 938 4255 lussit
960 4209 1013 4254 eos
1035 4188 1144 4255 illesos
1164 4208 1201 4255 ac
1217 4188 1333 4256 liberos
1348 4190 1446 4275 abire,
1468 4196 1506 4258 ut

334 4311 462 4391 ceptum
488 4311 599 4372 contra
624 4303 777 4370 iustitiam
806 4309 1070 4392 prosequerentur
1099 4305 1169 4370 iter.
1261 4304 1407 4372 Ceterum
1429 4306 1503 4393 ipsi,

334 4420 507 4508 nusquam*
528 4421 626 4489 tutos¹
648 4441 683 4489 se
709 4422 777 4488 lore
803 4421 982 4504 credentes,
1013 4421 1053 4488 ad
1081 4421 1282 4507 imperatoris
1310 4441 1410 4507 usque
1431 4441 1504 4509 pre-

405 4647 427 4681 ι.
448 4633 545 4695 probare
561 4651 604 4682 om.
622 4636 643 4682 1.
704 4634 727 4682 b.
747 4637 920 4695 promeruerunt
935 4637 958 4682 t.
1020 4647 1040 4681 e.
1060 4633 1195 4694 inrepentes
1211 4635 1233 4681 1.
1294 4631 1465 4682 dedendum
1481 4635 1505 4682 1.

335 4726 354 4758 e.
373 4713 533 4762 conculcarent
549 4718 571 4762 2.
652 4715 669 4762 t.
688 4715 768 4762 brol.
851 4727 872 4773 g.
893 4715 1012 4762 immanere
1029 4715 1052 4762 1.
1133 4713 1157 4761 lr.
1177 4715 1246 4762 dorne
1262 4716 1284 4770 1,
1300 4715 1323 4761 2
1401 4715 1417 4760 i.
1438 4727 1465 4761 ee
1480 4715 1504 4761 2

334 4789 493 4853 knnnquam
509 4796 531 4840 t.
608 4795 707 4842 linter
723 4811 766 4842 om.
783 4797 805 4842 1.

406 4899 431 4953 1.
457 4897 587 4968 naas.
676 4899 702 4953 s.
725 4897 813 4953 nrm.
828 4897 870 4968 rs,
884 4900 909 4952 1.
