4342 6034
605 728 645 793 12
880 743 907 791 s.
924 742 1101 791 soumnnn
1121 744 1166 790 nr
1187 743 1291 791 nunu
1311 741 1499 789 nrlsnonnn

601 886 724 952 saeculo
758 908 841 951 nono
875 886 998 951 danum
1025 886 1240 971 conformatae
1266 879 1365 951 eunt¹.
1405 884 1544 971 Reliqua
1572 888 1679 971 capita
1706 886 1773 951 104

601 1006 646 1069 acl
666 1004 817 1067 maloram
837 1001 1121 1087 Bcnr'fatianarum
1143 1002 1346 1087 epietolarum
1368 1001 1578 1066 collectionem
1599 1004 1772 1087 patinerate

601 1121 691 1183 cuine
713 1120 813 1204 ipitrn
836 1119 1002 1183 dimidiam
1015 1118 1091 1203 fere
1106 1130 1234 1203 partem
1254 1120 1314 1182 uni
1334 1117 1408 1183 hnic
1427 1118 1530 1183 codici
1544 1120 1771 1203 pretiosissimo

602 1234 755 1300 delemus.
846 1232 935 1299 Haeo
958 1220 1063 1299 ornnia
1085 1234 1208 1299 carmelo
1227 1232 1263 1298 X
1282 1235 1403 1319 compta
1424 1246 1507 1314 aunt,
1531 1234 1773 1319 archetyporum

601 1348 932 1435 Amploaaaonicorum
959 1352 1098 1435 oecmpiic
1119 1372 1185 1415 non
1207 1352 1334 1414 omnino
1357 1348 1474 1414 deleam
1511 1348 1583 1430 Quo
1605 1352 1641 1414 in
1661 1370 1773 1435 penore

603 1479 647 1531 eet
669 1466 757 1530 verbi
778 1464 924 1544 „antem“
947 1467 1166 1552 compendium
1187 1465 1260 1530 huic
1281 1468 1458 1551 scripturam
1470 1466 1663 1551 peculiare·‚
1687 1466 1774 1551 qnod

602 1600 822 1668 saepenumero
851 1593 986 1667 apparet
1012 1584 1048 1645 in
1077 1582 1182 1646 codice
1209 1602 1308 1667 neque
1335 1582 1510 1666 qumquam
1531 1583 1652 1667 nepotii
1671 1581 1771 1647 halet.

602 1696 682 1761 Alia
712 1709 829 1777 autern,
866 1719 948 1783 qnae
974 1698 1091 1762 ibidem
1118 1699 1284 1783 reperitur,
1318 1696 1492 1761 litteramm
1519 1700 1636 1783 species
1660 1698 1772 1783 paullo

602 1814 775 1878 alammior
798 1826 852 1894 eet,
874 1826 1043 1900 propterea
1066 1814 1153 1899 quod
1174 1814 1218 1877 ad
1231 1812 1397 1899 multiplea
1410 1826 1558 1878 notarum
1573 1816 1773 1879 rememorem

600 1952 700 2016 penna
722 1941 829 2015 apeme
851 1942 980 2015 spectat,
1005 1951 1140 2015 quarum
1163 1931 1388 2014 accepiatione
1408 1950 1529 2014 usuque
1550 1929 1690 1994 homines
1708 1951 1773 1993 nee·

601 2046 651 2110 dii
672 2048 743 2110 aeci
763 2047 900 2109 manime
921 2045 1164 2125 delectabantur,
1192 2066 1332 2130 quaeque
1351 2044 1538 2131 plerumque
1562 2045 1688 2131 quidun
1709 2067 1774 2111 non

600 2164 696 2225 nimie
724 2162 861 2246 spiceam
887 2162 1053 2247 calipincm
1076 2162 1243 2246 offundunt
1265 2160 1392 2245 lepenti‚
1421 2180 1650 2245 nonnunquam
1671 2174 1774 2227 tamen

601 2276 868 2362 inexsuperabiles
891 2276 1030 2342 salebrae
1053 2276 1175 2342 habeut.
1210 2276 1338 2341 Facilia
1359 2275 1516 2341 intellectu
1538 2276 1615 2342 hacc
1636 2290 1725 2343 aunt:

603 2464 624 2494 0
645 2382 1747 2521 neruosaeesamrfiomemansio

825 2584 1352 2699 lavlflsomnxuono·
1372 2577 1492 2691 nef)-

614 2850 746 2912 osne
886 2878 901 2912 ο
940 2846 1291 2933 mansuevis-
1351 2812 1769 2967 ahenea-upari·

674 3000 695 3035 a.
716 2997 737 3034 ci
752 2988 815 3035 trud
831 2988 933 3051 quidem:
949 2986 976 3035 Β.

601 3083 761 3153 suscepisse
784 3082 936 3152 pontifices.
971 3082 1049 3148 Quod
1068 3087 1161 3138 autem
1179 3082 1221 3138 his
1239 3082 1302 3153 qui·
1319 3087 1383 3152 post
1400 3082 1567 3151 baptismum
1584 3082 1687 3152 aliquid
1704 3098 1775 3139 mor-

602 3173 651 3226 tali
669 3176 783 3241 peccata
802 3176 943 3241 eormptos
962 3170 998 3225 ad
1017 3171 1205 3226 sacerdocium
1222 3186 1278 3227 nou
1295 3176 1496 3241 promoveatur,
1515 3173 1559 3226 len
1577 3173 1638 3241 ipsa
1648 3177 1774 3227 testatur.

600 3261 714 3331 Moyses
732 3260 804 3316 enim
822 3262 850 3314 in
868 3260 929 3328 lege
947 3261 1069 3331 precepit
1088 3260 1285 3330 sacerdotibus,
1304 3276 1339 3315 ne
1357 3260 1467 3330 aliquod
1483 3276 1569 3330 pecua
1587 3262 1717 3317 viciatum
1735 3261 1775 3319 ol-

601 3348 691 3403 lerant
709 3348 745 3403 ad
764 3364 838 3403 aram
857 3348 924 3417 Dei,
947 3348 1021 3417 quod
1039 3349 1121 3418 ipsud
1139 3354 1237 3418 postea
1254 3350 1447 3419 spumantibus
1465 3351 1655 3407 sacerdotibus
1672 3352 1775 3407 Israhel

601 3453 650 3507 pro
668 3436 830 3491 Malachiam
849 3437 1034 3507 improperavit
1048 3439 1125 3493 Deus
1143 3439 1251 3493 dicens:
1272 3439 1364 3507 „Vos
1383 3440 1449 3492 estis
1467 3440 1634 3509 sacerdotes,
1652 3441 1699 3510 qui
1717 3442 1774 3510 pol·

600 3526 689 3581 luistis
707 3540 805 3580 nomen
824 3541 915 3581 meum
934 3530 963 3580 et
981 3526 1103 3597 dixistis:
1127 3528 1159 3583 In
1177 3542 1232 3595 quo
1249 3528 1395 3596 polluimus
1414 3528 1497 3582 eum?
1521 3528 1673 3584 offerentes
1693 3545 1775 3599 super

571 3658 577 3671 .
601 3615 686 3670 altare
701 3630 792 3670 meum
803 3630 902 3683 panem
914 3616 1057 3685 pollutum,
1076 3620 1105 3669 et
1117 3613 1292 3671 offerebatisl
1303 3631 1398 3671 cecum
1412 3621 1441 3670 et
1451 3616 1656 3686 languidum¹‘“.
1680 3618 1774 3674 Unde⁶

601 3708 629 3758 et
647 3704 674 3759 in
687 3701 831 3759 Numerisd
844 3704 932 3758 vitula
950 3702 1019 3773 mla,
1033 3704 1117 3759 ¹cuius
1136 3705 1204 3759 einis
1223 3705 1343 3774 expiatio
1360 3705 1454 3774 populi
1472 3710 1523 3774 est,
1541 3722 1596 3761 non
1610 3708 1688 3762 aliter
1698 3707 1774 3762 iube-

600 3796 645 3848 tur
668 3793 776 3848 offerri·
795 3792 831 3846 ad
849 3792 935 3847 altare
953 3793 1076 3862 Domini,
1100 3793 1153 3847 nisi
1171 3808 1225 3863 que
1242 3798 1351 3847 terrena
1369 3809 1453 3863 opera
1470 3809 1525 3849 non
1542 3793 1652 3850 fecerit¹
1668 3796 1774 3865 iugum·

601 3894 654 3950 que
673 3880 782 3937 delicti⁸
801 3896 855 3936 non
872 3882 985 3937 traxerit
1002 3897 1053 3936 nec
1065 3882 1182 3936 vinculis
1198 3887 1373 3951 peecatomm
1390 3882 1472 3938 fuerit
1483 3882 1628 3955 alligatas,
1647 3885 1696 3939 sed
1708 3884 1774 3955 quid

601 3970 679 4041 plura
697 3968 901 4025 subieeiamus?
928 3969 956 4025 Si
975 3971 1047 4025 enim
1066 3969 1117 4041 his,
1137 3971 1192 4041 qui,
1211 3971 1266 4025 iam
1283 3972 1311 4025 in
1328 3973 1488 4041 episcopatu
1505 3973 1550 4027 vel
1561 3973 1589 4027 in
1601 3972 1773 4041 presbiteri&

600 4059 716 4128 positus,
737 4060 851 4113 mortale
870 4063 1013 4127 peecatum
1032 4060 1142 4127 miquod
1161 4060 1309 4130 admiserit,
1328 4076 1382 4116 non
1400 4060 1483 4116 debet
1500 4062 1598 4117 offerre
1614 4078 1701 4131 panes
1719 4064 1774 4119 Do·

599 4148 682 4215 mino,
701 4152 804 4215 quanto
822 4148 910 4216 mame
929 4153 992 4203 ante
1011 4149 1199 4218 unusquisque
1217 4149 1315 4217 sciens,
1334 4148 1427 4219 qnod¹¹
1440 4154 1567 4219 potentes
1580 4154 1708 4221 potenter
1719 4156 1773 4208 tor·

599 4238 692 4290 menta
709 4236 855 4305 patientur,
875 4236 1015 4291 retrahant
1033 4252 1062 4291 se
1081 4237 1117 4291 ab
1136 4237 1188 4291 hoc
1202 4252 1256 4291 nen
1271 4237 1326 4293 iam
1339 4236 1439 4293 honore
1451 4254 1533 4307 quam
1547 4254 1628 4295 onere
1635 4238 1650 4310 ¹,
1669 4245 1698 4295 et
1709 4242 1773 4297 alio-

600 4339 659 4379 rum
678 4324 780 4395 locum,
799 4324 846 4393 qui
865 4324 941 4393 digni
959 4330 1037 4395 sunt,
1056 4342 1111 4380 non
1130 4324 1253 4380 ambiant
1271 4341 1414 4395 occupare.
1443 4327 1496 4391 Qui
1513 4328 1585 4382 enim
1602 4329 1631 4383 in
1648 4330 1772 4385 erudien-

600 4412 665 4466 disfl
679 4412 768 4482 adque
792 4412 968 4467 instituendis
993 4414 1027 4467 ad
1052 4414 1182 4468 virtutem
1206 4415 1330 4483 populis·
1351 4418 1475 4485 pressu,
1498 4430 1612 4469 neeesse
1635 4420 1678 4470 est
1696 4418 1773 4471 utin

600 4500 726 4555 omnibus
744 4506 856 4557 sanctus
875 4502 911 4557 sit
929 4507 957 4556 et
975 4502 1002 4556 in
1021 4503 1095 4557 nullo
1113 4502 1331 4571 reprehensibilis
1348 4504 1489 4559 habeatur.
1517 4503 1568 4569 Qui
1585 4504 1658 4559 enim
1670 4504 1774 4574 aliquid

600 4590 635 4645 de
653 4590 774 4660 peccatis
792 4591 891 4659 arguit,
910 4592 969 4661 ipse
987 4606 1004 4645 a
1022 4594 1138 4659 peceato
1156 4591 1239 4647 debet
1257 4592 1467 4648 essealienus“.

672 4680 696 4734 1.
720 4680 776 4733 Eas
795 4679 918 4733 invenies
936 4676 1007 4733 infra
1025 4680 1053 4733 in
1071 4680 1202 4749 Epistolis
1221 4681 1396 4751 Moguntinia.

673 4792 692 4824 a.
710 4792 754 4839 qne
773 4779 799 4827 V.
863 4778 885 4823 b.
901 4778 958 4825 offer
974 4778 1061 4825 abbatis
1080 4781 1108 4827 V.
1170 4794 1190 4827 a
1206 4796 1250 4827 nna
1269 4782 1295 4828 V.
1359 4779 1499 4826 dhumaris
1517 4780 1544 4827 V.
1606 4795 1627 4827 a.
1646 4780 1727 4829 odana
1746 4783 1775 4829 V.

598 4840 614 4888 l.
630 4840 674 4887 leci
688 4841 714 4888 V.
778 4853 799 4898 g.
815 4839 893 4886 dilecti
909 4842 936 4888 V.
998 4841 1021 4887 h.
1038 4842 1143 4900 alligatus
1157 4844 1185 4890 V.
1247 4844 1263 4889 i.
1278 4842 1405 4903 presbitero
1419 4844 1446 4888 V.
1508 4842 1532 4889 k.
1549 4857 1592 4903 qua
1605 4844 1634 4890 V.
1695 4844 1711 4891 l.
1727 4860 1774 4893 non

598 4904 643 4950 iam
659 4902 745 4949 honora
762 4914 807 4961 qna
822 4901 908 4949 honore
926 4904 953 4951 V.
1016 4918 1046 4949 m.
1063 4904 1188 4951 erudientis
1206 4906 1234 4953 V.
1295 4918 1318 4951 n.
1333 4904 1432 4964 populna
1450 4906 1478 4952 V.
1541 4920 1562 4951 ο.
1577 4906 1640 4966 parit
1655 4906 1685 4954 V.
