4342 6034
579 817 606 866 s.
623 817 799 866 normann
819 819 864 865 nr
885 819 989 866 nnnm
1010 819 1198 867 nrrsronan
1222 819 1252 866 se
1438 803 1501 869 133

339 978 439 1026 moces
461 963 602 1025 statuens
624 959 658 1025 in
680 959 802 1046 campis
824 963 857 1026 et
885 959 1070 1043 oratoriola,
1101 959 1167 1028 illic
1195 960 1347 1049 populum
1374 961 1502 1032 seduce-
1538 969 1590 1026 744

340 1075 402 1156 bat3
430 1074 611 1160 relinquens
639 1075 806 1142 aecclesias
834 1075 995 1162 publicas,
1030 1095 1219 1144 concurrens
1249 1077 1289 1143 ad
1317 1075 1373 1144 illa
1401 1078 1502 1162 signa,
1518 1043 1568 1092 ω
1581 1046 1612 1091 ²²

339 1212 411 1276 qnae
433 1191 473 1257 ab
496 1210 533 1258 eo
555 1190 635 1258 false
656 1189 782 1258 fiebant
829 1191 873 1258 Et
895 1193 1072 1259 sanctitatis
1094 1194 1221 1260 nomine
1245 1213 1279 1274 se
1301 1193 1408 1260 vocari
1430 1213 1503 1260 cen-

338 1307 409 1390 suit,
443 1311 475 1373 et
501 1305 536 1372 in
563 1327 621 1373 sno
647 1308 776 1374 nomine
804 1307 972 1392 aecclesias
1002 1314 1214 1390 consecrarem
1250 1307 1437 1394 adfirmans,
1469 1330 1503 1377 se

338 1423 425 1490 etiam
451 1421 635 1506 angelorum
659 1424 795 1490 nomina
823 1425 918 1508 scire,
951 1435 1102 1509 quorum·
1125 1425 1159 1490 in
1182 1423 1244 1490 tuis
1268 1423 1389 1491 sillabis
1411 1423 1503 1492 nobis

337 1539 701 1625 conscripta'direristi3⁴
717 1560 798 1625 qnae
819 1541 949 1606 nomina
971 1561 1029 1606 nos
1050 1561 1115 1606 non
1132 1539 1315 1624 angelorum
1330 1539 1386 1607 sed
1401 1541 1502 1625 magis

338 1656 547 1724 demoniorum
570 1654 783 1722 adfirmamus.
873 1651 1000 1722 Alium¹
1022 1676 1096 1734 vero
1120 1656 1166 1722 ita
1187 1655 1331 1724 luxoriae
1350 1655 1501 1741 deditum,

336 1777 368 1838 ut
381 1771 586 1839 concubinam
601 1771 731 1838 haberet
746 1777 778 1838 et
793 1770 889 1837 dnosb
906 1792 945 1850 ex
961 1791 999 1838 ea
1010 1769 1095 1850 lilios
1110 1778 1300 1858 procrearet.
1334 1770 1378 1838 Et
1396 1777 1515 1840 tamen*

336 1887 541 1956 sacerdotium
573 1887 709 1967 sibimet
731 1887 928 1970 vindicabat3
966 1887 1153 1954 adfirmans:
1188 1888 1248 1954 hoc
1281 1889 1400 1954 iustum
1435 1909 1503 1956 esse

335 2005 417 2070 iuxta
438 2003 645 2084 traditionem
667 2003 800 2082 ueteris⁸⁵
824 2004 1015 2088 testamenti,
1038 2003 1093 2082 ιι11
1116 2003 1255 2071 defuncti
1269 2003 1378 2072 fratris
1394 2025 1503 2092 snper,-

335 2125 393 2188 stas
414 2121 514 2187 frater
538 2119 632 2186 ducat
654 2139 802 2202 uxorem3
833 2097 867 2188 et
890 2121 965 2205 qnia
986 2119 1147 2204 Christus,
1170 2139 1338 2218 resurgens
1362 2119 1401 2188 ab
1423 2119 1504 2188 infe-

335 2237 389 2320 ris,
409 2235 536 2302 nullum
558 2235 604 2302 ibi
626 2235 821 2320 reliquisset,
845 2237 902 2303 sed
924 2257 1042 2314 omnes,
1055 2236 1130 2304 indo
1154 2235 1370 2304 abstraxisset.
1417 2235 1503 2316 Quae

336 2353 435 2419 omnia
458 2352 558 2420 haec·
582 2330 782 2419 detestabilia
810 2328 842 2419 et
864 2351 1011 2420 scelesta'
1032 2352 1219 2419 indicamus.
1310 2350 1396 2420 Bene
1419 2353 1504 2420 enim

336 2473 385 2535 tua
404 2473 516 2536 saneta
538 2468 721 2535 fraternitas
744 2468 834 2535 iuxta
857 2469 1122 2536 aecclesiasticam
1145 2467 1287 2553 regulam
1315 2489 1368 2546 eos
1392 2469 1504 2556 damp-
1601 2535 1604 2544 ,

336 2586 415 2652 narit
437 2591 470 2654 et
493 2585 528 2652 in
552 2585 728 2651 emtodiam
750 2585 848 2670 misit
872 2590 905 2652 et
926 2585 1045 2672 optime
1066 2585 1193 2652 vocarit
1215 2583 1393 2652 antichristi
1408 2585 1503 2652 mini-

336 2708 409 2769 stros
432 2707 465 2770 et
486 2721 701 2789 precursores.

416 2818 465 2886 De
488 2827 596 2886 cetero
619 2818 761 2903 decerta,
784 2818 969 2904 karissime,
999 2823 1031 2884 et
1058 2816 1193 2884 viriliter
1223 2835 1281 2902 age
1310 2821 1342 2884 et
1368 2817 1504 2904 pervigil

337 2955 478 3020 permane
500 2935 537 3000 in
554 2933 730 3002 ministerio
745 2934 873 3019 Christi,
896 2940 933 3002 ut
948 2933 1084 3021 amplius
1101 2941 1215 3018 quam⁸
1232 2931 1367 3019 amplius
1384 2919 1503 3000 Christi

335 3072 405 3134 grex
427 3056 598 3136 angeatur,
628 3057 661 3117 et
687 3051 746 3118 tibi
769 3051 945 3138 praemium
968 3055 1115 3118 aeternae
1137 3047 1353 3116 retributionis
1376 3055 1504 3116 maneat

336 3168 508 3254 copiosum,
533 3173 659 3235 etcum
681 3168 799 3235 sanctis
823 3173 856 3235 et
878 3166 985 3234 electis
1007 3164 1083 3249 Dei,
1107 3169 1143 3232 ot
1165 3164 1338 3249 credimus,
1362 3185 1432 3232 esse
1454 3163 1503 3232 in-

336 3285 464 3352 veniaris
488 3284 652 3372 particeps
679 3289 711 3350 et
740 3283 954 3371 apostolorum
977 3302 1116 3348 consors.
1151 3281 1237 3348 Dens
1261 3286 1292 3348 te
1314 3280 1503 3350 ineolumem

337 3401 496 3486 custodiat,
520 3401 775 3468 reverentissime
795 3401 904 3466 frater.
950 3398 1036 3464 Data
1060 3399 1102 3463 10
1124 3396 1282 3466 Kalendae
1307 3395 1419 3483 Iulias,
1443 3397 1503 3464 im-

336 3523 457 3600 perante
472 3517 592 3584 domno
606 3517 750 3603 piissimo
765 3520 898 3599 augusto
912 3513 1091 3581 Artavasdo
1108 3512 1208 3579 aDoo
1224 3518 1372 3580 coronato
1388 3533 1502 3598 magno

336 3631 520 3719 imperatore
549 3653 631 3700 anno
654 3635 691 3717 3,
720 3638 794 3719 post
816 3629 1031 3698 consulatumh
1054 3628 1121 3696 eius
1145 3647 1227 3694 anno
1251 3631 1287 3712 3,
1315 3629 1371 3696 sed
1393 3633 1425 3696 et
1447 3629 1502 3697 Ni·

336 3747 468 3835 cipboro¹
491 3767 609 3832 magno
632 3749 823 3834 imperatore
846 3767 928 3814 anno
951 3749 982 3831 3,
1005 3745 1177 3812 indictione
1199 3739 1429 3812 duodecima'‘¹.

398 3914 419 3946 a
438 3918 499 3947 corr.
515 3903 539 3946 ἕω
556 3913 600 3959 que
617 3902 644 3948 C.
725 3900 748 3946 b.
770 3899 816 3946 duo
832 3903 867 3946 Μ.
945 3911 966 3944 o.
986 3897 1058 3943 vetris
1074 3899 1109 3943 M.
1187 3896 1209 3942 d.
1231 3897 1255 3942 et
1271 3899 1306 3951 M,
1322 3913 1378 3942 corr.
1394 3899 1418 3943 ta
1433 3898 1459 3942 ut
1476 3898 1501 3946 C.

335 3990 352 4022 a
368 3977 423 4027 esee
438 3981 538 4026 aaran
554 3988 588 4026 m
602 3981 626 4025 a
643 3981 669 4026 c.
754 3979 770 4025 r.
790 3978 888 4025 saroa
903 3981 938 4025 er.
1020 3989 1041 4034 g.
1062 3979 1087 4022 c
1103 3979 1129 4024 c.
1209 3974 1232 4022 n.
1253 3973 1269 4036 p
1287 3979 1316 4022 ιιι
1329 3984 1350 4021 a
1367 3977 1393 4024 c.
1415 3976 1503 4034 across·

334 4061 381 4114 Μ
398 4059 558 4116 tumulatum
578 4077 599 4105 o.
615 4076 685 4119 supra
699 4075 724 4118 p.
736 4059 773 4104 17.
865 4059 882 4104 i.
902 4056 1030 4116 nicophoro
1048 4059 1074 4104 C.
1168 4054 1190 4101 k.
1212 4054 1347 4102 duodecim·
1362 4057 1446 4114 scripsi
1458 4071 1501 4112 pro

335 4135 414 4185 deum
429 4143 486 4188 nc.

399 4245 424 4297 1.
448 4244 629 4299 (lamentam.
714 4244 739 4297 2.
762 4242 824 4298 lion
842 4245 886 4296 est
902 4240 1058 4311 obscurum,
1075 4238 1147 4294 bano
1165 4243 1194 4295 et
1211 4253 1272 4294 eam
1290 4253 1362 4308 qnae
1379 4239 1503 4308 sequitur

336 4332 469 4400 spiculum
489 4347 553 4388 esse
572 4332 636 4386 anni
653 4331 785 4386 eiusdem.
813 4331 964 4401 Epistulam
978 4330 1014 4384 49
1033 4332 1134 4398 autem,
1153 4327 1180 4382 d.
1194 4326 1220 4382 d.
1240 4327 1348 4398 bidom,
1366 4327 1502 4398 pertinere

336 4421 367 4474 ιι1
383 4438 407 4476 a
419 4423 486 4492 144,
508 4425 624 4491 apparet
646 4433 682 4475 cx
704 4419 841 4475 1ιι(1.Χ111
859 4419 937 4483 (ad.
957 4420 973 4473 1
991 4416 1067 4487 Sept.
1086 4417 1140 4472 144
1156 4414 1372 4486 proficiscente).
1399 4415 1432 4471 ln
1449 4415 1502 4471 hae

336 4507 411 4576 igitur
426 4527 471 4582 ep.
483 4513 530 4580 48,
548 4511 576 4566 d
589 4510 616 4566 d.
629 4511 665 4565 22
676 4509 755 4578 lunii,
772 4523 914 4578 perperam
932 4505 1066 4577 praebent
1082 4505 1193 4562 codices
1207 4503 1263 4560 ind.
1277 4505 1501 4573 ripoinum

338 4601 367 4659 (a
380 4599 407 4654 d
425 4604 440 4656 1
459 4599 539 4670 Sept.
557 4601 610 4656 743
630 4599 666 4655 ad
683 4601 718 4654 31
737 4599 810 4668 Aug.
830 4597 883 4651 ’144
905 4595 1121 4666 progrediente).
1152 4593 1280 4650 Getarum
1298 4591 1447 4648 Artavaedi
1471 4597 1500 4647 et

337 4683 486 4760 bosphori,
514 4689 655 4745 hominum
676 4689 732 4743 tam
755 4700 850 4741 mense
872 4684 1020 4741 Novembri
1042 4685 1094 4738 743
1118 4688 1325 4740 excaecatorum
1350 4681 1500 4751 exsilioque

338 4775 504 4848 affectorum,
527 4777 642 4847 imperia
658 4793 713 4847 qua
730 4777 885 4843 voluntate,
909 4773 1089 4830 Constantino
1101 4773 1141 4828 IV
1159 4771 1315 4843 imperatori
1333 4769 1445 4840 infesta,
1464 4769 1500 4824 ad

339 4861 538 4922 describendum
556 4870 666 4936 tempus
684 4867 713 4921 in
730 4865 807 4920 curia
822 4864 948 4918 Romana
963 4861 1016 4918 boc
1033 4876 1106 4917 anno
1122 4861 1174 4917 144
1192 4861 1247 4916 siut
1265 4863 1331 4928 (non
1348 4859 1408 4914 eine
1426 4872 1499 4914 men·

339 4949 385 5022 dis,
400 4969 427 5010 v.
443 4971 529 5026 supra
545 4973 574 5027 p.
587 4956 633 5024 19)
652 4953 782 5024 adbibita,
799 4952 966 5023 ignoramus.
