4342 6034
469 1283 611 1339 sss-too

627 750 693 817 254
869 766 897 813 s.
913 764 1091 814 normann
1111 764 1157 812 nu
1177 763 1282 812 uuum
1301 760 1489 810 nemausen
1512 758 1559 807 roo

632 906 718 977 103.
738 906 948 1003 datilbaum
971 906 1015 972 ΙΙ
1038 929 1097 972 roc
1119 904 1249 971 Qasr
1275 903 1479 989 Bonifatium
1504 902 1667 979 tomas,
1698 911 1736 965 ot
1763 921 1800 964 aa

737 1026 905 1109 promisso,
927 1024 1061 1108 Bcppao
1082 1022 1258 1087 abbotbaoe
1270 1019 1375 1105 sacto,
1394 1038 1459 1105 pro
1482 1038 1515 1083 se
1529 1016 1574 1081 ad
1587 1016 1681 1081 &aar
1689 1034 1800 1100 precs-

739 1152 800 1205 tcr.
824 1138 963 1203 Monere
976 1140 1079 1204 mittit.
1115 1135 1270 1203 Faloooss
1279 1134 1454 1221 pecator.
1471 1129 1507 1214 (S
1518 1126 1799 1214 samatus)

717 1270 853 1337 Domino
875 1270 1058 1335 beatissimo
1082 1273 1115 1335 ot
1136 1266 1311 1355 pontificali
1332 1264 1434 1333 infula
1455 1264 1570 1331 merito
1586 1263 1735 1331 decorato
1750 1282 1801 1327 ar-

629 1384 829 1470 chiepiscopo
845 1382 1034 1470 Wynfritbo‚
1057 1387 1266 1467 cognomento
1280 1380 1450 1465 Bonifatio,
1473 1372 1727 1448 Aetbilbertus'¹
1746 1397 1803 1444 rex

629 1498 760 1566 Gnatiae
782 1500 817 1565 in
839 1500 966 1566 domino
989 1499 1190 1566 dominorum
1211 1496 1356 1564 salutem.

717 1614 803 1682 Ante
830 1634 947 1702 paucos
975 1634 1113 1699 namque
1139 1633 1240 1681 annos
1267 1610 1458 1679 venerabilis
1487 1610 1650 1678 abbatissa
1675 1607 1802 1691 Bugga·

630 1766 672 1777 -—
687 1736 857 1817 postquam
871 1729 1012 1797 Romane
1034 1730 1122 1796 urbis
1145 1728 1215 1795 loca
1236 1728 1461 1811 sacratissima,
1484 1726 1637 1793 orationis
1657 1724 1806 1792 ddslioet
1921 1731 1922 1780 ἑ

629 1846 769 1930 obtentu,
793 1846 929 1927 adierat3
953 1850 986 1913 et
1008 1844 1123 1912 exinde
1144 1844 1208 1910 huc
1227 1864 1338 1911 rursus
1360 1840 1550 1911 remeando*
1565 1840 1607 1908 ad
1620 1840 1805 1928 propriam·
1921 1847 1922 1886 ἒ

629 1960 775 2047 pervenit
795 1962 933 2047 patriam
956 1965 989 2027 et
1003 1960 1045 2027 ad
1059 1960 1287 2026 monasterium
1301 1958 1589 2026 sanctimonialium
1602 1956 1805 2039 feminarum,

629 2076 714 2161 quod
741 2081 836 2143 autea
863 2076 922 2143 sub
951 2076 1020 2143 iure
1043 2075 1256 2142 ecclesiastico
1279 2074 1359 2143 bens
1379 2073 1510 2158 regebat
1532 2108 1575 2119 —
1598 2072 1710 2139 statim
1733 2090 1807 2139 cum

629 2191 787 2257 venusam
808 2196 937 2275 rogatus
966 2190 1006 2258 ad
1036 2192 1104 2258 eius
1131 2189 1352 2276 conloquium,
1379 2190 1463 2257 iuter
1492 2188 1556 2255 alia
1581 2186 1808 2256 desiderabilia

629 2306 707 2373 baso
729 2305 781 2373 vel
802 2307 942 2373 maxime
964 2306 1087 2373 auditui
1106 2312 1216 2373 nostro
1230 2306 1390 2373 inculcare
1403 2306 1541 2373 curavit:
1565 2302 1649 2391 quod
1663 2302 1807 2371 dedisses

630 2422 660 2489 ei
682 2422 845 2489 licentiam
866 2422 1067 2489 familiariter
1088 2421 1186 2507 loqui,
1209 2422 1250 2489 de
1271 2420 1366 2489 robus
1388 2418 1510 2488 scilicet
1531 2420 1593 2487 sibi
1605 2419 1807 2502 necessariis,

631 2538 716 2624 apud
737 2543 826 2603 tuam
850 2535 1008 2604 affabilem
1030 2537 1262 2622 amabilemque
1277 2537 1494 2617 sanctitatem
1517 2535 1594 2602 dum
1609 2534 1704 2603 ambo
1718 2535 1807 2601 vide

630 2652 706 2719 licet
732 2652 851 2719 Romae
879 2653 955 2719 estis
983 2657 1017 2720 et
1042 2652 1155 2719 limina
1182 2652 1348 2719 beatorum
1377 2651 1593 2739 apostolorum
1623 2651 1808 2736 frequentat

632 2767 788 2835 visitando
810 2768 928 2834 trivere
950 2786 1014 2834 uon
1036 2768 1251 2855 praesedistis.
1287 2766 1412 2834 Deinde
1425 2768 1574 2834 mutinuo
1588 2766 1710 2850 intulit,
1732 2768 1809 2852 quia

631 2883 799 2968 diligenter
819 2882 1043 2969 paternitatem
1068 2888 1157 2949 tuam
1179 2882 1325 2950 similiter
1346 2904 1405 2969 pro
1427 2904 1480 2950 me
1501 2882 1637 2969 supplex
1659 2882 1808 2969 precibus
1921 2923 1922 2926 =

498 3064 504 3076 ,
631 2998 756 3067 obnixis
778 2998 958 3085 conpellare
980 3003 1117 3081 curaret,
1139 3003 1250 3085 utpote
1271 3000 1544 3083 consanguinitate
1557 2998 1808 3085 propinquitatis

631 3119 759 3181 nostrae
786 3113 977 3181 admonita‘:
1007 3118 1179 3199 quatenus,
1206 3114 1290 3180 sicut
1315 3114 1373 3181 illa
1399 3115 1517 3181 meruit
1543 3132 1696 3201 praeseus
1723 3114 1808 3179 tuis·

631 3228 823 3296 salutaribus
852 3229 940 3295 inbui
969 3228 1148 3316 praeseptis
1177 3235 1209 3296 at
1236 3230 1415 3295 orationum
1436 3234 1565 3295 tuarum
1587 3228 1808 3296 benedictione

632 3344 823 3429 confirmari,
846 3344 894 3411 ita
916 3350 949 3411 et
971 3364 1028 3429 ego
1052 3365 1188 3431 quoque,
1211 3344 1355 3429 quamvis
1377 3345 1491 3411 absens
1507 3350 1540 3411 et
1552 3346 1679 3429 ignotus
1694 3365 1807 3432 corpo·

631 3459 692 3527 nali
713 3460 910 3546 praesentia,
940 3464 1046 3525 umen
1076 3466 1113 3526 ut
1140 3461 1256 3547 spiritu
1283 3480 1431 3547 presens,
1458 3462 1519 3527 boc
1540 3460 1652 3527 eodem
1674 3481 1807 3529 munere

632 3574 712 3641 milri
737 3576 915 3641 necessario
940 3595 959 3641 a
980 3580 1036 3641 tua
1065 3574 1158 3641 solita
1185 3574 1408 3643 beneficential
1435 3576 1563 3643 ditarer.
1609 3575 1754 3662 Cumque
1774 3583 1808 3644 te

614 3690 692 3773 ,boc
723 3690 881 3756 facturum
914 3690 1099 3776 promisisse
1133 3690 1313 3757 indubitata
1338 3690 1403 3759 tide
1428 3692 1563 3775 diceret,
1591 3712 1667 3759 vers
1692 3692 1806 3777 fateor,

633 3806 717 3891 quod
738 3825 801 3871 non
824 3805 917 3872 facile
940 3806 1044 3872 verbis
1067 3805 1227 3892 explicare
1255 3806 1360 3891 valeo,
1390 3812 1543 3892 quantum
1570 3808 1678 3891 gaudii
1707 3828 1807 3893 quau·

573 3968 575 3971 -
633 3925 763 4005 tumque
786 3918 1010 3987 consolationis
1033 3942 1073 3988 ex
1095 3921 1156 3988 hoo
1177 3920 1350 3989 habuerim.
1389 3920 1500 4007 quue
1522 3922 1622 3991 multo
1645 3922 1750 4008 magis
1772 3928 1808 3990 ut

634 4034 751 4102 assolet
773 4035 965 4103 exhilaratus
989 4058 1069 4121 sum,
1094 4038 1189 4123 quod¹
1212 4058 1254 4105 ex
1274 4038 1438 4123 inopinata
1456 4058 1514 4125 spe
1532 4038 1637 4105 subito
1652 4044 1721 4106 tam
1735 4060 1807 4127 pre

633 4152 720 4217 ciosa
742 4150 826 4217 dona
847 4152 989 4238 protulit.

723 4266 875 4345 Quocirca
896 4268 974 4335 utile
996 4268 1074 4334 mibi
1097 4268 1224 4334 omnino
1247 4286 1285 4335 ac
1306 4268 1494 4335 conveniens
1510 4268 1597 4336 essek
1611 4268 1751 4357 ridetur,
1774 4277 1809 4339 ut

706 4440 726 4473 ι
747 4444 776 4473 σε
791 4430 821 4475 d!
837 4428 900 4475 11ου
913 4429 1014 4484 -111υ,
1032 4430 1052 4476 C
1067 4428 1199 4483 liba-⁹⁰,
1223 4428 1387 4475 Vae-ate.
1411 4430 1517 4475 haar
1532 4428 1590 4475 [ten
1605 4429 1705 4489 epistola
1718 4430 1807 4479 Aoffll·

633 4506 692 4553 bsrti
708 4508 768 4565 regis
784 4506 813 4553 ad
829 4506 967 4555 Bouilalium
979 4508 1028 4563 CV,
1044 4507 1102 4553 ltem
1117 4506 1261 4555 lltbiltibuldi
1275 4507 1305 4554 od
1319 4506 1461 4555 mmmm
1476 4510 1512 4555 Μ.
1573 4508 1598 4555 b.
1616 4507 1760 4557 lltlullbertu
1772 4513 1806 4557 Ι.

634 4598 654 4633 c.
674 4585 752 4643 Eume
768 4590 803 4633 M.
865 4586 888 4633 d.
912 4586 1027 4633 remeandi
1043 4590 1078 4633 Μ.
1142 4600 1163 4632 a
1182 4586 1299 4647 proprium
1316 4586 1376 4643 HV,
1396 4604 1453 4633 corr.
1469 4587 1624 4654 impropriam
1640 4591 1667 4639 ι’.
1729 4588 1747 4637 t.
1765 4589 1806 4637 sd·

633 4666 731 4713 monitat
746 4668 781 4712 M.
849 4677 870 4723 g.
891 4665 1035 4724 praesentius
1051 4669 1086 4721 Μ,
1106 4678 1201 4727 presens
1216 4667 1270 4713 tuus
1285 4683 1344 4713 corr.
1358 4668 1383 4713 ἐι
1397 4678 1494 4727 presens
1508 4666 1556 4713 touls
1573 4670 1599 4717 c.
1664 4667 1689 4716 b.
1710 4687 1769 4717 m.
1782 4672 1806 4717 a·

633 4742 792 4791 beneficientia
808 4746 834 4792 C.
911 4744 928 4790 l.
949 4744 1025 4803 quode
1040 4758 1068 4791 ex
1085 4746 1114 4793 V.
1190 4744 1213 4792 k.
1235 4744 1273 4793 e'et
1288 4748 1323 4793 Π.

705 4849 731 4903 1.
753 4848 781 4903 11
799 4846 952 4903 tos-too.
