4342 6034
656 750 722 817 462
881 768 1087 817 wrnuresnm
1107 768 1188 815 mna
1210 768 1238 817 s.
1256 769 1431 817 saumana
1453 768 1528 818 ese.
1542 768 1604 817 vm

656 910 727 977 silio
755 910 884 994 gloriosi
911 910 995 994 regis
1009 910 1167 976 'idoneum
1190 920 1401 995 praeponere·
1421 910 1603 977 ministram
1626 929 1721 996 snpra
1738 910 1814 975 dicto

656 1027 744 1110 gregi
773 1024 924 1091 delinivit
970 1024 1013 1091 Et
1033 1024 1113 1110 Lul,
1143 1045 1233 1091 suum
1263 1025 1462 1108 ingeniosae*
1489 1026 1606 1092 indolis
1628 1024 1813 1111 discipulam,

656 1142 697 1207 ad
720 1140 941 1207 erudiendnm⁶
963 1146 1053 1207 tanb
1075 1140 1177 1226 plebis
1199 1140 1457 1207 numerositatem
1479 1142 1645 1209 constituit
1666 1140 1815 1227 atinepi·

497 1276 638 1331 tea-755
656 1261 803 1343 scopatae
837 1256 969 1338 gradum
1005 1256 1151 1342 provebit
1182 1261 1277 1342 atque
1304 1257 1463 1324 ordinavit
1489 1258 1581 1343 eique
1609 1256 1814 1339 hereditatem,

657 1392 751 1457 quam
773 1373 807 1437 in
830 1370 954 1439 Christo
976 1372 1110 1437 instanti
1131 1371 1239 1439 labore
1262 1372 1476 1457 adquesierat,
1498 1372 1695 1459 inplicavit⁴3
1718 1372 1817 1457 quiet

655 1486 757 1553 fidelis
780 1488 813 1553 in
837 1486 972 1555 Domino
995 1506 1099 1555 mmes
1122 1488 1384 1574 peregrinationis
1403 1489 1471 1555 eiua
1486 1494 1564 1573 erat,
1587 1487 1724 1555 ettesfis
1737 1493 1817 1552 aba·

657 1603 765 1688 bique:
788 1603 945 1689 passionis
968 1608 1001 1670 et
1022 1604 1255 1669 consolationis.

746 1717 825 1785 Cum
855 1723 959 1785 subm
983 1738 1110 1785 servum
1131 1738 1223 1785 suurn
1246 1718 1401 1785 Dominus
1424 1719 1578 1785 debuine
1600 1720 1711 1786 mundi
1733 1718 1819 1787 velet

656 1828 862 1921 temptatione
886 1836 1006 1921 eripere
1029 1840 1061 1902 et
1082 1834 1266 1921 temporalis
1280 1836 1366 1901 vitae
1379 1832 1637 1901 tribulationibus
1652 1835 1817 1917 sublevare,

656 1956 731 2017 tunc
753 1950 849 2017 etiarn
867 1950 1003 2019 Domino
1026 1950 1228 2037 dispensante
1250 1948 1408 2017 difinitum
1431 1957 1494 2017 est:
1517 1957 1554 2017 ut
1571 1951 1613 2017 ad
1627 1950 1768 2018 Fresiam
1780 1986 1816 1997 —

655 2066 731 2133 olim
746 2084 887 2153 corpore,
910 2086 972 2132 non
989 2065 1117 2150 quidem
1132 2072 1247 2149 menta
1271 2062 1459 2133 omissam’¹
1471 2102 1513 2113 -
1530 2068 1630 2133 servis
1645 2066 1706 2133 Dei
1720 2084 1819 2133 snum

655 2183 863 2266 migrantibus
887 2180 1079 2267 pervenires
1103 2188 1140 2248 ut
1162 2182 1226 2265 ubi,
1249 2183 1398 2269 primitus
1420 2183 1666 2268 praedicationis
1687 2182 1818 2248 studium

653 2299 844 2383 ingrediens,
866 2296 1095 2384 praemiorum¹
1108 2296 1313 2364 inchoaverat
1330 2300 1535 2383 incrementa,
1557 2299 1653 2366 edam
1668 2320 1688 2385 e
1702 2296 1818 2365 mendo

654 2415 789 2498 rediens,
812 2419 957 2499 sumptus
979 2414 1134 2499 reciperet
1154 2416 1425 2481 remunerationis

744 2530 807 2597 Sed
829 2532 910 2595 miro
933 2529 1163 2614 quodammodo
1185 2530 1345 2597 vabcinii⁶
1366 2530 1533 2617 praesagio
1555 2534 1741 2615 sequentem
1761 2528 1821 2595 obi·

654 2650 706 2712 tus
728 2647 779 2711 sui
801 2646 886 2711 diem
908 2646 1070 2731 praedicto
1095 2647 1242 2732 episcopo
1257 2646 1494 2732 praenuntiavit
1508 2651 1550 2730 at,
1573 2645 1660 2729 quali
1675 2644 1820 2711 mnndum

654 2761 717 2829 line
740 2762 867 2828 demum
889 2761 1091 2845 relinqueret,
1116 2762 1298 2829 insinuarit
1332 2761 1435 2847 Eique
1456 2781 1515 2847 per
1537 2762 1679 2829 ordinem
1702 2758 1745 2827 de
1758 2779 1820 2825 aec·

655 2877 821 2945 alesiarum
852 2883 1010 2943 structura
1037 2882 1069 2944 et
1096 2876 1207 2963 populi
1229 2877 1372 2951 doctrina
1393 2879 1574 2965 proposuit,
1603 2878 1727 2945 dicens:
1756 2876 1818 2963 ldyo

655 2998 737 3059 adm
758 2999 958 3081 propositam
978 2997 1134 3081 perpendi
1154 2999 1213 3060 ater
1235 2994 1391 3081 complere
1412 2999 1523 3081 capim
1552 3016 1682 3080 spone
1701 3020 1724 3059 a
1745 2996 1817 3059 dari

654 3112 762 3177 danto
782 3112 1004 3197 proficiscendi
1024 3109 1156 3176 annal
1180 3130 1327 3175 revocare
1346 3132 1412 3176 non
1432 3125 1551 3198 potero.
1587 3110 1659 3175 Iano
1679 3115 1761 3176 nin
1773 3113 1816 3173 in-

655 3240 717 3292 stat
737 3228 937 3292 resolutionis
960 3250 1044 3292 meae
1067 3230 1145 3307 dies,
1169 3241 1198 3293 et
1220 3240 1340 3315 tenpus
1364 3230 1465 3294 obbas
1486 3231 1549 3293 nnn
1569 3230 1816 3314 adpropinquabit

654 3344 721 3408 iarn
744 3346 836 3424 caina,
861 3345 1001 3429 deposito
1025 3346 1168 3429 comonis
1191 3346 1358 3429 crpastrele,
1382 3357 1526 3410 marcac
1547 3345 1760 3409 retributionis
1773 3362 1815 3405 re-

655 3472 760 3525 uertar
781 3461 826 3523 ad
847 3459 1000 3523 braoinna
1038 3458 1105 3525 Sed
1126 3472 1170 3539 tn,
1186 3460 1252 3542 fib*
1275 3461 1448 3545 barbarae,
1472 3472 1663 3525 enumerans
1684 3463 1721 3524 in
1738 3458 1813 3543 Tay·

654 3572 784 3661 rinpea*
807 3598 827 3639 a
849 3596 897 3639 nae
920 3586 1041 3660 ceptam
1062 3574 1283 3644 asceteriorum
1304 3580 1348 3641 ad
1368 3576 1570 3663 perfectionis
1590 3579 1756 3641 mansa
1768 3575 1813 3637 ds

656 3692 733 3767 dnn·
761 3702 796 3755 tn
818 3690 975 3776 poputum
1002 3690 1041 3755 ab
1070 3694 1187 3757 erroris
1208 3692 1309 3758 innie'
1330 3696 1556 3759 instants'saime
1574 3714 1705 3768 revocor
1732 3704 1814 3775 tnqne

654 3806 900 3889 aedbbcationem
923 3806 1071 3871 basilicae
1093 3810 1159 3873 iam
1179 3808 1345 3874 inchoatae
1365 3811 1411 3874 ad
1432 3809 1585 3875 Fadana*
1606 3809 1731 3894 coapta,
1758 3804 1811 3870 ibi·

655 3926 785 4008 danque
807 3944 908 3987 meam
929 3923 1036 3989 meltis
1051 3946 1209 3989 annmnrn
1224 3926 1389 3990 ennianb's
1405 3947 1519 4012 corpas
1533 3928 1737 3990 inveteratam
1746 3940 1810 4007 per·

655 4040 726 4103 dno.
761 4034 880 4122 Hisque
903 4038 1055 4124 conpletis
1079 4039 1287 4124 sermonibus,
1310 4040 1413 4107 adbuc
1435 4040 1590 4127 ampliora
1610 4033 1811 4105 huiuscemodi

656 4152 779 4219 addidit
800 4153 896 4221 verba
918 4160 950 4221 et
971 4156 1018 4221 ita
1038 4154 1185 4239 inquiens
1207 4157 1268 4222 ait:
1297 4157 1387 4238 Far,
1417 4166 1492 4223 tna·
1515 4170 1626 4222 nonna
1642 4154 1810 4243 padani

656 4272 734 4335 mono
756 4274 889 4357 procide
910 4273 1057 4353 conniis,
1090 4276 1227 4358 quaein
1249 4274 1307 4339 bac
1327 4286 1434 4339 norbo
1457 4277 1522 4339 sint
1542 4277 1618 4339 neni
1636 4277 1747 4339 beans
1766 4288 1809 4332 co·

728 4525 749 4558 a
769 4526 896 4573 proponere
913 4516 939 4559 A·
1016 4510 1039 4559 b.
1060 4510 1173 4569 ingeniosi
1189 4514 1215 4559 F.
1292 4525 1313 4558 a.
1333 4511 1480 4559 erudiendam
1495 4515 1524 4559 A.
1601 4511 1625 4558 d
1645 4510 1737 4557 instsmi
1749 4504 1807 4565 inpli-

656 4592 717 4639 cavit
736 4592 812 4641 labore
829 4592 973 4652 adquesierat
988 4594 1014 4649 F,
1034 4590 1130 4638 meanti
1145 4590 1285 4651 adquisierat
1300 4592 1377 4639 labora
1393 4592 1519 4652 implicavit
1533 4595 1562 4639 A.
1646 4607 1667 4640 e.
1686 4587 1805 4638 emicui·
1896 4633 1899 4644 ,

655 4669 672 4719 f.
692 4668 707 4730 ᾗ
724 4686 810 4719 morum
827 4676 853 4731 F,
868 4672 1018 4731 praemiorum
1034 4674 1061 4719 A.
1133 4684 1155 4731 g.
1176 4672 1270 4719 vaccini
1285 4676 1311 4719 F.
1380 4671 1403 4719 h.
1424 4672 1506 4719 itinere
1522 4675 1549 4719 A.
1616 4672 1632 4718 i.
1647 4670 1688 4718 alii
1703 4672 1727 4725 Ρ,
1741 4665 1770 4713 nli
1783 4666 1806 4709 A·

656 4748 679 4797 k.
698 4769 754 4798 corr.
770 4750 936 4808 albariosco
952 4755 979 4799 A.
1041 4750 1057 4799 l.
1078 4769 1136 4798 corr.
1152 4753 1175 4799 ia
1191 4752 1258 4799 devio
1274 4758 1303 4800 A.
1364 4766 1394 4799 m.
1415 4751 1510 4800 buldam
1526 4756 1554 4798 A.
1615 4766 1638 4797 n.
1658 4754 1697 4797 tua
1710 4752 1734 4796 F.

728 4865 753 4919 1.
777 4861 812 4919 cf.
830 4860 960 4919 Bonifatii
978 4878 1021 4933 ep.
1033 4866 1084 4921 107
1103 4880 1188 4935 snpra
1204 4882 1233 4935 p.
1245 4865 1307 4921 259.
