4342 6034
637 752 704 819 508
995 766 1186 815 ururonsus
1207 767 1254 814 nn
1276 766 1303 814 s.
1320 766 1452 815 sumno

604 957 606 960 -
637 912 770 979 recitata
796 909 1040 977 retransmittas.
1075 908 1147 975 Tibi
1176 908 1293 975 etenim
1321 908 1381 975 soli
1408 928 1495 976 meas
1521 928 1623 993 nugas
1645 908 1793 977 ostendere

637 1046 821 1115 praesume,
848 1025 996 1110 quoniam
1019 1045 1092 1091 mea
1112 1024 1260 1107 rustica·‚
1283 1024 1375 1109 quasi
1397 1023 1531 1091 oliorum
1553 1024 1682 1109 diserte,
1702 1024 1794 1109 legere

636 1163 701 1210 non
723 1142 856 1229 spernis.
891 1140 970 1207 Vale
991 1140 1130 1225 itaque⁵,
1152 1140 1272 1207 faciens
1294 1141 1341 1206 nti
1364 1140 1505 1227 postulo;
1529 1145 1562 1208 et
1583 1160 1636 1207 me
1650 1140 1707 1207 tibi
1720 1139 1795 1207 idis-

637 1260 753 1326 simum
775 1259 810 1323 in
832 1257 978 1325 omnibus
999 1258 1126 1323 noveris
1149 1256 1295 1323 amicum.

1888 667 1895 890 ἓ

1887 895 1894 1139 l

716 1423 879 1547 Quodam
900 1466 1043 1548 ternpore
1065 1481 1149 1547 cum,
1177 1462 1212 1527 in
1234 1462 1402 1527 secretiore
1423 1458 1492 1526 loco
1515 1461 1649 1546 positus,
1672 1460 1799 1548 plurima
1891 1498 1892 1501 π

637 1578 677 1645 de
710 1579 798 1644 exitu
825 1578 1004 1644 animarum
1034 1582 1068 1645 et
1097 1578 1136 1645 de
1163 1578 1288 1645 diversa
1316 1576 1524 1643 retributione
1552 1577 1723 1645 earumdem
1748 1598 1799 1664 pro

638 1693 789 1779 qualitate
817 1694 1002 1759 meritorum
1031 1694 1066 1759 iu
1095 1693 1229 1777 dialogis
1252 1692 1353 1759 sancti
1376 1690 1521 1775 Gregorii
1544 1692 1740 1778 aliorumque
1760 1694 1801 1758 ri·
1892 1762 1893 1775 .

637 1809 778 1877 sionibus
805 1810 981 1893 legissem⁰7
1008 1809 1124 1875 timore
1151 1809 1260 1897 indicii
1288 1813 1320 1875 et
1346 1808 1515 1874 formidine
1541 1828 1716 1894 poenarum
1737 1830 1801 1895 per·
1890 1825 1893 1833 ·

636 1926 782 2009 territus,
810 1925 926 1991 delicta
946 1924 1119 1990 iuventutis
1142 1944 1247 2009 meae,
1278 1943 1359 2009 quae
1380 1922 1520 1989 humana
1540 1924 1715 2007 fragilitate
1737 1944 1802 1991 con-

637 2042 732 2126 trari,
754 2061 819 2107 non
840 2041 909 2107 sine
931 2040 1070 2107 lacrimis
1092 2040 1134 2105 ad
1147 2040 1333 2107 memoriam
1348 2040 1502 2107 revocavi
1539 2038 1602 2106 Sed
1617 2059 1690 2107 cnm
1706 2046 1802 2107 mente

637 2156 784 2223 contusus
812 2156 1018 2241 angustiaque
1040 2156 1176 2222 vallatus
1205 2156 1408 2241 cogitassem,
1439 2155 1575 2241 qualiter
1596 2155 1669 2239 illa,
1699 2156 1802 2241 quibus
1894 2196 1895 2245 3

636 2270 739 2339 Deum
763 2271 965 2356 offenderam,
989 2271 1134 2338 abolered
1148 2272 1323 2359 potuissem
1331 2282 1353 2357 ⁸,
1376 2272 1513 2339 occurrit
1535 2273 1656 2339 animo:
1682 2277 1720 2339 nt
1736 2292 1803 2357 apo-
1894 2260 1895 2267 ἵ

637 2388 790 2455 stolorum
811 2387 924 2456 limina
945 2387 1141 2473 aliorumque
1163 2394 1345 2455 sanctorum
1360 2388 1523 2455 visitarem
1540 2392 1573 2455 et
1588 2408 1700 2455 eorum
1714 2389 1803 2455 iuter

636 2502 830 2571 cessionibus
852 2503 943 2569 tunes
966 2508 1167 2590 peccatorum
1189 2524 1332 2571 meorum
1353 2524 1476 2571 summo
1492 2504 1596 2569 studio
1611 2503 1804 2591 disrumpere

637 2638 849 2706 procurarem.
891 2620 1037 2685 Velamen
1065 2619 1197 2687 etenim‘
1219 2620 1310 2687 iuxta
1337 2620 1526 2687 senteutiam
1554 2618 1640 2687 beati
1661 2620 1719 2687 lob
1746 2644 1804 2687 non

638 2737 782 2811 boboam
810 2736 1033 2823 amplexantur
1054 2736 1177 2825 lapidea
1187 2731 1204 2803 ¹.
1294 2736 1436 2823 Accepta
1456 2734 1554 2819 igitur
1574 2736 1721 2819 licentia,
1751 2737 1805 2803 iter

637 2850 828 2918 laboriosum
852 2852 989 2939 arripui3
1012 2854 1054 2937 et,
1076 2852 1174 2919 variis
1193 2852 1503 2919 incommoditatibus
1517 2851 1739 2937 maximeqne¹
1751 2854 1804 2919 im·

638 2967 743 3035 brium
764 2967 1021 3034 inundationibus
1043 2968 1169 3033 nimiis*
1185 2968 1398 3055 praepeditus,
1421 2968 1476 3033 vix
1499 2967 1621 3035 decimo
1635 2967 1805 3035 ebdomada

638 3083 771 3150 Romam
794 3085 933 3169 perveni.
968 3083 1078 3169 Ibique
1100 3104 1158 3169 per
1180 3089 1250 3149 octo
1267 3084 1334 3151 dies
1348 3084 1482 3171 positus,
1505 3083 1599 3149 modo
1614 3084 1702 3151 solus
1717 3083 1803 3151 modo

638 3219 710 3265 cum
732 3198 804 3265 aliis
826 3199 993 3266 comitibus
1015 3219 1121 3266 coram
1145 3198 1359 3286 apostolorum
1381 3200 1536 3265 memoria
1554 3198 1718 3267 humiliter
1738 3220 1802 3287 pro·

639 3320 768 3398 stratus,
790 3314 964 3381 Dominum
986 3314 1061 3381 totis
1084 3314 1241 3401 postulari
1263 3314 1473 3401 praecordiis:
1496 3320 1533 3381 nt
1554 3316 1693 3399 gratuita
1706 3316 1803 3401 gratia
1897 3392 1899 3417 ί

639 3451 707 3515 sua,
730 3437 764 3497 et
784 3436 965 3497 sanctorum
987 3429 1133 3517 precibus
1156 3432 1314 3513 exoratus,
1337 3430 1417 3495 mibi
1438 3431 1478 3497 de
1500 3432 1681 3518 praeteritis
1704 3432 1802 3499 crimi-

638 3547 732 3614 nibus
760 3548 887 3613 reniam
914 3546 1007 3629 dare,
1036 3546 1076 3612 de
1103 3546 1322 3632 praesentibus
1350 3546 1575 3613 continentiam
1597 3546 1724 3632 largiri,
1751 3564 1803 3613 nec

638 3684 702 3730 non
732 3662 909 3729 defuturis
931 3661 989 3729 sub
1011 3660 1097 3727 illius
1120 3660 1258 3729 tuicione
1279 3662 1441 3729 inmunem
1463 3660 1526 3729 fine
1547 3668 1640 3731 tenus
1662 3684 1715 3731 me
1734 3682 1801 3730 oon·

639 3799 766 3847 semare
797 3778 991 3861 dignaretur.
1082 3776 1145 3843 Sed
1178 3777 1228 3845 bis
1261 3779 1370 3864 paucis
1403 3779 1581 3845 necessario
1613 3778 1800 3865 praelibatis,

638 3896 703 3961 iam
727 3894 768 3961 ad
789 3894 961 3961 racionem*
983 3894 1171 3961 veniendum
1196 3898 1255 3975 est7
1281 3913 1375 3977 quam
1399 3894 1458 3961 tibi
1480 3893 1650 3962 adiurante
1672 3894 1800 3962 Domino

639 4010 798 4097 explicare
819 4010 970 4096 disposui

726 4126 817 4213 Aput
837 4125 1020 4193 &vennam
1041 4125 1153 4193 Italiae
1179 4126 1290 4193 urbem
1318 4127 1456 4213 positus,
1485 4126 1653 4211 diligenter
1679 4126 1800 4194 inresti-
1896 4144 1897 4149 ’

639 4262 715 4328 gare
737 4242 845 4309 studui
866 4242 906 4309 de
926 4243 994 4309 rita
1015 4248 1207 4327 sanctornm,
1230 4241 1339 4309 Seram
1356 4242 1503 4311 videlieet
1515 4242 1700 4311 vincentiae
1714 4247 1799 4329 atque

640 4359 855 4440 iunocentiae3
883 4378 1017 4443 quorum
1038 4378 1181 4446 corpora,
1204 4356 1279 4425 inde
1300 4356 1434 4443 sublata,
1456 4358 1491 4425 in
1511 4358 1607 4425 istam
1631 4360 1728 4427 versis
1747 4376 1798 4424 no·

638 4474 778 4542 minibus
810 4474 967 4541 translata
998 4478 1073 4540 sunt
1105 4474 1320 4561 parrochiam
1353 4474 1393 4541 de
1426 4494 1559 4561 quornm
1585 4474 1797 4554 nausbdone,

711 4616 918 4665 anutium&
990 4614 1394 4677 builsefflsinesapmrhqee
1463 4616 1657 4675 clesma.
1723 4611 1796 4662 usk·

639 4696 732 4744 cleric.
820 4694 1289 4755 emerammi-potonem.
1379 4695 1530 4744 tenind.
1617 4690 1796 4755 busin.

638 4774 779 4823 hon-d.
853 4774 1094 4823 amend.

709 4859 908 4931 amma
