4342 6034
687 788 753 857 668
890 807 971 855 urus
993 807 1148 855 aeuonnr
1171 808 1433 857 sacmeersoorr
1455 808 1652 859 uoouunnu

589 955 660 1011 1160
687 952 720 1015 ot
741 947 770 1014 ei
791 948 873 1014 forte
894 950 1123 1035 irrumperent,
1148 950 1249 1034 quod·
1272 950 1333 1017 sibi
1354 950 1428 1035 iugo
1450 950 1624 1037 presidium
1646 951 1741 1031 toret3
1766 952 1844 1034 gani·

579 1028 670 1077 m
687 1062 746 1133 bus
767 1062 863 1129 humo
886 1062 968 1129 fixus
992 1069 1024 1131 et
1045 1064 1136 1131 uultu
1158 1066 1401 1151 circumquaque
1423 1066 1545 1133 lumina
1567 1072 1704 1149 redens,
1726 1067 1845 1152 siquis

685 1178 774 1265 piam
795 1199 950 1266 prospera
971 1180 1046 1247 belli
1067 1186 1223 1265 narraret,
1246 1181 1279 1247 in
1301 1182 1401 1268 ipsius
1425 1182 1596 1249 orationisb
1613 1182 1789 1269 precatibus
1804 1190 1846 1249 at·

685 1296 805 1361 bonitus
827 1295 1059 1381 prestolabatur
1082 1302 1115 1363 ct
1136 1297 1281 1384 supplex.
1917 1296 1918 1379 ξ

775 1410 901 1479 Interea
921 1410 1115 1496 tingemini,
1146 1432 1279 1498 quorum
1308 1412 1365 1479 filii
1388 1412 1527 1497 Mangoti
1555 1412 1709 1500 produces
1734 1415 1768 1479 in
1789 1420 1850 1481 tota

686 1527 754 1595 acio
777 1533 810 1594 et
831 1528 937 1615 capita
958 1534 1064 1611 erant,
1096 1530 1215 1614 passim
1236 1548 1295 1615 per
1316 1535 1473 1612 montem,
1502 1534 1665 1614 tamquam
1688 1550 1785 1615 vespe
1806 1529 1849 1595 ecl

685 1644 788 1728 magis
814 1650 851 1711 ut
871 1646 1036 1728 demones,
1065 1645 1196 1712 furentis
1219 1641 1383 1713 manibus¹
1404 1646 1589 1729 uncatieqne
1611 1640 1780 1711 naribus‘¹
1802 1665 1849 1728 ga·

684 1760 856 1845 fessusque
878 1757 1065 1829 verticibus¹
1080 1760 1299 1829 efferebantur.
1334 1760 1378 1827 Et
1398 1761 1547 1847 precipiti
1561 1760 1749 1845 liniantique
1764 1780 1849 1827 cursu

685 1876 786 1944 ardua
807 1876 924 1943 montis
946 1881 1111 1962 captantes
1118 1876 1140 1959 ⁴,
1164 1877 1269 1963 capita
1292 1898 1350 1943 sua
1370 1877 1508 1943 inbrmto
1528 1876 1685 1959 agitantes
1701 1877 1847 1963 auspiciu
1918 1858 1919 1875 ,

685 1992 766 2059 mont
800 1992 876 2059 solis
910 1991 967 2058 ab·
997 1996 1067 2058 estu
1097 1991 1275 2059 morticine‘
1302 1992 1487 2076 desertaque
1514 2002 1646 2059 carnes⁸
1673 1992 1707 2057 in
1736 1994 1846 2059 saniem

683 2108 792 2175 verso'¹
807 2108 945 2174 mucore¹
960 2106 1119 2173 horrentis
1141 2108 1273 2173 intuitus
1296 2126 1420 2175 vermos
1443 2106 1607 2191 ebulliunt,
1631 2106 1678 2175 sic
1698 2108 1779 2193 ipsis
1799 2128 1846 2193 pro

683 2224 805 2291 ioribus
827 2224 968 2307 claustri,
991 2243 1054 2308 que
1075 2222 1181 2291 media
1197 2222 1314 2289 montis
1330 2222 1514 2308 respiciunt,
1538 2228 1571 2289 et
1585 2222 1704 2289 circum
1719 2223 1845 2308 nudique

683 2360 802 2424 muros,
826 2338 963 2406 offeratis
986 2338 1133 2405 dontibus
1154 2338 1326 2423 rabidoque
1341 2358 1395 2405 ore
1409 2337 1600 2421 frendentes,
1622 2339 1845 2424 percrebresoe

683 2454 788 2521 bant&
827 2454 870 2521 Et
892 2454 947 2521 alii
969 2454 1051 2538 telis,
1076 2454 1204 2539 quidam
1225 2453 1349 2538 gladiis,
1372 2474 1446 2540 pars
1470 2453 1603 2521 arcubus
1625 2454 1788 2540 pugnabat
1807 2462 1846 2521 at»
1920 2512 1921 2531 ,

683 2588 744 2654 que
767 2570 905 2651 balistis3
933 2570 1018 2637 bunc
1038 2570 1094 2636 ille
1116 2569 1231 2655 lapide,
1254 2570 1306 2637 hio
1328 2570 1417 2637 illurn
1441 2570 1570 2655 cuspide
1592 2570 1708 2637 ictibus
1730 2570 1846 2657 petebat

681 2685 856 2753 horrendis.
892 2685 954 2753 Hic
981 2686 1044 2753 diri
1070 2686 1210 2752 vulneris
1240 2685 1374 2753 umbone
1397 2706 1417 2753 a
1439 2706 1473 2751 se
1496 2686 1699 2771 comparique
1723 2707 1779 2753 suo
1799 2688 1846 2753 da·

680 2800 764 2887 pulit
788 2802 903 2883 ictum3
932 2802 985 2869 bio
1013 2802 1112 2868 densa
1134 2821 1246 2868 manus
1268 2801 1335 2887 pila
1357 2806 1466 2867 teuent
1488 2801 1645 2867 minantia
1667 2799 1768 2889 pilis‘.
1800 2802 1845 2869 Et¹

680 2916 755 2985 bine
776 2917 950 2985 barabanes
971 2918 1141 3002 ferrigerim
1164 2917 1281 2985 lunatis
1305 2916 1521 3003 bipennibus¹·,
1550 2916 1641 2985 inde⁰
1665 2920 1756 2985 tetris
1777 2919 1843 2985 lori·

680 3034 826 3119 gstisqua
848 3034 1053 3116 manubriis’,
1076 3032 1248 3116 securibus,
1272 3034 1358 3101 saxis
1381 3032 1540 3120 predictas
1555 3034 1677 3117 ingenti
1692 3036 1843 3101 conamine

680 3149 801 3217 forium
821 3155 940 3236 portas.

770 3264 909 3333 Etcum
931 3265 1098 3333 interiores
1121 3285 1237 3349 magna
1259 3264 1291 3331 ri
1314 3264 1359 3331 eis
1377 3264 1571 3348 resisterent,
1594 3266 1739 3351 ictusque
1753 3266 1784 3333 in
1797 3286 1841 3332 eos
1921 3270 1922 3275 ’

681 3381 902 3467 intorquerent
916 3381 1023 3448 viriles
1037 3382 1266 3467 redderentque
1282 3381 1406 3447 tristam
1421 3380 1565 3447 tristibus
1577 3382 1678 3449 vicem
1692 3418 1733 3429 -—
1746 3402 1842 3468 quam-

682 3498 731 3565 vie
758 3498 854 3584 pauci
880 3503 914 3564 at
939 3498 1093 3582 inermes,
1124 3503 1156 3563 et
1178 3497 1413 3582 comparatione
1435 3496 1468 3561 in
1491 3495 1618 3563 milibus
1641 3518 1723 3565 unus
1745 3518 1841 3585 porcu-

682 3614 766 3681 tiens
782 3648 823 3661 —
840 3618 1009 3699 postquam
1032 3612 1071 3679 de
1093 3613 1224 3679 meridie
1248 3612 1288 3677 sd
1309 3613 1412 3698 ipsam
1435 3632 1516 3698 pene
1539 3614 1760 3699 vespertinalis
1777 3614 1840 3679 horo

683 3730 821 3797 sinaxim
855 3750 929 3797 sevo
957 3728 1060 3795 Marte
1089 3732 1153 3795 mm
1182 3727 1306 3795 modica
1334 3746 1447 3795 manus
1475 3748 1546 3795 oum
1573 3734 1663 3795 tanta
1691 3728 1839 3795 turbarum

683 3844 881 3913 dimicasset*
903 3845 1096 3929 frequentia,
1125 3850 1157 3911 et
1183 3843 1305 3930 lapides
1333 3843 1396 3909 tela
1424 3843 1532 3911 relnd'
1554 3844 1660 3931 pluvie
1688 3850 1790 3928 guttas
1813 3844 1839 3907 iu

682 3961 770 4047 ipsos
792 3962 964 4045 ingereret,
991 3966 1025 4029 et
1045 3960 1167 4027 nullum
1192 3960 1294 4027 adbuc
1314 3958 1419 4027 hostes
1442 3958 1503 4027 Dei
1525 3960 1564 4027 de
1586 3960 1751 4047 ponderis·
1771 3957 1838 4027 tanti

683 4076 868 4144 conamine‘
897 4076 1005 4163 adepti
1036 4076 1172 4143 amant
1204 4075 1416 4161 triumphum
1451 4094 1516 4143 non
1543 4078 1615 4161 paci
1642 4074 1836 4163 imperatorio,

756 4232 778 4264 ι
798 4217 856 4277 qnid
870 4219 892 4263 l.
973 4218 996 4265 b.
1016 4218 1074 4278 ipsis
1090 4217 1233 4265 oracionibus
1250 4218 1272 4265 1.
1352 4230 1373 4263 c.
1392 4216 1486 4265 nasibus
1502 4219 1529 4276 1,
1548 4216 1642 4265 naribus
1658 4220 1681 4265 2.
1757 4218 1835 4274 drap

682 4298 797 4355 tantari,
814 4298 836 4343 ἵ.
898 4311 919 4343 s.
940 4297 982 4345 sub
999 4299 1020 4343 l.
1082 4296 1099 4343 i.
1121 4296 1248 4343 morticinis
1266 4299 1287 4343 1.
1349 4310 1371 4357 g.
1392 4298 1467 4343 carnis
1479 4298 1501 4344 1.
1562 4296 1584 4345 b.
1607 4301 1707 4345 renel.
1766 4298 1834 4343 tnr-

683 4392 748 4425 crors
764 4380 786 4426 1.
847 4374 872 4422 k.
892 4374 1092 4436 percrebrescebat
1103 4378 1124 4432 1,
1141 4374 1343 4435 percrebescebant
1356 4378 1378 4421 2.
1441 4376 1456 4421 Ι.
1476 4374 1509 4423 Ex
1521 4378 1542 4433 1,
1553 4378 1575 4423 2.
1638 4390 1668 4423 m.
1690 4396 1720 4423 aa
1735 4376 1833 4435 wdonsa

681 4456 798 4507 mutent
866 4456 1093 4516 summas
1163 4454 1529 4516 abrumpamus
1597 4439 1833 4536 pernionum.

683 4551 706 4599 q.
727 4536 860 4585 dimiwsit
876 4539 898 4583 1.
959 4550 978 4583 r.
998 4534 1076 4582 reiut
1092 4538 1114 4583 2.
1176 4548 1196 4582 s.
1215 4534 1316 4595 pondera
1332 4537 1354 4582 2.
1418 4536 1585 4583 toartnminis
1601 4539 1623 4593 1,
1640 4538 1663 4585 i.

755 4644 780 4698 1.
803 4638 1210 4697 mambusinrosstenentibus.
1282 4641 1308 4695 2.
1332 4638 1444 4695 naribus
1457 4654 1587 4695 uncorum
1599 4636 1829 4711 egumenum&

545 4802 550 4816 Ι
683 4732 710 4786 3.
733 4730 871 4801 capitibus
887 4728 1000 4785 frixoria
1017 4744 1040 4783 s.
1058 4728 1211 4797 sartagines
1228 4725 1388 4783 ferentibus.
1416 4726 1457 4784 Gt
1473 4728 1653 4785 Dieffanbsob
1670 4728 1827 4786 cosumus:

686 4819 876 4907 ,flabasium
898 4816 1078 4889 ancyrana
1172 4817 1199 4871 t.
1223 4815 1265 4873 Oi.
1283 4818 1386 4873 buoni
1403 4816 1525 4873 Pharai
1542 4819 1572 4873 7:
1597 4822 1648 4888 ,et
1669 4818 1724 4888 piu
1743 4816 1826 4871 ntum

683 4908 725 4963 tia
740 4908 834 4979 pilis“.
