4342 6034
612 760 774 811 mousom
794 758 982 807 manauere
1003 759 1085 807 rma
1106 758 1279 809 ssapoms
1460 742 1525 811 537

364 920 514 969 amasus.
548 902 619 988 Qui,
642 902 841 971 satisfaciens
861 900 968 985 regiae
989 900 1146 985 dignitati,
1170 901 1255 987 qued
1277 902 1373 969 etam
1386 903 1457 990 ipse
1472 914 1695 991 pelosa-10⁰⁰

362 1018 436 1101 tuit,
459 1037 522 1083 uon
544 1018 692 1105 promisit
713 1018 769 1085 sed
791 1016 895 1098 declit3
916 1016 1064 1084 uidelicet
1084 1013 1284 1084 kliotetram¹
1305 1019 1392 1102 regio
1415 1018 1527 1087 decere

362 1138 579 1219 preparatam,
609 1154 702 1221 quam
730 1133 806 1201 illuc
833 1136 966 1199 venture
987 1131 1076 1199 iussu
1099 1138 1131 1199 et
1152 1134 1310 1220 permissu
1331 1134 1454 1203 abbatis
1477 1134 1527 1203 sui

361 1247 509 1315 Richardi
535 1250 727 1337 preparavit
762 1248 851 1317 Tunc
878 1248 980 1314 denuo
1009 1246 1201 1317 exhilaratus
1228 1270 1285 1316 rex
1312 1270 1371 1337 pre
1398 1254 1528 1337 accepta

361 1364 576 1431 bendictione
604 1400 646 1413 —
675 1364 856 1433 eratenim
884 1363 974 1431 dulce
1003 1365 1063 1431 etsi
1090 1384 1154 1431 nou
1181 1366 1409 1450 necessarium,
1443 1366 1527 1451 quod

360 1479 448 1569 (ledit
480 1481 595 1547 caritas
624 1516 666 1529 -·
696 1480 779 1548 letus
812 1500 957 1565 egressus
992 1485 1056 1565 est,
1095 1478 1230 1547 multum
1264 1478 1422 1549 affirmata
1452 1502 1526 1569 pre-

359 1594 520 1663 missione

447 1710 571 1779 llamor
592 1717 698 1779 autem
718 1712 893 1798 imperator
905 1710 1054 1797 promissi
1068 1712 1128 1793 sui,
1150 1730 1215 1777 uon
1229 1709 1328 1777 multu
1342 1717 1416 1799 post
1428 1713 1526 1781 misse

358 1828 475 1895 umcic
503 1828 543 1895 ad
565 1827 755 1895 Richardum
784 1826 945 1910 abbatem,
974 1826 1133 1913 prelatum
1160 1830 1304 1893 sanctum
1333 1828 1435 1895 virum
1463 1828 1526 1897 sibi

358 1944 445 2010 mitti
471 1944 622 2031 precepit
657 1942 757 2011 Fama
777 1942 941 2027 vulgatum
962 1948 1012 2009 cst
1032 1942 1122 2027 ilico,
1149 1942 1239 2029 pium
1265 1946 1388 2029 patrem
1411 1964 1526 2029 araga

358 2060 476 2127 rccari.
512 2058 677 2127 Flentibus
699 2079 774 2143 erge
796 2058 959 2144 discipulis
981 2078 1083 2146 nuper
1105 2059 1302 2141 cougregatis
1325 2058 1458 2144 aliisque
1477 2061 1525 2127 la-

357 2174 551 2259 miliaribus,
581 2195 659 2261 ques
683 2180 716 2242 st
735 2175 865 2241 munitis
887 2172 1068 2241 illustrabat
1089 2179 1122 2239 ct
1143 2173 1296 2261 exemplis
1319 2175 1525 2261 sustentabat

356 2291 426 2375 regi
448 2291 565 2357 missus
587 2297 645 2359 est
683 2290 781 2369 Quem
803 2288 974 2357 honorifice
996 2288 1171 2376 suscipiens
1187 2290 1369 2376 imperator,
1392 2291 1525 2359 circum·

356 2406 517 2474 stautibus
539 2406 649 2473 amiam
670 2426 743 2473 eum
766 2406 914 2488 camelli,
936 2404 1058 2471 diceus:
1081 2405 1228 2473 Accaus
1251 2406 1297 2471 ait
1317 2408 1356 2473 da
1375 2408 1526 2475 Bardcas

356 2524 517 2589 Μυκη
544 2523 691 2611 aliquit?
777 2522 879 2589 Aiunt
899 2520 964 2588 illi:
993 2522 1109 2587 Malta
1201 2521 1386 2604 Quaenam?
1412 2522 1524 2608 inquit

356 2638 418 2717 Qui
447 2637 611 2716 dixerunt:
641 2638 772 2727 Optima
799 2660 928 2727 queque.
1017 2635 1062 2703 Et
1089 2656 1162 2703 rex:
1194 2637 1236 2705 Si
1255 2638 1359 2725 iuquit
1380 2641 1524 2723 audam,

356 2758 474 2823 medita
496 2758 574 2843 qaia
594 2776 670 2821 cara
690 2768 773 2821 sant
808 2754 871 2820 Hic
892 2766 938 2819 est
953 2754 1008 2819 ille
1021 2756 1090 2840 ipse
1105 2751 1160 2836 ait,
1184 2774 1276 2841 quem
1289 2758 1440 2821 veraciter
1454 2756 1524 2823 lca·

355 2874 488 2951 cmm,
518 2884 575 2937 aar
602 2874 673 2957 qua
699 2874 742 2936 aa
763 2870 934 2935 euacua
955 2873 1149 2957 pammac.
1238 2868 1361 2937 Deiras
1383 2871 1526 2957 exposito
1670 2858 1679 2873 '

355 2984 525 3070 beneficio,
556 2985 640 3072 qued
661 3006 683 3051 a
702 2986 757 3073 pie
783 2989 876 3073 patre
901 2980 1098 3071 susceperat,
1126 2984 1271 3053 omuibus
1300 2985 1466 3053 amabilem
1494 2992 1527 3054 et

354 3101 572 3169 honorabilem
594 3101 785 3168 reddiderat
819 3100 897 3167 Post
917 3100 996 3167 baec
1016 3100 1177 3187 promovit
1199 3120 1270 3167 eum
1290 3101 1464 3188 imperatas
1477 3103 1527 3171 iu·

354 3222 406 3285 ter
429 3218 557 3301 amices,
579 3216 716 3303 lecitque
738 3236 811 3283 eum
833 3216 978 3285 abbatem
1001 3214 1265 3300 watinensium,
1289 3216 1410 3285 dicens:
1436 3218 1527 3287 &aa

355 3337 536 3401 maim
559 3336 599 3399 dc
626 3346 670 3414 ts,
698 3337 745 3399 eie
765 3336 937 3400 vidmmue.
971 3332 1059 3399 'lunc
1080 3332 1159 3399 satis
1182 3330 1324 3401 benivole
1346 3337 1526 3421 tractatum,

355 3450 396 3516 al
420 3450 624 3516 commissum
646 3448 730 3515 ovile
750 3467 823 3515 cum
845 3449 964 3517 bonore
985 3450 1108 3517 dimisit
1130 3459 1228 3517 eum'.

445 3565 565 3631 Audita
596 3570 702 3632 autem
729 3564 878 3652 discipuli
907 3570 940 3632 et
968 3566 1062 3633 amici
1091 3566 1175 3649 eius,
1210 3565 1285 3650 quis
1311 3562 1527 3649 magnificavit

355 3680 448 3749 arumb
463 3680 567 3748 Deus·
590 3681 623 3747 iu
646 3686 816 3769 conspectu
830 3701 951 3765 regum,
974 3681 1153 3749 absentiae⁸
1169 3682 1236 3747 eius
1251 3681 1417 3749 tristiciam
1432 3700 1525 3749 ereu-

354 3802 407 3863 tus
435 3796 542 3863 leticia
568 3796 766 3879 solabantur3
796 3798 900 3864 securi
921 3796 961 3864 de
982 3796 1141 3881 moribus,
1169 3797 1247 3863 certi
1269 3797 1308 3863 de
1329 3797 1411 3879 ritu;
1440 3797 1525 3883 quia,

355 3932 450 3999 quem
472 3912 552 3980 bane
574 3912 735 3981 subditum
757 3913 925 3998 ridebant,
948 3913 1027 3981 bane
1049 3914 1146 3979 etiam
1167 3932 1295 3999 preesse
1316 3911 1466 3979 sciebant

445 4030 518 4117 lpse
538 4049 614 4097 vero
636 4064 678 4075 —
703 4029 788 4115 qued
809 4029 924 4097 dicitur
944 4029 1096 4117 petentia,
1120 4034 1345 4115 contempnens
1369 4034 1415 4113 et,
1439 4030 1523 4115 quod

354 4146 530 4233 paternitas
557 4145 687 4229 dicitur,
716 4145 881 4213 attendens
903 4180 946 4193 —
969 4144 1010 4211 ad
1036 4150 1203 4213 consuetas
1229 4163 1333 4211 mores
1354 4164 1523 4213 conversus

354 4282 413 4331 nec
435 4262 555 4347 aliquid
575 4266 702 4328 mutans
723 4261 787 4327 uisi
807 4262 900 4346 torte,
921 4266 960 4327 ut
979 4261 1134 4348 scriptum
1156 4265 1219 4327 est:
1241 4261 1338 4329 Itsmt
1358 4264 1397 4328 dc
1409 4265 1523 4329 viram

354 4382 389 4444 ia
410 4373 586 4461 vacuam&
609 4375 688 4443 illud
706 4376 767 4443 sibi
786 4376 912 4445 dicebat
933 4376 1075 4444 sedulus:
1101 4376 1227 4459 Quanto
1246 4400 1380 4464 mappas
1401 4400 1443 4459 aa,
1465 4379 1522 4444 bu·

353 4497 445 4562 milet
471 4508 500 4561 te
523 4498 560 4561 ia
585 4488 753 4560 onum.
788 4491 919 4572 Quale
940 4492 1130 4581 reimpleta
1151 4492 1254 4559 estin
1276 4490 1331 4559 illc
1354 4492 1521 4579 scriptura

425 4660 447 4693 ι.
467 4653 588 4707 upum
603 4647 626 4691 in
642 4644 721 4691 codice
735 4645 805 4690 buc:
821 4642 878 4691 dous
892 4644 918 4691 iu
932 4646 1058 4704 compoti!
1072 4656 1150 4702 rom
1166 4642 1289 4693 {butilian-
1314 4646 1352 4699 C!-
1366 4646 1428 4699 infru
1444 4652 1489 4689 sat.
1500 4660 1521 4691 c.

355 4723 378 4771 b.
397 4740 450 4773 m
466 4724 558 4771 addida
634 4738 654 4771 a.
674 4724 743 4771 verba
758 4724 828 4769 baec.-
848 4722 905 4769 (leu
923 4746 947 4755 -
960 4722 1090 4779 absentiae,
1106 4726 1129 4769 lus
1145 4724 1220 4769 alieno
1236 4724 1288 4769 lace
1304 4740 1320 4769 u
1335 4724 1428 4769 librario
1441 4724 1520 4783 poris·

356 4800 385 4859 (u.
399 4822 470 4866 supr·
485 4814 531 4851 sat
542 4801 573 4862 a),
587 4822 643 4853 auae
658 4804 814 4851 rectractant

425 4902 450 4956 1.
474 4900 568 4955 suum
585 4898 741 4970 praemon.
830 4898 857 4954 a.
879 4898 925 4956 1³2.
937 4898 981 4968 aa,
993 4898 1019 4953 s.
1109 4897 1135 4953 a.
1159 4896 1233 4953 me.
1246 4896 1328 4967 aaa
