4342 6034
599 777 626 824 s.
644 777 820 824 normann
840 779 886 825 su
907 779 1010 826 uuum
1031 778 1219 826 sersrounu
1241 779 1279 824 ar.
1291 779 1321 825 aa
1500 764 1541 830 91

370 917 584 984 sacerdotium
606 917 759 1004 maculat,
784 924 817 986 et
838 919 867 984 si
888 919 948 986 tibi
969 920 1079 987 liceret
1102 941 1174 986 cum
1198 921 1243 988 eis
1267 921 1359 988 edere
1382 927 1437 988 aut
1458 921 1544 1006 loqui
1585 929 1638 984 726

368 1033 434 1099 uisi
457 1034 530 1118 qui·
552 1033 683 1101 heretici
703 1036 831 1102 suerint
865 1035 1025 1104 Dicimus:
1048 1041 1085 1102 ut
1107 1037 1165 1103 hos
1189 1057 1228 1103 ex
1250 1037 1423 1123 apostoliea
1438 1043 1544 1104 aucto·
1560 1002 1659 1050 Nm

368 1149 465 1216 ritate
498 1150 715 1234 redarguendo
743 1171 924 1218 ammoneas
957 1158 990 1218 et
1022 1153 1063 1218 ad
1096 1151 1285 1218 munditiam
1313 1153 1545 1221 aeclesiasticae

369 1265 559 1352 disciplinae
581 1266 749 1352 perducas3
773 1271 805 1333 et
826 1267 853 1332 si
868 1268 995 1352 quidem
1011 1267 1217 1352 oboedierint,
1240 1267 1407 1335 salvabunt
1423 1269 1544 1336 animas

370 1401 445 1446 suas
468 1386 502 1447 et
523 1382 593 1468 ipse
614 1383 791 1450 mercedem
814 1382 954 1448 lucrasti.
993 1383 1219 1450 Verumtamen
1242 1383 1491 1451 conlocutionem
1514 1389 1546 1452 et

370 1517 515 1564 mensam
544 1517 744 1564 communem
777 1517 850 1564 cum
884 1498 930 1564 eis
964 1517 1057 1580 agere
1083 1519 1147 1565 non
1175 1519 1310 1566 recuses.
1356 1499 1546 1585 Plerumque

371 1613 516 1697 contigit,
539 1618 585 1697 ut,
609 1633 687 1698 quos
710 1614 862 1680 correctio
886 1613 1071 1700 disciplinae
1094 1613 1200 1680 tardos
1216 1615 1292 1682 facit
1312 1615 1352 1682 ad
1367 1615 1544 1702 percipien-

370 1729 444 1795 dam
467 1729 612 1796 veritatis
632 1749 787 1813 normam,
811 1730 1026 1795 conviviorum
1040 1729 1167 1796 sedula*
1183 1735 1215 1796 et
1230 1732 1414 1798 ammonitio
1430 1731 1546 1799 blanda

370 1845 412 1911 ad
433 1845 522 1911 viam
543 1843 695 1932 perducat
722 1845 871 1911 iustitiae.
918 1844 955 1911 ld
981 1846 1087 1931 ipsum
1111 1852 1215 1912 autem
1240 1847 1326 1912 etin
1348 1847 1412 1914 illis
1435 1867 1545 1934 proce-

369 1961 475 2045 ribus,
500 1960 555 2045 qui
576 1960 635 2028 tibi
659 1961 850 2027 adiutorium
872 1965 1051 2048 praestant,
1075 1962 1242 2028 observare
1265 1961 1402 2030 debebis.

460 2077 564 2161 llaec,
592 2076 691 2143 frater
718 2077 913 2160 karissime⁸,
942 2097 983 2143 ex
1011 2077 1203 2162 apostolicae
1230 2079 1313 2144 sedis
1336 2080 1445 2162 vigore
1467 2081 1545 2146 scri·

369 2194 475 2280 psisse
497 2191 665 2260 sufficiant.
700 2192 750 2260 De
771 2193 893 2278 reliquo
915 2192 1121 2279 implorantes
1139 2193 1388 2262 misericordiam
1405 2195 1475 2280 Dei,
1499 2201 1545 2280 ut,

371 2311 426 2395 qui
452 2315 488 2376 te
516 2309 580 2376 illis
609 2309 643 2375 in
670 2309 850 2393 regionibus
879 2310 947 2376 vice
969 2313 1080 2374 nostra
1101 2329 1141 2374 ex
1164 2311 1337 2395 apostolica
1360 2312 1546 2380 auctoritate

371 2445 505 2513 pergere
526 2425 602 2492 lecit
624 2427 657 2492 et
677 2424 712 2491 in
734 2445 867 2512 opacam
889 2425 1002 2492 silvam
1023 2424 1151 2491 lumend
1166 2426 1307 2492 veritatis
1330 2447 1387 2514 per
1405 2447 1440 2493 os
1455 2433 1545 2494 tuum

372 2543 491 2609 micare
512 2542 770 2630 praedistinavit,
799 2541 1016 2627 opitulationis
1039 2561 1115 2608 suae
1137 2541 1466 2610 misericordissimum
1488 2545 1546 2610 tri·

370 2657 449 2725 buat
470 2658 717 2739 incrementum3
742 2662 896 2742 quatenus
918 2659 959 2726 da
979 2658 1085 2724 fructu
1102 2658 1206 2744 operis
1222 2658 1337 2745 etipse
1353 2659 1458 2726 valeas
1475 2681 1545 2746 pre·

371 2775 438 2841 mia
459 2774 624 2862 percipere
646 2778 679 2839 et
699 2793 758 2840 nos
781 2774 906 2840 veniam
927 2779 1128 2860 peccatorum
1151 2774 1303 2842 invenire.
1338 2773 1424 2841 Deus
1447 2779 1479 2842 te
1497 2775 1545 2842 in·

372 2890 528 2958 columem
561 2889 731 2973 custodiat,
766 2890 1020 2956 reverentissime
1052 2891 1160 2956 irater.
1202 2889 1287 2956 Data
1317 2893 1358 2956 10
1387 2891 1545 2957 Kalendas

372 3005 574 3091 Decembris,
602 3007 778 3092 imperante
795 3006 939 3072 domno·
961 3006 1106 3094 piissimo
1136 3009 1268 3090 augusto
1296 3005 1401 3072 Leone
1430 3026 1449 3072 a
1477 3005 1545 3074 Deo

372 3128 522 3190 coronato
544 3143 659 3208 magno
681 3124 873 3210 imperatore
895 3143 977 3189 anno
1000 3121 1139 3205 decimo,
1164 3127 1237 3208 post
1259 3121 1455 3188 consulatum
1479 3122 1546 3190 eius

374 3259 456 3306 anno
486 3238 633 3323 decimo‘,
662 3239 717 3306 sed
739 3245 772 3306 et
793 3237 1000 3305 Constantino
1022 3257 1138 3322 magno
1159 3238 1351 3325 imperatore
1373 3237 1456 3305 lilio⁸
1478 3239 1545 3306 eius

374 3375 456 3422 anuo
481 3357 513 3439 7,
536 3354 706 3422 indictione
728 3355 859 3422 decima.

377 3541 437 3614 28.
465 3540 640 3628 (la-epotam
670 3543 733 3608 ΙΙΙ
749 3567 845 3630 popu
873 3542 1057 3626 Bonifatio,
1093 3543 1178 3627 qood
1210 3545 1276 3606 ium
1300 3543 1476 3628 permultos
1504 3545 1548 3608 ad

462 3647 583 3715 Corbu
595 3649 695 3734 fidem
717 3654 917 3730 converterit,
945 3649 1144 3736 protelatur,
1176 3670 1305 3734 eumque
1334 3661 1362 3714 et
1389 3651 1546 3736 arcbc'epc'-

463 3780 595 3844 scopum
607 3757 698 3842 fucit
719 3769 748 3822 et
765 3757 865 3844 pallia·
886 3761 956 3822 iure
978 3769 1079 3822 orum.
1120 3755 1177 3820 Ad
1199 3758 1264 3820 eiua
1287 3758 1546 3842 interopationca

463 3857 648 3951 respondet*
658 3858 674 3927 ¹.
1255 3859 1291 3941 (S
1310 3863 1383 3945 122,
1406 3859 1476 3927 WG
1491 3861 1546 3942 25)

463 3987 730 4054 Reverentissimo
750 3993 783 4053 et
802 3987 1000 4052 sanctissimo
1020 3985 1113 4052 fratri
1128 3984 1286 4051 Bonifatio
1303 3985 1487 4072 coepiscopo
1504 4021 1545 4031 -
1565 4015 1588 4056 o.
1603 4002 1655 4056 732

377 4105 416 4171 ad
437 4104 714 4170 inluminationem
736 4103 839 4186 gentis
852 4101 1040 4169 Germaniae
1056 4102 1107 4168 vel
1129 4103 1371 4187 circumquaque
1386 4102 1419 4167 in
1435 4101 1548 4168 umbra

447 4252 469 4284 α.
491 4236 553 4297 quod
566 4241 601 4292 M,
618 4225 662 4296 qub
680 4239 712 4293 C,-
727 4236 773 4282 nisi
789 4236 881 4282 coerciti
896 4239 925 4282 Β.
987 4235 1009 4282 b.
1032 4235 1142 4282 sedulitas
1158 4239 1187 4282 R.
1249 4247 1268 4281 c.
1288 4232 1356 4280 kmffi
1372 4238 1407 4281 M.
1469 4234 1492 4281 d.
1512 4234 1547 4281 lu-

377 4319 436 4365 mina
452 4335 512 4364 corr.
526 4319 550 4363 ἕω
564 4315 642 4364 lumen
659 4320 686 4364 C.
768 4329 788 4360 a.
808 4331 852 4361 om.
868 4319 904 4362 M.
981 4315 997 4362 l.
1017 4319 1072 4375 post
1092 4315 1234 4361 consulatum
1254 4337 1277 4346 -
1296 4313 1385 4361 decimo
1405 4317 1488 4372 scripsi
1504 4331 1547 4373 pro

377 4399 466 4459 imperii
481 4397 532 4444 οἰῑιι
548 4399 604 4444 Mc,
629 4398 658 4443 V.
673 4413 743 4454 cupra
756 4412 782 4454 p.
794 4396 831 4442 ll.
908 4409 930 4454 g.
950 4395 998 4442 filio
1014 4397 1099 4456 scripsi
1111 4411 1154 4453 pro
1169 4394 1233 4452 regni
1250 4397 1304 4442 MC.
1380 4393 1404 4440 h.
1425 4411 1455 4439 ac
1471 4397 1498 4440 Μ
1513 4393 1547 4440 4ο

380 4480 458 4534 -dv,
479 4477 519 4523 ubi
540 4499 566 4507 -
588 4478 636 4522 aiu
656 4478 760 4522 humato
781 4475 870 4537 quidem
894 4498 918 4507 -
941 4477 997 4522 ubter
1016 4477 1122 4538 Gregorii
1138 4476 1262 4523 secundi
1280 4476 1368 4522 litteras
1388 4476 1470 4536 legitur
1491 4475 1548 4522 boec

377 4559 481 4618 φὺωὶι.

448 4645 474 4699 1.
497 4643 575 4699 Ilaec
591 4642 709 4712 epistola
725 4641 790 4696 licet
806 4641 835 4696 in
853 4639 913 4696 cod.
928 4642 975 4709 (bl)
989 4645 1018 4697 et
1034 4641 1063 4698 in
1075 4639 1199 4696 Gratiani
1216 4639 1327 4694 decreto
1341 4643 1377 4705 (v.
1390 4638 1460 4694 infra
1471 4655 1498 4710 p.
1512 4639 1547 4694 92

379 4749 405 4787 n.
416 4733 443 4802 2,
459 4749 488 4803 p.
501 4733 536 4787 93
553 4748 581 4786 m
595 4732 620 4801 1,
632 4732 661 4798 2)
676 4731 809 4800 Gregorio
820 4731 848 4785 Π
865 4729 1025 4800 ascribatur,
1043 4736 1144 4800 umen,
1163 4745 1225 4784 oum
1238 4727 1415 4808 Willibaldus
1425 4728 1454 4782 in
1466 4727 1547 4782 Boui-

379 4819 437 4876 latii
453 4822 512 4876 vita
527 4820 640 4890 pallium
659 4835 677 4874 a
693 4818 826 4887 Gregorio
837 4819 878 4874 lll
895 4821 1008 4874 missum
1023 4818 1161 4874 Bonifatio
1180 4833 1240 4873 esse
1258 4822 1358 4886 narret,
1377 4815 1426 4871 has
1442 4817 1548 4871 litteras

381 4923 398 4963 a
412 4911 492 4966 tertio
509 4908 644 4979 Gregorio
661 4922 723 4963 essa
740 4908 832 4977 liquet
