4342 6034
636 751 824 799 nrmnosnn
846 750 1075 801 moeuucmau
1098 749 1136 799 ss.
1149 750 1179 799 ss
1425 733 1493 803 405

336 912 417 978 quam
444 892 483 959 ad
511 894 663 981 speciales
692 898 724 959 et
752 893 881 961 devotos
909 892 991 961 tilios
1019 912 1093 960 suos
1122 887 1195 961 cum
1222 897 1350 959 nostrae
1371 894 1493 978 gratiae
1520 904 1590 959 1156

334 1008 515 1095 plenitudine
538 1010 745 1094 remittentes,
770 996 841 1075 eum
863 1010 1064 1076 universitati
1087 1014 1212 1077 vestrae
1234 1009 1384 1077 attentius
1407 1028 1493 1076 oom-
1508 976 1603 1035 *⁰⁸³¹

333 1125 521 1207 mandamns3
556 1146 614 1213 per
643 1124 816 1211 apostolica
843 1125 932 1193 uobis
962 1126 1080 1213 scripta
1108 1126 1309 1210 mundantes,
1338 1130 1493 1211 quatenus

331 1242 425 1327 ipsum
445 1240 616 1308 honorifico
639 1246 733 1325 atque
757 1240 890 1325 benigne
914 1246 945 1307 et
966 1240 1098 1309 honeste
1120 1242 1281 1329 recipiatis
1304 1248 1337 1309 et
1359 1242 1389 1308 ei
1410 1246 1493 1307 tam·

331 1376 414 1443 qnam
434 1344 555 1443 pastori
578 1362 681 1424 vestro
704 1361 737 1423 et
758 1356 874 1423 rectori
897 1357 1075 1424 animarum
1097 1364 1292 1442 vastarum,
1321 1358 1377 1442 qui
1404 1358 1493 1425 debi-

329 1478 386 1539 tsm
407 1492 464 1560 pro
486 1472 576 1539 vobis
599 1472 841 1539 sollicitudinem
865 1473 1087 1559 comprobatur
1109 1494 1235 1558 gerere,
1263 1474 1299 1540 in
1320 1472 1388 1557 bis,
1412 1493 1493 1559 quae

330 1588 363 1654 ad
382 1588 484 1655 Deum
507 1593 540 1655 et
561 1588 602 1655 ad
625 1588 760 1655 salutem
783 1588 962 1655 animarum
983 1596 1161 1657 vestrarum
1182 1588 1342 1676 pertinere
1356 1610 1493 1656 noscun-

329 1710 381 1789 tur,
402 1724 460 1791 per
482 1705 590 1773 omnia
611 1704 740 1789 obedire
763 1705 889 1772 curetis.
922 1704 1009 1773 Data
1029 1704 1187 1773 Numae·
1210 1708 1231 1772 3
1254 1705 1328 1771 ldns
1342 1693 1490 1789 Augusti.

329 1888 382 1959 56.
405 1893 591 1959 liuthardus
624 1893 722 1959 abbae
750 1893 977 1959 Eberbaccnsc'c
1005 1892 1187 1961 Arncldcm
1220 1893 1492 1981 archiepiscopum

404 2010 644 2095 Mcpuctinum,
674 2008 885 2095 voluptatibus
912 2010 1124 2095 iudulqentem
1149 2031 1367 2101 pauperesque
1387 2010 1474 2096 περί·

401 2138 539 2211 pentem,
562 2121 789 2212 reprehendent

402 2256 529 2325 Domno
557 2256 724 2339 Atmoldo)
747 2255 809 2323 Dei
837 2256 940 2340 gratia
967 2255 1224 2341 Mogtmtinorum
1252 2257 1487 2345 archiepiscopo
1497 2266 1656 2322 1153-1158

324 2372 412 2439 irater
440 2369 664 2455 R(uthardns)¹
690 2374 838 2457 indignus
865 2355 1055 2459 humilisque
1082 2374 1226 2439 minister
1256 2394 1434 2461 pauperum
1455 2380 1489 2443 et

324 2494 532 2573 peccatorum,
567 2489 622 2575 qui
657 2490 899 2577 peregrinentur
930 2490 964 2555 in
990 2488 1174 2573 Ebcrbcch,
1206 2489 1287 2557 bene
1318 2490 1425 2557 vivere
1449 2495 1492 2557 ⁴ot

323 2624 431 2688 regere.

402 2720 493 2787 Sicut
520 2720 664 2805 iniquum
693 2724 741 2787 est
768 2718 849 2803 filio,
879 2719 1020 2787 revelare
1048 2720 1278 2806 turpitudinem
1299 2720 1416 2807 patris,
1443 2721 1490 2788 itu

323 2837 401 2921 pium
425 2842 490 2921 est,
513 2835 653 2903 revelata
674 2836 886 2923 turpitudine,
915 2834 1048 2921 pallium
1069 2835 1244 2903 honestatis
1267 2836 1487 2923 superducere.

322 2951 394 3030 Quid
416 2952 514 3037 ergo?
536 2951 608 3019 Etsi
630 2971 693 3019 non
716 2956 765 3017 est
787 2950 1011 3037 deturpantur,
1034 2951 1191 3035 numquit,
1213 2952 1242 3017 si
1262 2972 1297 3019 se
1311 2952 1418 3037 ipsum
1432 2952 1487 3019 de-

321 3072 431 3155 turpat,
455 3088 475 3135 a
496 3068 578 3135 bono
600 3064 665 3133 filio
688 3086 752 3133 uon
766 3071 815 3133 est
829 3066 1028 3150 arguendus?
1055 3066 1132 3145 Quis
1155 3066 1215 3132 hoc
1236 3066 1369 3133 dixeriti
1404 3065 1487 3145 Quin

321 3184 422 3268 pocius
444 3204 507 3251 non
531 3204 662 3269 arguere
685 3183 891 3267 ignominiam
913 3182 1054 3251 revelare
1069 3187 1134 3264 cst;
1157 3188 1190 3249 et
1203 3182 1289 3269 patri
1302 3200 1367 3247 non
1383 3182 1487 3249 occul·

321 3304 380 3367 ture
401 3300 631 3387 turpitudinem
655 3319 756 3384 suum,
779 3298 1144 3385 palliumsuperducere
1159 3302 1216 3365 est
1255 3298 1412 3376 Quoniam
1425 3299 1486 3382 igi·

322 3419 365 3481 tur
392 3416 556 3503 turpitudo
585 3418 687 3503 patris
709 3414 872 3501 turpitudo
895 3413 968 3499 filii,
996 3419 1029 3481 et
1056 3414 1158 3498 gloria
1178 3414 1280 3501 patris
1301 3414 1405 3497 gloria
1425 3414 1486 3481 tilii

322 3536 371 3614 est,
393 3532 562 3599 suademus
585 3532 770 3619 paternitati
790 3536 928 3597 vestrae:
952 3536 989 3597 ut
1002 3530 1119 3597 famam
1135 3535 1284 3614 vestrum,
1307 3550 1389 3617 quae
1404 3530 1485 3597 dura

321 3648 389 3715 satis
412 3653 471 3733 est,
494 3668 535 3715 no
557 3648 660 3714 dicam
682 3647 791 3731 fetida,
813 3666 877 3713 non
899 3646 1082 3731 negligatis3
1101 3652 1138 3739 'et
1158 3646 1248 3713 salsis
1269 3646 1485 3713 laudatoribus

320 3762 409 3831 immo
430 3764 664 3847 seductoribus,
688 3764 780 3829 sociis
802 3782 945 3847 mensae,
969 3762 1158 3829 diviciarum
1179 3762 1300 3846 amicis,
1324 3783 1405 3848 quae
1425 3784 1486 3831 sua

320 3885 388 3946 sunt
409 3879 621 3966 querentibus,
646 3879 685 3947 dc
707 3884 813 3947 vestre
835 3878 936 3946 salute
958 3878 1009 3945 rel
1030 3878 1159 3962 honore,
1183 3878 1223 3945 de
1244 3879 1398 3962 regimine
1416 3880 1484 3947 aui·

320 4014 452 4081 marum,
480 3996 519 4063 de
543 4001 628 4063 statu
651 3994 800 4063 ecclesiae
821 4015 933 4083 parum
957 3994 1156 4078 curantibus,
1183 3994 1315 4063 minime
1336 3996 1482 4063 credatis.

321 4107 472 4199 Scriptum
502 4113 587 4189 enim
615 4112 790 4179 invenitur:
822 4112 888 4194 Qut
913 4112 1044 4199 neptipc't
1056 4112 1187 4197 famam
1208 4135 1316 4192 suam,
1346 4114 1483 4179 ceadda

320 4223 376 4293 αι’
398 4234 430 4295 et
451 4228 526 4313 qnia
547 4233 671 4315 oportet
694 4228 877 4315 episcopum
892 4227 1008 4295 bonum
1023 4226 1241 4293 testimonium
1255 4227 1371 4297 habere
1386 4230 1483 4297 ctiam

321 4341 355 4409 ab
375 4342 434 4429 his,
456 4345 510 4431 qni
532 4344 610 4411 foris
632 4340 734 4413 sunu.

386 4481 406 4513 a.
428 4468 489 4515 Nar’n
505 4486 525 4515 e.
604 4468 626 4515 b.
649 4486 679 4515 ιτ
699 4468 751 4515 cod.
772 4470 815 4515 lat.
836 4470 973 4515 Monuni
993 4467 1069 4514 13079
1089 4466 1223 4525 (samson
1237 4470 1280 4513 cic.
1296 4465 1341 4524 ’19)
1360 4468 1480 4514 ambron.

320 4560 374 4591 saec.
384 4550 434 4595 111
445 4550 490 4605 fot.
501 4549 554 4595 195.

384 4627 408 4679 1.
431 4624 587 4681 Ruthardus
605 4638 677 4681 anno
697 4626 764 4679 1131
784 4622 870 4679 abbas
888 4622 1089 4697 Eberbacensis
1106 4622 1197 4679 tactus
1215 4626 1266 4692 ast,
1287 4622 1401 4691 eiusque
1419 4638 1479 4685 suc-

322 4722 405 4765 cessor
422 4712 596 4769 Eberhardus
619 4714 674 4767 iam
698 4714 726 4767 in
749 4713 902 4767 anni1158
924 4712 1019 4767 tabula
1039 4716 1187 4783 comparet
1214 4712 1249 4768 V.
1267 4711 1324 4766 Ber
1340 4711 1479 4782 Dipioma-

320 4796 399 4853 tischc
417 4800 578 4857 Gaschichte
595 4818 650 4857 von
667 4800 812 4856 Ebcrbach
829 4817 856 4870 p.
871 4802 922 4856 151
941 4806 970 4855 ct
987 4802 1048 4855 230.
1136 4802 1162 4855 2.
1186 4799 1359 4869 Augustinus
1377 4801 1406 4855 in
1423 4816 1479 4855 ser·

322 4898 394 4941 mone
411 4890 461 4965 355
480 4893 532 4945 c.1
552 4890 631 4960 (Opp.
651 4888 694 4945 ed.
713 4889 817 4945 Oaillau
835 4890 868 4945 T.
881 4890 948 4944 XXI
966 4904 993 4959 p.
1006 4890 1078 4958 348).
1169 4890 1194 4945 3.
1220 4888 1365 4945 l'limoth.
1378 4890 1404 4961 3,
1417 4890 1443 4948 t.
