4342 6034
566 753 592 800 S.
609 752 784 799 sommam
806 753 850 799 ET
872 754 974 800 LULLI
996 752 1183 800 EPISTOLAE
1202 752 1240 799 62.
1256 752 1287 798 63
1450 735 1510 801 181

352 916 440 978 grana
462 894 643 979 euangelica
665 894 856 981 plantantes,
882 894 995 960 vestris
1019 894 1227 961 sacrosanctis
1249 894 1443 961 orationibus
1459 896 1514 961 ad·
1532 902 1674 959 744-747

351 1013 499 1096 inremur,
523 1016 556 1077 et
577 1010 723 1097 precibus
747 1011 923 1077 sanctitatis
946 1012 1127 1077 vestraein
1149 1010 1240 1076 nobis
1264 1030 1355 1076 sevus
1377 1010 1514 1097 Babylo·

350 1128 429 1193 nicae
451 1127 545 1193 ardor
566 1128 799 1210 restinguatur·
820 1126 982 1211 flammae,
1007 1131 1039 1192 et
1061 1146 1174 1213 sparsa
1196 1126 1290 1192 sulcis
1315 1126 1356 1191 ad
1376 1127 1514 1193 fructum

351 1242 551 1330 multiplicata
573 1248 705 1327 surgant
728 1243 857 1309 semina.
894 1242 973 1321 Quia
987 1242 1078 1309 iuxta
1093 1242 1212 1308 dietum
1229 1241 1377 1329 apostoli:
1403 1244 1515 1331 Neque

351 1364 400 1445 poi
415 1361 542 1446 plantat
563 1383 664 1446 acque
687 1363 745 1447 qui
764 1363 850 1446 ripas
873 1374 917 1425 cat
933 1360 1067 1445 aliquid,
1093 1361 1148 1424 sed
1162 1359 1251 1424 Deae
1271 1362 1329 1445 qai
1341 1362 1513 1425 incremen-

351 1488 406 1541 tum
434 1470 524 1553 dat¹3
552 1489 587 1542 ot
614 1478 705 1541 detur
732 1477 945 1541 noeaoeane
975 1479 1010 1540 io
1040 1478 1202 1561 apertione
1231 1471 1324 1556 occist,
1357 1488 1386 1541 et
1413 1498 1513 1541 sermo

351 1592 475 1657 ueneat
503 1606 611 1657 currat
640 1605 669 1657 et
696 1584 909 1675 clorfioetar·³.
1002 1588 1126 1655 Interea
1153 1610 1319 1673 rogamus:
1348 1594 1385 1656 ut
1408 1590 1515 1675 aliqua

350 1707 383 1772 de
403 1692 561 1793 opusculis
590 1706 785 1790 sagacissimi
807 1706 1043 1789 investigatoris
1068 1706 1297 1793 scripturarum
1313 1706 1423 1773 Bedan
1446 1726 1514 1773 mo-

349 1820 457 1907 nachi‘‚
482 1844 578 1908 quem
601 1842 702 1909 nuper
724 1822 757 1888 in
781 1822 874 1888 domo
889 1822 950 1888 Dei
974 1822 1058 1908 apud
1080 1842 1136 1887 vos
1160 1823 1228 1889 vice
1251 1822 1400 1889 candelae
1415 1822 1514 1890 eccle·

349 1939 464 2006 siastice
486 1940 621 2005 scientia
635 1940 862 2025 scripturarum
877 1936 1003 2004 fulsisse
1019 1937 1207 2023 audivimus,
1231 1939 1409 2025 conscripta
1423 1939 1514 2006 nobis

349 2056 556 2121 tansmittere
580 2054 761 2139 dignemini.
801 2052 844 2119 Et
867 2054 893 2119 si
916 2053 1006 2119 vobis
1021 2052 1213 2120 laboriosnm
1227 2054 1359 2139 nonsit,
1382 2059 1419 2121 nt
1433 2054 1514 2122 oloc-

349 2190 410 2237 oam
431 2192 529 2239 unam
551 2170 641 2237 nobis
663 2170 898 2255 transmittatis,
922 2168 1059 2253 grandeb
1083 2169 1235 2237 solacium
1249 2171 1513 2257 peregrinationis

349 2292 465 2354 nestmc
488 2287 732 2354 transmittitis.

426 2404 481 2471 Ad
504 2404 657 2469 indicium
680 2422 803 2488 qnoque
831 2402 942 2467 intime
970 2401 1111 2467 caritatis
1139 2398 1350 2469 lectistemia‘
1372 2404 1514 2490 caprina,

350 2521 421 2587 sicut
441 2522 496 2587 hio
525 2524 654 2603 vocant,
685 2518 774 2585 robis
803 2516 985 2584 direximus.
1033 2517 1119 2596 Quae
1141 2518 1295 2604 petimus,
1322 2518 1398 2586 licet
1420 2520 1534 2604 digna'

349 2658 403 2703 non
424 2638 502 2721 sint,
525 2642 562 2702 nt
583 2656 641 2722 pro
664 2634 818 2701 memoria
840 2633 1030 2720 suscipiatis.
1122 2632 1218 2699 Alma
1234 2633 1373 2702 Trinitas
1397 2640 1430 2702 et
1452 2656 1516 2703 una

350 2753 488 2820 divinitas
512 2753 744 2819 fraternitatem
771 2754 910 2816 vestram
940 2754 972 2815 et
999 2748 1051 2815 hie
1079 2750 1196 2816 sanctis
1225 2750 1396 2819 virtutibus
1419 2750 1515 2838 profi-

350 2870 476 2937 cientem
507 2890 544 2935 ao
570 2868 727 2935 unientem
757 2871 870 2950 augeat
899 2870 931 2931 et
959 2864 1116 2931 custodiat
1139 2866 1226 2931 etin
1249 2866 1515 2934 futurabeatitn·

350 2986 424 3071 dine,
447 2988 532 3052 intcr
555 2984 722 3072 splendida
745 2982 927 3065 angelorum
944 2982 1071 3065 agmina
1085 2981 1258 3065 gaudentes
1273 2984 1514 3068 remunerando,

350 3101 503 3184 glorificet.

823 3187 1037 3197 —-—..-.-—

353 3314 406 3385 63.
429 3316 612 3382 Zacharias
635 3336 729 3400 popo
756 3312 923 3397 Boap‘otc'o
953 3312 1126 3398 significat,
1162 3334 1194 3377 ae
1223 3312 1367 3400 Pippe'oo
1400 3316 1519 3378 arciori

431 3434 560 3511 domas,
590 3432 629 3495 de
658 3452 693 3494 rc
720 3428 910 3493 sacerdotali
931 3440 960 3493 ot
983 3429 1145 3515 cooiapalc'
1166 3429 1355 3508 comedenti,
1384 3450 1516 3515 respon-

432 3550 524 3614 da'ace.
579 3546 619 3610 Io
654 3546 785 3610 concilio
816 3557 844 3609 ct
871 3566 1023 3631 responso
1056 3568 1115 3610 aaa
1141 3547 1272 3610 recitari
1298 3557 1328 3610 et
1354 3544 1519 3610 Aldeberaa'

437 3662 627 3733 Godalaact'e'
641 3660 804 3727 Clementia
820 3664 1076 3747 coepiscoporum
1092 3684 1221 3726 caueam
1235 3662 1336 3727 denuo
1352 3664 1408 3747 api
1419 3659 1515 3725 volit

1131 3772 1515 3859 (maumam

432 3911 698 3981 Reverentissimo
728 3914 760 3976 et
786 3909 985 3976 sanctissimo
1014 3908 1122 3976 fratri·
1144 3908 1302 3975 Bonifatio
1331 3908 1516 3995 coepiscopo
1544 3916 1596 3971 747

352 4028 511 4097 Zacharias
535 4048 645 4095 servus
668 4046 830 4093 servorum
853 4025 922 4092 Dei.
1534 3990 1605 4037 ¹¹²⁵

434 4144 588 4231 Egregius
611 4163 669 4209 nos
694 4147 853 4209 ammonet
875 4142 985 4209 beatus
1005 4140 1166 4228 apostolus
1180 4138 1298 4206 Paulus
1312 4140 1347 4205 in
1362 4160 1410 4224 eo,
1434 4140 1517 4225 quod

354 4260 407 4325 ait:
432 4264 608 4329 Imrtutoroe
631 4264 693 4326 met
714 4272 816 4339 estote,
841 4262 922 4325 siout
944 4271 972 4324 et
995 4280 1049 4343 epo
1074 4251 1216 4323 Ctraoff.
1256 4254 1339 4322 Hinc
1361 4260 1410 4323 est
1432 4276 1517 4340 ergo,

354 4380 385 4440 ut
405 4396 459 4462 per
481 4376 627 4465 spiritale
650 4375 792 4442 caritatis
814 4373 991 4458 vinculum,
1021 4373 1081 4440 etsi
1104 4392 1236 4459 corpore
1260 4372 1421 4454 absentes,
1453 4372 1519 4459 spi-

421 4522 439 4556 a
460 4513 626 4569 restringuntur
648 4512 682 4555 M.
772 4508 795 4553 b.
819 4506 903 4565 mande
926 4530 946 4538 -
965 4506 1120 4553 manumittitis
1145 4509 1177 4552 Μ.
1264 4519 1285 4551 c.
1309 4506 1468 4551 transmittatis
1491 4504 1518 4551 V.

356 4585 376 4630 d.
395 4604 423 4633 ex
436 4594 462 4636 Μ
477 4590 630 4643 θῦν-4091,
648 4588 712 4636 028
722 4588 810 4633 -29ra
833 4588 886 4634 Sine
901 4588 1004 4632 lemmate
1020 4590 1060 4643 M,·
1082 4584 1186 4645 Epistola
1202 4584 1324 4631 Zachariae
1340 4598 1413 4645 papae
1429 4585 1459 4631 sd
1473 4584 1518 4630 Bo·

357 4665 450 4715 nihtiun
465 4668 661 4729 antiepiscopum
679 4668 705 4715 C.
783 4682 803 4712 a.
825 4683 867 4713 om.
884 4670 918 4713 M.

425 4764 445 4816 l.
464 4762 613 4818 lcorinth.
627 4764 652 4831 3,
666 4764 691 4817 7.
754 4762 780 4816 2.
799 4760 939 4831 Ephes.6,
954 4760 995 4815 19.
1055 4761 1080 4814 3.
1100 4759 1293 4827 iTheasal.3,
1307 4760 1331 4813 1.
1390 4759 1417 4814 4.
1436 4773 1519 4828 quem

359 4844 607 4907 aethnaeae
625 4848 726 4907 obiisse
744 4855 861 4905 comtat.
932 4850 958 4904 5.
982 4849 1045 4904 lecti
1063 4848 1208 4917 opertoria.
1286 4848 1312 4902 6.
1332 4846 1423 4903 IGor.
1437 4848 1479 4918 11,
1493 4848 1517 4902 1.
