4342 6034
673 690 741 757 552
929 705 1092 755 uonaour
1113 704 1301 755 immersus
1322 706 1402 753 rme
1425 704 1599 753 annueres

674 852 765 930 runt;
788 847 829 913 ad
849 848 935 915 buno
955 868 1055 914 unum
1076 846 1146 913 sine
1166 866 1273 913 errore
1287 850 1450 931 venerunt,
1474 846 1532 913 soli
1548 866 1646 913 unum
1659 852 1817 915 concentum

673 984 751 1031 suae
772 962 996 1030 modulationis
1018 966 1283 1050 concrepuerunt3
1307 962 1348 1028 ad
1369 962 1518 1029 intuitum
1543 963 1610 1029 eius
1625 962 1821 1031 homiueenou

674 1080 832 1164 fugeruut,
855 1079 958 1145 cibum
983 1078 1023 1145 ab
1046 1078 1225 1147 hominibus
1249 1079 1470 1165 inperterritae
1493 1084 1711 1165 susceperunt,
1733 1084 1761 1145 et
1779 1079 1822 1145 sil·

673 1200 805 1277 satra,
827 1200 864 1261 ut
878 1194 1074 1278 videbantur,
1091 1194 1317 1261 blandientium
1333 1200 1437 1263 motus
1452 1200 1616 1263 mansuete
1631 1200 1824 1281 susceperuut

674 1310 762 1379 Haec
783 1312 1001 1394 euimagere,
1028 1310 1161 1377 rationis
1185 1309 1349 1377 consilium
1374 1316 1430 1377 eet
1522 1309 1556 1377 si
1579 1315 1685 1406 autem
1707 1310 1761 1377 hoc
1780 1310 1826 1375 ali-

676 1427 751 1511 quid
775 1426 938 1508 abhouet,
968 1446 1009 1493 ne
1038 1426 1168 1513 spiritus
1198 1426 1295 1492 fuisse
1320 1426 1494 1509 videantur,
1524 1426 1671 1511 quoniam
1695 1446 1828 1513 corporeo

674 1547 769 1629 pastu
798 1541 980 1625 alebantur,
1008 1562 1112 1607 uonue
1134 1540 1246 1607 horum
1270 1541 1416 1629 exempla
1437 1541 1546 1607 multis
1568 1542 1602 1607 in
1623 1542 1702 1609 locis
1723 1542 1831 1609 iuveni·

674 1658 791 1725 untur?
819 1657 872 1723 Ad
899 1657 1060 1723 Abraham
1090 1677 1195 1723 nonne
1223 1658 1354 1744 spiritus
1383 1657 1516 1741 angelici
1545 1664 1716 1742 venerunt,
1745 1658 1832 1723 etde

674 1774 762 1840 caelo
785 1773 1009 1840 descendentes
1031 1772 1108 1839 fessi
1130 1773 1251 1856 vocati,
1282 1774 1335 1858 qui
1358 1793 1532 1859 numquam
1556 1773 1749 1857 esurierunt,
1771 1793 1832 1839 cum

673 1890 744 1975 ipso
766 1888 989 1956 comederunt?
1013 1890 1137 1955 Idcirco
1160 1888 1264 1973 iuquit
1286 1888 1465 1955 declinastis
1487 1892 1531 1955 ad
1545 1912 1668 1955 sonum
1682 1886 1832 1957 ueremni

673 2004 815 2073 Medicus
837 2003 954 2071 Tobiae
976 2003 1138 2091 Raphahel
1160 2024 1264 2071 noune
1287 2002 1397 2070 diebus
1421 2004 1591 2089 aliquantis
1608 2005 1695 2071 visus
1711 2010 1832 2073 estoum

673 2120 853 2187 hominibus
875 2120 1056 2206 premisse?
1079 2119 1139 2198 Qui
1162 2126 1269 2185 tamen
1292 2140 1477 2186 reversurus
1502 2120 1597 2187 dixit:
1621 2122 1756 2187 Videbar
1770 2126 1831 2209 qai·

673 2241 744 2304 dem
770 2239 963 2303 madescere
983 2238 1158 2313 vobiscum
1187 2238 1243 2301 ead
1271 2259 1326 2322 epo
1350 2237 1418 2302 cibo
1441 2239 1597 2303 inabitat
1617 2250 1646 2303 at
1661 2252 1759 2325 pota,
1787 2242 1833 2324 qai

674 2354 714 2419 ab
742 2353 919 2419 tmoioiboo
941 2354 1045 2417 sidera
1064 2376 1128 2417 noo
1146 2366 1267 2439 potest,
1297 2346 1395 2418 κίον’.
1431 2350 1605 2419 Videbatur
1627 2353 1833 2420 comederent

673 2489 738 2535 non
760 2466 958 2548 comedebat;
990 2472 1150 2533 ettamen
1174 2467 1262 2533 cibus
1285 2466 1333 2533 illi
1357 2468 1520 2553 appositus
1544 2488 1605 2535 nou
1629 2475 1678 2535 est
1700 2470 1832 2536 inventus

674 2582 826 2669 amplius;
854 2587 891 2649 ut
917 2603 991 2649 vere
1019 2583 1165 2649 credatur
1193 2584 1266 2649 talis
1289 2584 1439 2649 comestio
1461 2584 1567 2669 potius
1591 2584 1698 2669 aliqua
1719 2586 1833 2671 dispeu-

673 2699 796 2767 satione
818 2706 1005 2784 cousumpta
1027 2719 1106 2781 esse,
1131 2720 1225 2783 quam
1248 2699 1422 2786 spiritalem
1446 2698 1606 2767 levitatem
1622 2700 1761 2785 aliquam
1775 2720 1833 2765 cor·

674 2835 804 2902 porcam
826 2816 1014 2897 gravitatem
1036 2815 1253 2901 insumpsisse.
1290 2814 1380 2881 Unde
1403 2820 1435 2881 et
1457 2814 1511 2881 ille
1534 2817 1681 2902 spiritus,
1712 2818 1761 2883 cui
1782 2814 1834 2883 Ge

674 2931 755 2997 deon
776 2930 863 2997 coxit
884 2929 1092 3015 pulmentum,
1116 2949 1188 2996 cum
1210 2931 1259 2996 ius
1282 2951 1377 3017 super
1395 2938 1518 3017 petram
1534 2930 1755 3014 effunderetur,
1776 2952 1834 2997 ma·

674 3067 751 3113 uum
778 3045 938 3128 extendit,
969 3044 1056 3111 cibos
1082 3045 1174 3129 uirga
1201 3046 1307 3129 tetigit
1338 3052 1370 3113 et
1398 3046 1594 3132 pulmentum
1617 3046 1696 3115 illud
1718 3046 1834 3114 flamma

674 3161 864 3247 procedente
892 3154 1114 3247 consumpsit⁸.
1206 3161 1257 3229 Ab
1280 3162 1329 3228 his
1354 3183 1427 3246 ergo
1451 3162 1629 3229 volucribus
1652 3164 1707 3249 qui
1730 3164 1832 3230 ecimus

674 3282 781 3343 utrum
808 3275 863 3342 ille
891 3282 1048 3343 comestus
1076 3277 1119 3344 sit
1141 3277 1229 3344 cibus
1253 3296 1294 3345 au
1318 3278 1424 3363 aliqua
1447 3277 1709 3365 incomprehensa
1730 3280 1833 3347 virtute

673 3392 898 3478 consumptus?
921 3392 1013 3476 Nam,
1037 3393 1065 3458 si
1086 3397 1252 3479 tantopere
1274 3394 1392 3461 carnali
1416 3394 1500 3462 victu
1521 3394 1695 3479 indiguere,
1719 3392 1832 3461 cumab

672 3508 728 3575 illo
751 3508 896 3593 aberant,
926 3508 1000 3593 quid
1023 3508 1209 3577 comedere?
1240 3514 1373 3575 auteur
1396 3510 1481 3597 apud
1503 3510 1586 3577 huuc
1609 3516 1642 3577 ot
1662 3531 1727 3577 nou
1749 3511 1831 3577 etiam

673 3624 758 3710 apud
781 3623 860 3689 alios
882 3624 1065 3690 comedere?
1087 3624 1169 3709 Aut,
1193 3625 1221 3691 oi
1243 3625 1385 3692 volucres
1409 3631 1514 3711 erant,
1536 3626 1692 3711 numquid
1714 3626 1831 3693 creduu-

673 3744 727 3805 tur
748 3759 874 3825 semper
895 3740 991 3805 simul
1010 3740 1135 3807 fuisset.
1151 3742 1178 3807 si
1194 3747 1298 3809 eutem
1316 3742 1486 3827 dispersae,
1510 3740 1585 3826 quid
1600 3742 1756 3809 oredimus
1769 3760 1831 3809 eou-

673 3856 817 3939 grevevit
839 3874 903 3938 eas,
926 3856 1091 3940 nuncians,
1115 3858 1296 3944 episcopum
1320 3857 1504 3925 Adeldevile
1526 3858 1668 3923 futurum
1692 3858 1778 3925 escol
1797 3856 1833 3923 Et

674 3991 771 4057 quere
793 3991 951 4057 nmquam
973 3972 1035 4039 alio
1058 3974 1165 4041 visae?
1188 3979 1234 4057 ot,
1258 3974 1285 4039 si
1308 3974 1410 4057 visae,
1433 3993 1489 4039 our
1511 3972 1590 4039 nulli
1613 3974 1758 4057 agnitae?
1779 3972 1833 4041 Gur

673 4092 781 4155 autom
812 4087 926 4153 harum
952 4087 1115 4155 volucrum
1145 4096 1255 4157 cautus
1283 4088 1425 4176 pontifici
1453 4089 1524 4177 plus
1554 4088 1690 4157 aliarum
1718 4090 1831 4158 vocibus

673 4202 842 4289 placuere?
931 4203 1061 4288 Aliquid
1095 4204 1193 4288 igitur
1226 4205 1300 4273 binc
1328 4204 1472 4292 spiritale
1500 4206 1730 4289 coniectamur;
1760 4202 1831 4291 quod

673 4324 782 4385 utrum
808 4338 918 4386 verum
941 4320 984 4385 eit
1006 4320 1186 4387 omnimodo
1208 4341 1272 4387 nou
1294 4320 1480 4408 probamus:
1508 4320 1610 4387 Locus
1632 4321 1688 4389 ille
1709 4343 1729 4388 a
1751 4319 1830 4402 vulgo

673 4433 832 4519 Eldevile,
860 4455 935 4501 vero
964 4440 1069 4502 autem
1097 4436 1224 4503 nomine
1252 4436 1450 4503 Alta-villa
1478 4443 1622 4520 vocatur3
1652 4442 1685 4503 et
1710 4437 1753 4503 ibi
1773 4436 1829 4501 siro

674 4550 817 4617 volucres
839 4550 873 4617 iu
896 4550 1111 4637 superioribus
1133 4550 1290 4636 volantes,
1321 4552 1387 4619 sive
1415 4552 1512 4639 aliqui
1534 4554 1664 4641 spiritus
1687 4552 1781 4619 sancti
1799 4550 1827 4615 iu

675 4666 890 4753 superioribus
912 4666 1102 4751 habitantes,
1125 4672 1268 4733 sanctum
1292 4668 1395 4733 virum
1418 4668 1603 4750 visitabaut3
1626 4669 1710 4754 quia,
1732 4667 1780 4753 qui
1798 4682 1826 4728 ⁸0

746 4799 772 4853 1.
797 4796 898 4853 cena.
913 4798 955 4868 18,
968 4798 994 4853 s.
1083 4800 1110 4853 a.
1132 4796 1202 4855 rou.
1217 4799 1314 4869 1219.
1405 4798 1712 4869 3.1udio.6‚19-21.
