4342 6034
688 788 874 837 cannones
895 788 1123 839 nocnunnsnn
1146 791 1176 837 na
1449 772 1514 839 349

357 943 398 995 sat
418 930 542 1016 la'qsoda'
561 942 656 1017 atqua
676 932 827 1013 salvandi,
850 935 1046 1019 mancipem
1068 946 1097 999 et
1117 934 1153 997 a'n
1175 933 1227 997 die
1249 935 1388 997 amotam
1398 934 1513 1019 prodi·
1532 938 1585 995 95⁶

356 1057 432 1125 ure,
460 1046 575 1111 aanor·
600 1049 687 1129 dieo,
718 1050 793 1113 inde
818 1050 933 1114 reddat
957 1051 1120 1113 renonem.
1155 1047 1236 1113 Tum
1265 1047 1348 1133 quod
1369 1047 1515 1113 monachi

354 1158 666 1245 Magadacbnrgensis
694 1162 836 1229 coenobii
864 1163 971 1229 codam
1001 1162 1166 1249 privilegio
1189 1184 1208 1228 a
1230 1164 1318 1230 vobis
1341 1163 1516 1248 vestrisque

354 1276 598 1343 antecessoribus
613 1284 688 1344 sunt
703 1278 935 1360 adminiculati3
951 1284 1019 1344 tum
1034 1278 1118 1363 qnod
1134 1278 1374 1345 minorationem
1388 1284 1516 1345 nostrae

354 1390 431 1456 sadis
459 1392 760 1479 translationemque
787 1394 1072 1461 Halbcrcstetensis
1099 1394 1250 1461 acclesiae
1275 1414 1326 1460 me
1353 1394 1515 1460 virenon

353 1508 550 1575 consentiam.
1135 1571 1138 1579 ,

435 1622 600 1709 Siquidem
629 1622 716 1710 quis¹
744 1646 764 1691 a
790 1625 879 1692 falsis
906 1626 1070 1713 prophetis
1099 1662 1140 1673 -
1163 1624 1295 1693 Romam
1325 1625 1453 1692 veniens
1480 1625 1514 1690 in

353 1740 545 1806 vestimentis
568 1741 690 1826 ovium,
719 1742 907 1809 intrinsecus
931 1747 1036 1809 autem
1059 1762 1160 1829 rapax
1181 1738 1304 1828 lupus’‚
1328 1760 1404 1807 auro
1428 1760 1514 1823 gem-

352 1855 471 1941 misque
491 1856 623 1923 farsitus
646 1892 687 1905 -
711 1857 785 1924 inde
806 1858 942 1943 rediens,
963 1860 1115 1925 iactatur:
1140 1878 1173 1925 se
1196 1858 1281 1923 domi
1302 1856 1385 1923 ferre
1408 1856 1514 1923 nescio

352 1972 435 2037 euius
463 1992 595 2039 munere
621 1978 670 2039 tot
698 1972 813 2060 pallia,
843 1979 920 2059 quot
941 1974 1032 2058 velit,
1062 1980 1169 2061 empta
1192 1979 1335 2041 centnm·
1357 1972 1447 2038 libris
1475 2008 1510 2021 -

352 2086 429 2171 qnod
452 2086 607 2153 absonum
628 2088 707 2155 mitri
731 2110 751 2155 a
772 2095 879 2156 uestra
901 2089 1073 2176 apostolica
1095 2090 1261 2155 maiestate
1276 2108 1369 2175 posse
1383 2086 1454 2154 fieri
1468 2088 1514 2152 vi-

352 2203 439 2269 detur
453 2240 497 2251 -
513 2204 618 2270 ferens
632 2185 821 2290 apostolicas
837 2206 1016 2291 aepistulas,
1039 2204 1206 2272 habentes:
1231 2203 1404 2290 apostolica
1418 2202 1515 2269 maie-

352 2324 428 2386 state
448 2319 573 2386 ticinum
593 2320 662 2387 iore
682 2321 761 2405 regi,
785 2320 945 2407 episcopia
965 2322 1012 2387 ita
1033 2322 1189 2406 ordinare,
1213 2319 1358 2406 quesibi
1380 2320 1513 2406 placeat

352 2432 398 2501 ru
417 2435 536 2519 inscio,
559 2456 623 2501 non
644 2437 678 2502 id
698 2436 848 2503 idoneum
869 2436 976 2518 robar3
1001 2457 1053 2504 ma
1075 2438 1160 2522 dico,
1185 2437 1238 2522 qui
1260 2436 1361 2522 prins,
1386 2434 1515 2503 Germa·

351 2552 419 2618 niae
432 2551 619 2638 Galliaeque
641 2552 722 2619 atter
742 2554 834 2619 iuxta
854 2553 1115 2620 christianitatem
1140 2572 1160 2623 a
1181 2552 1281 2637 uobis,
1305 2553 1332 2617 si
1356 2552 1431 2637 quid
1447 2560 1515 2617 cor-

351 2666 471 2751 rigendi
499 2673 598 2753 esset,
627 2668 785 2753 corrigere
810 2669 989 2754 debuerim,
1017 2690 1075 2753 ego
1105 2690 1124 2735 a
1152 2670 1278 2735 nemine
1300 2668 1363 2735 nisi
1385 2688 1405 2733 a
1427 2668 1515 2735 vobis

351 2782 478 2868 pulsari.

434 2899 528 2966 Hanc
554 2900 672 2987 quippe
692 2907 821 2967 nostrae
842 2899 1013 2967 aecclesiae
1034 2899 1165 2986 predam
1190 2898 1217 2965 si
1238 2899 1284 2965 ita
1305 2898 1440 2966 stabiliri
1460 2919 1516 2966 vor

351 3013 458 3101 libeat,
487 3016 578 3103 prins
606 3016 773 3083 mittentur
801 3016 972 3102 aepistulas
994 3016 1110 3082 domne
1132 3020 1241 3082 nostru
1263 3015 1348 3098 regi,
1376 3014 1516 3099 mihique

351 3132 446 3198 rastri
472 3132 691 3199 misericordia
710 3139 816 3199 vestro
837 3132 971 3216 sicario,
999 3126 1219 3216 Brunsniqnc'
1242 3136 1370 3197 sanetae
1392 3130 1516 3197 Coloni·

353 3249 431 3315 ensis
454 3248 608 3315 cedenac
630 3248 881 3334 archiepiscopo,
910 3252 1100 3333 sanctaeque
1123 3248 1324 3315 Transrensis
1348 3246 1517 3313 aecclesiae

353 3360 527 3431 Bnodbarto
550 3364 803 3452 archiepiscopos
826 3364 895 3431 loco
917 3384 979 3450 quo
1001 3364 1091 3432 vobis
1113 3364 1300 3450 placeat-
1320 3364 1398 3429 mihi
1420 3363 1517 3429 caris-

354 3478 464 3545 simum
486 3478 666 3563 Mogentiae
689 3473 731 3528 ’-
755 3480 922 3547 concitium
948 3485 1130 3547 sanctorum
1157 3480 1292 3547 fratrum
1320 3486 1515 3565 aggregetur.

354 3590 455 3661 Primo
482 3594 563 3662 inibi
584 3595 624 3662 dc
645 3598 731 3663 statu
754 3600 882 3663 saumae
904 3596 1070 3680 aeclesiae,
1100 3594 1139 3662 de
1163 3596 1318 3682 episcopis
1342 3596 1517 3662 excaecatis

354 3716 384 3775 ct
403 3731 424 3778 a
445 3710 573 3779 sedibus
601 3712 668 3777 suis
696 3712 837 3779 reiectis:
867 3712 907 3779 de
935 3732 1028 3779 caseo
1050 3711 1205 3796 Hermio,
1235 3718 1267 3779 et
1295 3712 1335 3779 de
1356 3711 1517 3797 Romano,

354 3822 534 3895 Laudicensi
567 3827 720 3895 acclesiae
752 3828 902 3895 canonice
929 3834 962 3895 et
990 3828 1134 3912 legaliter
1161 3828 1352 3894 intronizato
1382 3848 1518 3913 moxque

355 3960 440 4010 merc
460 3944 559 4010 villici
580 3944 650 4010 sinc
672 3964 768 4011 cansa
790 3945 898 4029 eiecto,
921 3945 1117 4029 caeterisque
1138 3943 1221 4010 loliis
1237 3944 1374 4024 triticum
1391 3948 1518 4011 sanotae

356 4056 502 4127 aetenae
524 4058 749 4127 mffocmtibns
771 4080 867 4127 causa
889 4066 1009 4144 agetur.
1048 4058 1134 4145 Post,
1158 4080 1214 4125 vos
1237 4060 1356 4145 adiens,
1379 4064 1519 4127 vestram

357 4175 515 4260 appellans
542 4176 749 4263 apostolicam
778 4176 980 4260 dignitatem,
997 4177 1125 4242 mittar
1153 4176 1193 4241 ad
1221 4182 1345 4243 exteras
1374 4176 1518 4243 nationes

356 4306 448 4357 eausa
467 4292 702 4379 predicationis,
725 4292 753 4358 si
774 4294 892 4359 nostris
913 4312 977 4359 nen
1001 4289 1061 4359 sim
1077 4292 1281 4359 necessarius.
1317 4292 1360 4357 Et
1374 4292 1408 4357 id
1423 4291 1517 4376 malo,

357 4422 447 4488 quam
468 4408 575 4477 ridere
596 4408 682 4475 mala
702 4413 830 4476 nostras
852 4408 1004 4478 aculeum
1026 4414 1060 4477 et
1080 4414 1276 4489 sanctorum3
1305 4408 1355 4473 sin
1378 4407 1518 4493 alioquin

425 4607 535 4653 aec.

426 4708 450 4761 1.
471 4708 642 4764 flammatus
659 4707 747 4764 abbas
762 4707 916 4763 rudensis.
986 4708 1012 4763 2.
1034 4706 1132 4764 nauh.
1145 4708 1170 4779 ⁷,
1185 4710 1232 4763 15:
1254 4706 1417 4777 „Attendite
1436 4721 1453 4760 a
1470 4702 1519 4760 isl-

362 4791 397 4846 tit
411 4796 554 4882 temtatur,
573 4798 620 4868 qni
637 4797 752 4853 veniunt
768 4796 806 4851 ad
822 4810 874 4853 vos
891 4796 920 4851 in
937 4797 1108 4852 vestimentis
1125 4796 1226 4867 ovium,
1244 4796 1407 4851 intrinsecus
1426 4798 1519 4851 autam

363 4888 422 4937 sunt
436 4884 489 4955 lupi
506 4886 652 4958 rapacas“.
740 4886 768 4941 3,
791 4884 813 4940 L
