4342 6034
643 771 709 836 286
885 788 912 836 s.
927 786 1105 835 normann
1128 787 1172 833 nr
1193 786 1297 833 num
1318 786 1505 835 nrrsronnn
1528 786 1574 832 sco

484 937 625 992 seo-778
642 948 701 1014 per
727 927 851 995 litteras
878 927 1078 994 adinvicem
1101 926 1300 993 salutationis
1324 928 1459 1011 dirigere
1482 926 1580 993 verba
1602 930 1635 993 et
1657 924 1697 991 dc
1721 923 1814 990 rebus

643 1044 747 1127 dignis
771 1048 865 1128 atque
887 1042 1016 1110 utilibus
1039 1048 1191 1125 tractare;
1221 1062 1263 1109 ne
1291 1062 1382 1109 mens
1411 1042 1532 1109 scilicet
1557 1042 1710 1124 sollicita,
1740 1040 1815 1124 qnid

642 1158 682 1226 de
705 1164 789 1225 statu
812 1159 905 1224 amici
926 1158 1034 1225 divina
1055 1158 1291 1245 dispensatione
1313 1162 1345 1224 et
1366 1158 1483 1224 iudicio
1499 1162 1620 1241 agatur,
1644 1156 1695 1223 vel
1709 1155 1815 1221 taedio

643 1274 762 1341 diutius
791 1273 955 1341 adficiatur
982 1273 1033 1340 vel
1063 1275 1159 1341 anxia
1185 1294 1293 1341 rernm
1314 1272 1538 1339 incertitudine
1560 1272 1676 1339 cotidie
1698 1274 1814 1355 gemm

642 1389 810 1468 Quocirca·
832 1391 866 1456 in
889 1390 1002 1477 primis
1024 1390 1206 1474 diligentius
1230 1388 1403 1456 salutantes
1425 1409 1484 1475 per
1505 1388 1589 1455 huno
1608 1386 1754 1471 gerulum
1769 1386 1816 1451 vi·

641 1506 742 1572 sitans
764 1506 969 1573 eminentiam
991 1512 1132 1573 vestram
1147 1540 1189 1551 —
1210 1504 1402 1571 desiderium
1425 1504 1542 1591 quippe
1565 1504 1735 1571 habentos:
1760 1522 1816 1568 an·

641 1620 711 1686 dire
733 1626 765 1687 et
784 1640 878 1689 nosse
902 1622 1036 1689 eandem
1057 1620 1324 1705 gloriosissimum
1346 1638 1596 1707 prosperumque
1622 1640 1681 1706 per
1708 1618 1818 1685 omnia

640 1735 818 1821 profectum
840 1736 968 1821 habere,
990 1736 1051 1802 hoc
1071 1736 1175 1802 modis
1198 1736 1344 1803 omnibus
1368 1740 1514 1822 optantes
1529 1772 1574 1783 -
1589 1739 1626 1801 ut
1646 1752 1705 1801 nos
1727 1732 1817 1820 ipsos

640 1856 828 1937 nostrosque
843 1853 1024 1920 carissimos
1039 1857 1165 1919 vestrae
1180 1850 1386 1919 beatitudinih
1400 1850 1543 1919 subnixis
1559 1849 1817 1918 commendamus

640 1968 803 2053 precibns3
828 1974 873 2052 ut,
896 1968 931 2034 in
953 1968 1084 2035 vestris⁰
1100 1968 1198 2034 sacris
1215 1988 1252 2034 ac
1267 1967 1334 2034 Deo
1351 1966 1477 2053 placitis
1493 1966 1687 2033 orationibus
1703 1972 1736 2032 et
1750 1964 1816 2031 sni-

640 2082 742 2167 tragio
765 2087 890 2149 vestrae
912 2088 1065 2169 paternae
1085 2084 1216 2171 pietatis
1239 2083 1379 2169 undique
1407 2083 1580 2149 auxiliante
1602 2081 1671 2149 Deo
1698 2080 1817 2147 muniti

642 2203 736 2284 atque
758 2218 849 2264 muro
871 2199 1077 2285 protectionis
1108 2202 1231 2267 vestrae
1259 2198 1460 2282 circumdati,
1489 2204 1600 2265 nonna
1627 2216 1737 2265 ornnes
1766 2197 1816 2263 in·

640 2313 843 2381 testationes‘
864 2314 987 2381 inimici
1008 2314 1043 2380 in
1064 2315 1124 2382 hac
1140 2315 1216 2399 vite,
1240 2334 1321 2400 quae
1336 2320 1404 2381 tota
1417 2316 1584 2401 temptatio
1600 2318 1658 2398 est,
1682 2312 1815 2395 defensi,

642 2433 675 2496 et
705 2430 746 2495 ad
774 2428 880 2513 illam,
908 2450 988 2515 quae
1015 2436 1118 2497 morte
1146 2450 1263 2497 vacans
1286 2436 1319 2497 et
1339 2429 1402 2498 fine
1425 2450 1551 2514 cerens,
1584 2428 1698 2497 vestris
1722 2427 1816 2495 almis

640 2545 919 2612 intercessionibus
940 2547 1107 2632 pervenire
1129 2566 1318 2613 mereamur.

731 2658 876 2727 Misimus
898 2661 987 2727 vobis
1010 2682 1110 2747 parva
1132 2662 1255 2746 exenia,
1279 2662 1313 2727 id
1335 2666 1385 2729 est
1398 2665 1522 2748 reptem
1537 2660 1687 2748 ruptilem
1702 2678 1815 2741 unam3

641 2774 848 2861 deprecantes
878 2776 1009 2860 obnixe,
1037 2783 1074 2843 ut
1101 2797 1242 2844 amorem
1264 2776 1421 2843 mittentis
1444 2778 1546 2861 magis
1569 2778 1664 2862 quam
1687 2794 1817 2843 censum

641 2891 846 2978 perpendatis
870 2891 910 2958 ob
933 2912 1023 2978 spem
1044 2893 1226 2975 meliornm3
1257 2892 1341 2979 quod
1364 2891 1496 2959 celerius
1518 2891 1555 2959 fit
1577 2890 1741 2958 orantibus
1761 2910 1816 2957 vo-

642 3006 702 3091 bis,
726 3007 755 3073 si
776 3006 934 3073 Dominus
956 3008 1056 3075 vitam
1079 3014 1112 3075 et
1133 3010 1216 3075 vires
1239 3008 1439 3075 concesserit.
1473 3007 1630 3075 Memores
1654 3006 1739 3073 enim
1762 3026 1816 3073 sn-

641 3142 714 3193 mus
736 3122 904 3189 verbornm
927 3123 1079 3207 omnium,
1104 3144 1195 3209 quae,
1218 3142 1257 3189 ex
1281 3124 1475 3191 abnndantia
1497 3123 1600 3189 cordis
1623 3123 1721 3189 vestri
1743 3140 1817 3208 pro·

641 3237 734 3321 law,
757 3239 876 3305 nostris
892 3238 1021 3305 annbns
1037 3244 1211 3305 sonuerunt
1226 3238 1443 3325 adimplenda3
1468 3258 1537 3323 quc,
1562 3242 1715 3323 quantum
1731 3256 1818 3305 ames

643 3357 786 3419 amantes
820 3360 869 3438 te,
906 3374 946 3419 ex
978 3355 1064 3420 omni
1092 3360 1183 3441 parte
1211 3354 1421 3421 declarabant.
1468 3352 1550 3432 Quid
1579 3372 1653 3437 ergo
1680 3352 1818 3440 prolate'

643 3468 731 3535 aliud
751 3469 844 3536 nobis
867 3468 1023 3552 agendum
1046 3475 1111 3554 est,
1134 3470 1197 3536 nisi
1219 3470 1317 3554 quod,
1342 3469 1464 3555 quoad⁸
1484 3468 1553 3535 Dec
1576 3468 1765 3556 disponente
1787 3472 1818 3537 et

642 3582 737 3650 finem
760 3589 945 3651 eunomium
968 3585 1188 3651 considerante
1216 3604 1325 3651 ornnes
1354 3584 1584 3669 advixerimus,
1614 3583 1750 3651 fideliter
1777 3584 1816 3650 ad

642 3698 778 3765 invicem
800 3699 1024 3766 custodiamus.
1109 3698 1260 3768 Preterea
1280 3700 1486 3767 nihilominus
1509 3704 1542 3767 et
1556 3700 1716 3786 deinceps,
1741 3700 1814 3767 dum

643 3813 758 3899 aliquis
781 3835 798 3881 e
819 3814 911 3881 nobis
935 3815 1065 3881 alterium
1089 3816 1154 3881 vite
1176 3816 1262 3901 vias,
1291 3822 1328 3882 nt
1350 3822 1425 3903 opto
1447 3815 1571 3900 felices,
1599 3816 1689 3903 prior
1710 3816 1814 3900 ingre

643 3929 764 4014 dictur,
798 3950 840 3996 en
868 3930 1075 4017 supervivens
1105 3931 1173 3997 sine
1201 3951 1291 3997 mora
1318 3932 1424 3998 missis
1454 3937 1487 3999 et
1516 3930 1694 3999 elemosinis
1722 3932 1816 3999 itiner

644 4044 731 4111 illins
754 4046 828 4111 hinc
851 4051 883 4112 et
909 4046 1000 4129 inde,
1030 4050 1183 4130 qnantum
1205 4046 1311 4113 valeat
1333 4052 1421 4114 tuere
1445 4068 1482 4114 ao
1503 4066 1692 4135 prosperum
1714 4048 1815 4115 facere

643 4161 769 4247 saepius
791 4161 974 4227 reminiscat
996 4180 1033 4227 ao
1055 4161 1197 4243 studost;
1221 4162 1421 4230 obsecrantes
1444 4162 1589 4247 obnixe¹¹‚
1612 4168 1648 4229 ut
1662 4182 1721 4249 per
1735 4162 1815 4229 hunc

641 4277 773 4343 matrem
793 4282 936 4343 nostrum
956 4275 1176 4343 fidelissimum
1197 4278 1418 4365 presbyterum
1441 4280 1569 4345 nomine
1583 4277 1814 4346 Laearoredum

642 4394 762 4479 scripta
783 4392 912 4479 pietatis
933 4397 1007 4459 tuae
1030 4392 1072 4459 ad
1094 4413 1151 4459 nos
1172 4393 1308 4477 dirigere
1324 4394 1473 4479 digneris,
1497 4400 1651 4480 quatenns
1666 4414 1725 4481 per
1740 4394 1814 4461 haee

643 4527 767 4591 earnm,
791 4506 953 4591 quae-tibi
975 4507 1095 4594 placita
1117 4514 1206 4593 sunt,
1234 4529 1342 4576 rernm
1366 4512 1504 4594 cognitio
1528 4510 1690 4577 clarescat
1737 4508 1814 4588 Quia

642 4622 765 4690 habetis
789 4623 857 4688 sine
879 4620 974 4689 dubio
997 4624 1031 4688 in
1054 4624 1165 4690 eodem
1186 4626 1330 4712 praefato
1344 4625 1530 4713 presbytero
1545 4625 1725 4693 veredicum
1741 4624 1812 4689 fide-

714 4813 735 4847 ι
755 4798 867 4857 Qnocirco
885 4800 914 4845 V.
987 4800 1010 4847 b.
1030 4800 1179 4849 testitudinis
1198 4803 1225 4848 V.
1302 4816 1321 4850 c
1342 4804 1428 4851 vannis
1446 4804 1474 4851 V.
1544 4802 1567 4851 d.
1587 4803 1767 4851 intertinctiones
1784 4801 1811 4847 V.

644 4894 665 4926 a.
684 4880 775 4943 prolatp
792 4880 820 4927 V.
897 4878 913 4925 f.
932 4882 974 4926 sic.
1052 4894 1074 4939 p.
1095 4881 1171 4941 quood
1187 4882 1281 4929 addidi.
1357 4883 1381 4929 h.
1402 4882 1498 4931 obnixae
1516 4885 1544 4931 V,
