4342 6034
610 784 637 833 s.
654 784 829 833 soumeru
850 786 895 833 sn
917 786 1019 835 nunus
1042 786 1229 835 seraranan
1255 789 1285 835 14
1488 772 1531 838 67

357 924 426 993 laus
456 930 508 993 est
535 945 599 1012 qua
625 925 746 995 laudati
775 946 900 1010 sumns3
936 928 1111 995 timendum
1140 929 1694 1014 estvalde,ne·magie719-tta

357 1042 551 1129 vituperatio
575 1042 701 1109 sitnon
724 1044 839 1110 merita
859 1043 929 1111 laus
952 1064 1047 1130 quam
1069 1044 1220 1112 laudatio.

445 1157 676 1225 Amantissimo
696 1157 805 1243 irater,
830 1159 982 1246 spiritalis
1005 1161 1107 1244 mama
1130 1182 1225 1246 quam
1247 1160 1393 1246 earnalis,
1418 1166 1450 1228 et
1465 1162 1531 1249 spi-

355 1272 500 1340 ritalium
522 1274 697 1358 gratiarum
718 1272 934 1343 munifieentia
955 1274 1189 1361 magnificatus,
1212 1276 1270 1343 tibi
1294 1276 1372 1345 solil
1394 1276 1534 1344 indioare

356 1389 536 1456 voluimus⁸
560 1394 593 1457 et
614 1388 700 1457 Deus
724 1390 809 1457 solus
832 1392 923 1458 testis
946 1397 994 1459 est
1016 1393 1125 1477 nobis,
1148 1412 1227 1477 quas
1250 1394 1353 1459 oernis
1375 1392 1534 1460 interlitas

354 1504 516 1573 lacrimis:
552 1506 636 1593 quod
668 1505 776 1573 multis
809 1508 1010 1575 miseriarum
1043 1508 1197 1593 molibus,
1231 1508 1319 1575 velut
1346 1509 1535 1592 gravissima

356 1623 485 1690 sarcina
512 1626 568 1689 ant
601 1642 751 1709 pressura
777 1623 970 1709 premente“‚
999 1625 1159 1711 depressi·
1187 1623 1311 1691 sumns‘
1333 1629 1366 1691 et
1394 1624 1535 1692 saeoula-

354 1739 442 1805 rium
463 1758 572 1805 rerum
594 1737 791 1805 tumultibus.
827 1739 1003 1825 Tamquam
1018 1741 1161 1827 spumosi
1182 1740 1282 1807 maris
1305 1741 1441 1807 rortioes
1464 1761 1535 1807 ver·

354 1860 451 1921 runt⁸
466 1859 499 1921 et
521 1852 657 1921 vellunth
673 1854 829 1921 undarum
847 1855 1000 1940 oumulos,
1023 1855 1174 1923 oonlisos'
1198 1857 1295 1940 saxis,
1319 1856 1444 1942 quando
1459 1876 1535 1923 ven-

353 1976 465 2037 torum
487 1970 639 2037 violentia
658 1974 690 2037 et
710 1970 920 2057 procellarum
934 1976 1140 2059 tempestates
1157 1972 1340 2039 saevissime
1355 1970 1536 2040 enormemk

354 2086 505 2173 euripum
532 2086 704 2174 inpellunt,
735 2092 767 2154 et
793 2087 977 2174 eymbarnm
1007 2088 1134 2154 ourinae
1164 2108 1291 2155 sursum
1318 2088 1475 2155 inmutato
1504 2094 1537 2155 et

353 2202 474 2269 malus¹
497 2202 587 2269 navis
610 2202 756 2269 doomum
772 2203 938 2287 duraturm,
961 2203 1040 2269 haut
1054 2222 1145 2270 seem
1161 2204 1342 2271 animarum
1355 2210 1536 2271 nostrarum

353 2317 525 2386 naviculae
546 2318 671 2403 magnis
693 2319 894 2385 miseriarum
916 2318 1071 2386 maehinis
1095 2324 1127 2385 et
1155 2320 1350 2387 multifaria'¹
1373 2319 1536 2387 oalamita-

354 2440 427 2501 tum
451 2435 629 2520 quantitate
651 2434 857 2519 quantiantur
879 2440 926 2518 et,
953 2434 1048 2501 velud
1070 2435 1214 2502 veritatis
1239 2456 1317 2503 vooe
1339 2437 1379 2503 de
1401 2456 1537 2522 euange-

354 2549 420 2617 lioa
442 2550 537 2617 domo
560 2551 690 2617 dieitur:
714 2552 886 2618 Descendit
898 2552 1021 2639 pluvia,
1046 2566 1197 2619 emerunt
1208 2555 1359 2639 flumine,
1375 2554 1538 2639 fleuerunt

355 2670 446 2735 venti
467 2680 497 2735 et
517 2670 723 2755 inpegerunt
746 2672 781 2733 a'n
803 2670 931 2734 domam
952 2663 1061 2734 illaet'
1084 2668 1270 2754 etreliqua.

448 2780 550 2867 igitur
572 2782 711 2868 primum
733 2783 876 2849 omnium
897 2784 1026 2870 ponitur
1048 2788 1081 2851 et
1104 2804 1201 2870 super
1222 2785 1330 2850 omnia
1351 2783 1432 2870 alia,
1455 2804 1536 2870 quae

356 2898 415 2966 illa
437 2898 580 2965 arterium
603 2898 795 2965 aooendunt⁹
816 2904 1001 2983 memorata,
1025 2899 1305 2967 innumerabilium
1319 2900 1536 2967 oonoatenatio

356 3015 531 3083 eriminum
559 3019 592 3081 et
617 3014 735 3081 nullius
763 3014 838 3082 boni
869 3014 965 3102 plena
994 3020 1026 3082 et
1054 3015 1196 3102 perlaeta
1229 3014 1353 3082 fiducia
1399 3014 1443 3082 Et
1471 3036 1537 3081 non

357 3136 485 3199 tantum
507 3130 684 3199 reeordatio
708 3132 885 3197 animarum
907 3136 1099 3216 nostrarum,
1123 3131 1179 3197 sed
1195 3131 1338 3216 -quod
1359 3130 1537 3198 ‹liiiioilius‘¹

358 3254 409 3315 est
431 3252 465 3315 et
486 3246 587 3314 multo
610 3248 796 3331 gravius-
813 3248 897 3332 quod
916 3247 1137 3313 universarum
1159 3248 1399 3314 oommissarum
1416 3247 1536 3315 anima·

358 3384 429 3431 rum
454 3364 628 3451 promiscui
650 3384 745 3431 sexus
768 3368 801 3431 et
823 3364 947 3431 aetatis.
992 3362 1036 3431 Et
1057 3362 1228 3431 multorum
1250 3364 1411 3431 mentibus
1433 3368 1467 3431 et
1487 3364 1536 3431 di-

359 3480 461 3547 rersis
488 3480 631 3547 moribus
658 3480 887 3564 deservituras,
923 3484 956 3547 et
988 3484 1101 3567 postea
1133 3485 1207 3546 ante
1236 3480 1370 3547 sublime
1397 3480 1536 3563 tribunal

358 3595 479 3663 Christi
501 3596 658 3663 rationem
680 3595 862 3663 redditurae
888 3615 952 3663 non
980 3595 1083 3663 solum
1111 3615 1170 3682 pro
1198 3596 1375 3663 manifestis
1397 3598 1536 3683 peooatis

358 3718 522 3797 gestorum
551 3712 619 3778 sive
646 3711 819 3798 diotorum,
849 3712 904 3779 aad
932 3710 1027 3778 simul
1055 3730 1114 3799 pro
1140 3711 1271 3779 oooultis
1293 3712 1536 3796 cogitationibus

360 3847 441 3913 quae
469 3826 613 3894 homines
635 3826 752 3913 latent,
782 3828 849 3896 Deo
872 3832 996 3895 tantum
1018 3832 1114 3910 tost03
1149 3834 1181 3895 et
1202 3848 1274 3895 oum
1295 3827 1434 3914 simplioi
1455 3828 1534 3894 aoie¹

360 3944 513 4011 mversus
536 3942 693 4029 duplioem
716 3950 749 4011 et
770 3964 842 4011 oum
865 3944 974 4011 deoem
995 3942 1124 4011 milibus
1147 3944 1297 4011 adversm
1319 3944 1433 4028 viginti
1447 3943 1537 4011 milia

360 4060 513 4129 duellium
536 4054 713 4125 duoturao².
796 4059 841 4127 Et
863 4060 978 4127 additis
1002 4060 1167 4127 animabus
1190 4060 1318 4145 nostris,
1341 4060 1469 4127 additur
1486 4060 1535 4126 in·

360 4182 449 4245 terea
470 4176 662 4243 domestioae
683 4176 731 4242 rei
754 4175 922 4243 diffioultae
946 4180 978 4242 et
1001 4176 1174 4263 disputatio
1197 4176 1393 4243 diversarum
1416 4176 1535 4243 discor·

361 4292 503 4376 diarum,
532 4311 611 4377 quas
641 4293 779 4359 seminat
805 4292 946 4359 omnium
975 4292 1129 4359 bonorum
1157 4292 1293 4375 inrisor3
1322 4294 1377 4377 qui
1404 4292 1537 4359 ranoida

431 4484 454 4517 ι
473 4482 511 4517 ma
528 4472 563 4517 Π.
649 4469 672 4516 b.
692 4470 727 4517 sol
743 4472 779 4517 Μ.
865 4482 886 4517 o.
906 4470 1021 4519 noluimus
1038 4474 1073 4517 Μ.
1158 4469 1182 4516 ol.
1202 4471 1320 4529 permonte
1335 4474 1370 4517 M.
1454 4484 1475 4517 o.
1495 4470 1534 4517 do·

362 4552 421 4609 porri
436 4554 473 4607 M,
489 4550 600 4609 depressa
617 4552 643 4599 C.
725 4548 742 4596 l.
763 4549 834 4595 simus
851 4552 877 4598 C.
962 4564 984 4609 g.
1003 4552 1097 4597 verrant
1111 4551 1167 4597 tic.
1252 4548 1277 4595 b.
1295 4548 1385 4595 vellunt
1396 4552 1481 4610 εσὶρει·
1492 4566 1536 4607 pro

363 4628 429 4678 mind
444 4630 515 4678 codd
594 4628 610 4675 i.
630 4628 729 4677 oonlisas
745 4629 815 4677 codd.
892 4628 916 4675 lr.
935 4630 1045 4677 inormem
1063 4630 1092 4675 V.
1165 4628 1181 4674 l.
1200 4627 1266 4675 malis
1283 4632 1318 4675 Π.
1387 4642 1418 4675 m.
1439 4644 1497 4675 verr.
1511 4631 1536 4675 ἡ

363 4707 457 4757 huntur
467 4712 496 4759 ι’.
558 4722 583 4757 n.
597 4706 734 4757 multifariae
745 4712 779 4757 11.
841 4722 863 4756 o.
878 4708 1025 4769 impingerent
1036 4708 1094 4765 MV,
1110 4726 1167 4755 cerr.
1185 4710 1209 4755 ta
1222 4708 1361 4768 umerus
1371 4710 1397 4757 C.
1458 4720 1483 4767 p.
1497 4720 1535 4754 aa·

365 4787 446 4837 munt
463 4790 491 4838 7.
571 4802 595 4849 q.
615 4788 704 4837 diffleili
719 4788 755 4836 lus
773 4789 801 4837 7.
879 4802 897 4835 r.
918 4788 981 4836 aoiae
997 4792 1032 4837 bt.

434 4896 458 4951 1.
481 4892 582 4951 aaut.
596 4894 732 4963 usam
823 4894 848 4948 a.
873 4890 916 4949 cr.
934 4893 1000 4949 uuo.
1015 4892 1057 4963 14,
1069 4894 1114 4949 ar.
1149 4881 1152 4884 ’

1278 4990 1322 5046 ὅθ
