4342 6034
666 792 732 858 274
874 810 1096 859 asomum
1117 812 1161 859 nr
1182 811 1286 859 suuni
1307 810 1495 860 nrrsromn
1519 811 1572 858 ιιι.
1588 813 1634 858 ιιι

505 958 646 1015 ito-ibi
663 952 879 1037 pertinentem
903 986 944 999 -
969 948 1076 1018 ouius¹
1098 950 1178 1019 bene
1199 952 1394 1037 reeordaris,
1417 952 1492 1018 dum
1515 951 1630 1036 legitur
1654 988 1697 998 —
1721 952 1778 1019 sed
1801 953 1836 1019 ad

665 1066 823 1150 quendam
856 1067 1070 1134 soismatioum
1100 1066 1363 1134 nefandissimum
1391 1068 1579 1154 pertinebat.
1627 1066 1687 1145 Qui
1716 1088 1838 1154 semper

663 1182 771 1248 iurare
792 1181 929 1266 solebat,
960 1182 1040 1248 nihil
1062 1204 1098 1249 se
1120 1184 1238 1250 terreni
1262 1188 1480 1269 aoeepturum,
1505 1204 1577 1249 eum
1600 1184 1706 1249 subito
1730 1204 1769 1250 ex
1794 1184 1839 1249 in·

664 1299 793 1382 proviso
815 1298 903 1364 velut
923 1318 1040 1364 uorum
1062 1298 1221 1365 fantasma
1243 1299 1409 1385 episeopus
1434 1300 1592 1385 apparuit.

755 1412 824 1480 Hoe
845 1414 910 1481 iam
930 1414 1073 1480 maxima
1094 1434 1134 1481 ex
1158 1420 1248 1500 parte
1267 1414 1408 1479 buturum
1425 1432 1493 1479 esse
1508 1412 1695 1497 formidabo,
1718 1413 1839 1497 longio

665 1529 711 1593 ris
740 1530 894 1595 sermonis
920 1528 1088 1615 prolixitas
1111 1528 1229 1614 legenti
1252 1530 1416 1595 fastidium
1438 1549 1478 1595 ne
1500 1528 1634 1611 gignat·.
1682 1528 1768 1595 Nam
1792 1550 1838 1595 se·
1926 1520 1927 1523 ¹

665 1644 755 1729 piene
778 1645 890 1730 paneis
911 1646 1013 1711 utitur
1034 1646 1155 1727 verbis3
1180 1644 1294 1712 stultus
1319 1650 1424 1712 autem
1440 1643 1548 1709 multis
1565 1643 1736 1728 fatuaturl,
1761 1646 1840 1711 siout
1926 1672 1927 1683 ι

665 1764 699 1825 et
720 1778 788 1842 ego.
879 1758 1032 1844 obsesso,
1055 1760 1148 1826 istius
1172 1760 1327 1847 epistulae
1349 1759 1527 1843 rubiginem
1550 1760 1748 1825 emendando
1772 1760 1839 1826 abr·
1926 1744 1927 1751 ἵ

665 1878 768 1958 terge,
797 1874 923 1959 meique
950 1876 1067 1941 erroris
1096 1874 1294 1959 indulgentia
1321 1876 1422 1943 detur.
1468 1874 1555 1941 Deus
1583 1872 1657 1958 tibi,
1688 1874 1774 1959 quod
1804 1874 1840 1941 ad
1926 1898 1927 1971 3

665 1989 800 2056 salutem
822 1994 911 2056 tuam
934 1992 1109 2077 pertineat,
1140 1990 1312 2059 elementer
1341 1990 1498 2077 inspirare
1521 1989 1682 2073 dignetnr;
1714 1995 1748 2056 et
1770 2010 1839 2057 oum
1926 1972 1927 1979 ἵ

665 2122 761 2189 grege
788 2105 848 2171 tibi
876 2106 1063 2172 oommisso⁰
1085 2106 1276 2173 ineolumem
1299 2111 1408 2193 pastor
1431 2110 1594 2193 pastorum
1618 2110 1650 2171 te
1672 2104 1838 2172 custodiat

665 2218 802 2306 Propria
822 2240 920 2287 manu
942 2220 1054 2288 soribsi
1076 2222 1169 2289 haee:
1194 2220 1344 2307 Observa,
1368 2242 1448 2308 quae
1472 2222 1699 2308 precipiuutur,
1724 2226 1759 2289 et
1781 2220 1840 2288 sal·

667 2354 726 2401 vus
749 2354 824 2402 erus.

670 2544 756 2617 112.
779 2547 919 2630 Quidam
947 2551 1099 2617 morsaebo
1130 2554 1257 2617 auidam
1289 2554 1328 2618 de
1359 2555 1480 2617 visione
1502 2552 1648 2635 feminae
1675 2554 1840 2618 eaimdam

777 2663 903 2749 refoti.
1433 2663 1469 2746 (S
1486 2666 1538 2749 il,
1561 2664 1602 2734 W
1620 2667 1694 2751 147,
1717 2664 1747 2733 G
1765 2668 1838 2747 137)

520 2805 648 2874 portior
866 2795 947 2862 aliae
969 2818 1069 2883 usque
1093 2798 1132 2865 ad
1158 2798 1288 2865 asoellas
1312 2803 1344 2865 et
1366 2816 1465 2882 usque
1489 2798 1530 2864 ed
1552 2798 1685 2882 oollum3
1714 2804 1748 2866 et
1770 2800 1839 2867 aliis
1926 2808 1927 2813 ’

666 2930 765 2997 supra
787 2917 883 2998 eaput
904 2912 1058 2980 ebulliens
1080 2919 1274 2981 tormentum
1298 2914 1486 2979 ostendebat
1507 2914 1590 2997 ignis
1614 2919 1646 2981 et
1661 2916 1838 2981 atramenti.

666 3026 714 3094 lbi
741 3028 908 3095 abbatum·
931 3028 1171 3095 abbatissarum
1201 3031 1351 3096 uomitum
1375 3036 1407 3096 et
1429 3030 1531 3095 omnis
1555 3050 1649 3097 sexus
1671 3030 1839 3099 multitudo

666 3143 736 3209 risa
759 3148 808 3209 est
830 3144 917 3210 varie
939 3144 1092 3229 torqueri.
1139 3142 1183 3210 Et
1204 3144 1313 3211 multis
1336 3145 1439 3212 adhue
1460 3145 1650 3230 viventibus,
1673 3147 1840 3213 universae

666 3258 832 3341 dignitatis
854 3265 887 3326 et
912 3259 1136 3344 ignobilitatis,
1165 3258 1235 3327 looa
1262 3280 1320 3346 pro
1348 3260 1470 3327 meritis
1492 3266 1695 3348 peecatorum
1717 3268 1838 3348 parata

667 3372 711 3439 Et
732 3394 841 3442 omnes
865 3375 987 3441 animas
1009 3376 1044 3441 iu
1065 3376 1170 3462 puteis
1194 3376 1381 3461 quandoque
1403 3376 1551 3443 solubiles
1573 3397 1652 3461 esse,
1675 3378 1726 3445 vel
1741 3380 1775 3444 in
1792 3378 1839 3444 die

667 3489 779 3556 iudieii
807 3495 862 3555 aut
891 3496 973 3556 ante.
1019 3490 1064 3557 Et
1092 3491 1244 3558 narrabat
1272 3512 1369 3558 uuam
1397 3492 1547 3559 feminam
1575 3494 1774 3580 redemptam
1802 3494 1839 3560 de

668 3604 773 3690 aliquo
800 3610 896 3691 puteo
923 3606 1093 3672 missarum
1121 3607 1407 3675 sollemnitatibus'.
1443 3608 1486 3673 Et
1508 3608 1567 3675 boe
1589 3611 1765 3675 maximum
1786 3610 1840 3676 bo-

667 3742 744 3787 num
768 3720 944 3806 animabus,
968 3722 1200 3805 egredientibus
1224 3724 1263 3791 de
1285 3743 1427 3811 corpore,
1452 3724 1542 3790 dixit.
1577 3724 1621 3790 Et
1635 3744 1729 3791 omne
1743 3746 1839 3809 geum

666 3836 840 3903 humanum
869 3843 902 3904 et
931 3843 1034 3904 totum
1062 3838 1216 3905 mundum
1238 3851 1315 3926 per⁸
1337 3840 1459 3906 animas
1483 3840 1648 3907 oolleetnm
1671 3846 1746 3907 ante
1767 3860 1839 3908 oon-

667 3958 810 4039 speetum
838 3973 951 4035 snum3·
976 3952 1026 4019 ut'
1040 3954 1233 4040 discernere,
1263 3956 1339 4042 quid
1367 3956 1500 4041 quisque
1522 3956 1573 4022 vel
1595 3956 1669 4023 boui
1692 3956 1744 4023 vel
1766 3956 1839 4022 mali

668 4069 794 4151 egisset,
817 4069 1004 4135 nominatim
1027 4070 1061 4135 in
1084 4090 1216 4157 eorpore
1239 4072 1349 4137 vivens
1372 4092 1410 4137 ea
1432 4071 1519 4155 hora,
1543 4078 1575 4138 et
1596 4092 1678 4159 pene
1699 4073 1839 4138 omnium

667 4184 813 4255 vivorum
835 4184 951 4250 merita
972 4206 1104 4253 narrare
1127 4188 1292 4273 potuisset.
1326 4186 1370 4253 Et
1392 4192 1504 4273 postea
1525 4192 1644 4253 terram
1666 4189 1838 4255 viventium

667 4304 701 4364 et
722 4298 938 4384 gaudentium,
961 4301 1090 4388 plenam
1113 4302 1280 4369 odoriferis
1302 4300 1443 4385 floribus,
1468 4308 1500 4369 et
1514 4304 1631 4371 multas
1648 4304 1769 4371 animas
1783 4322 1838 4368 no-

666 4419 775 4480 torum
802 4420 835 4482 et
861 4416 1041 4500 ignotorum
1069 4416 1161 4483 nobis
1189 4418 1353 4485 hominum
1382 4419 1464 4487 sieut
1486 4425 1518 4487 et
1539 4420 1573 4485 in
1596 4420 1741 4487 omnibus
1763 4419 1838 4485 loeis
1926 4482 1927 4485 ,

742 4640 762 4673 ι.
782 4628 860 4686 gignat
877 4630 904 4675 V.
974 4628 996 4675 b.
1016 4629 1116 4675 fatuatur
1132 4634 1215 4691 scripsi
1226 4648 1269 4690 pro
1284 4632 1393 4689 fatigatur
1410 4632 1438 4679 V.
1505 4646 1525 4679 o
1546 4632 1656 4679 oommiso
1675 4633 1702 4680 V.
1766 4631 1789 4677 d
1809 4648 1838 4676 ιι

672 4706 811 4755 ΗΜΘ.
835 4711 903 4754 Deest
923 4711 1008 4755 butem
1028 4710 1092 4757 ludu
1113 4712 1234 4769 epistolae,-
1255 4728 1308 4758 nom
1330 4713 1393 4773 qnod
1409 4721 1566 4771 praecesserat
1583 4712 1666 4769 folium
1686 4714 1780 4759 mim
1796 4720 1837 4757 est.

669 4798 689 4831 e.
710 4785 832 4833 abbatnum
850 4788 878 4834 V.
954 4787 970 4834 i.
992 4788 1199 4837 sollemnitotibuus
1217 4791 1244 4837 7.
1322 4802 1343 4850 g.
1366 4804 1408 4851 per
1424 4791 1517 4839 addidi.

741 4892 766 4944 1.
789 4905 828 4945 so.
847 4890 1008 4947 sententiae
