4342 6034
657 782 723 848 438
863 798 1072 847 wmnmnunu
1093 800 1175 846 vrrs
1197 798 1225 847 e.
1241 798 1416 847 normann
1438 798 1513 847 cas.
1527 798 1577 845 m.
1592 799 1628 846 ιν

656 940 714 1009 bus
744 960 818 1025 ergo
848 960 885 1007 ec
913 939 1095 1027 potentibus
1123 938 1293 1027 liberisque
1321 960 1359 1006 ac
1386 940 1487 1007 serris
1515 938 1678 1025 aequalem
1698 944 1815 1008 sanctem

657 1056 862 1124 exortationis
894 1054 1037 1123 exhibuit
1063 1054 1279 1141 disciplinam,
1304 1061 1342 1122 nt
1362 1071 1422 1123 nec
1443 1054 1557 1123 divites
1580 1054 1748 1123 adolando'
1768 1056 1815 1124 de·

656 1172 809 1239 mulceret
835 1190 895 1239 nec
924 1192 1031 1239 servos
1058 1171 1111 1239 rel
1136 1170 1253 1238 liberos
1281 1171 1477 1238 districtione
1503 1176 1741 1259 praegravaret3
1767 1172 1818 1239 sed

657 1288 750 1355 iuxta
765 1288 942 1376 apostolum
960 1286 1107 1354 omnibus
1122 1286 1228 1353 omnia
1240 1287 1343 1353 iactus
1359 1292 1417 1373 est,
1439 1294 1476 1355 ut
1490 1308 1600 1355 omnes
1613 1286 1795 1354 lucrificaret
1801 1284 1818 1354 ¹.

656 1402 717 1483 Qui
745 1409 777 1471 et
805 1402 966 1472 doctrinae
994 1402 1138 1470 caelestis
1166 1399 1407 1470 documentum²
1427 1424 1491 1470 non
1519 1424 1575 1471 suo
1603 1408 1677 1471 anta
1702 1409 1819 1491 tempus

657 1520 793 1607 arripuit
816 1520 946 1587 arbitrio
968 1540 1028 1587 neo
1050 1518 1270 1586 obstinationis
1293 1539 1369 1586 suae
1387 1518 1502 1605 rapina
1515 1525 1704 1607 usurpatum
1719 1518 1822 1604 adqui·

656 1636 740 1721 sivit,
764 1636 820 1703 sed
842 1640 970 1702 sanctae
992 1632 1181 1701 humilitatis
1203 1634 1346 1722 proiectu
1358 1671 1400 1681 —
1412 1635 1546 1720 triginta
1568 1640 1623 1702 aut
1637 1654 1674 1702 eo
1690 1634 1821 1722 amplius

656 1772 809 1819 annorum
837 1750 957 1818 habens
986 1752 1123 1818 aetatem
1138 1786 1181 1797 —
1196 1750 1410 1836 magisteriale
1432 1756 1464 1818 et
1484 1750 1661 1818 familiaro'
1683 1750 1822 1819 subleva·

655 1874 724 1935 tus‘
747 1867 914 1953 electione,
943 1866 1034 1933 iuxta
1061 1866 1230 1934 canonicae
1257 1868 1490 1935 constitutionis
1512 1866 1654 1952 regulam
1676 1869 1822 1955 suscepit

656 1988 688 2051 et
710 1984 751 2050 ad
769 1982 973 2051 sacerdotalis
989 1981 1083 2050 officii
1099 1982 1242 2067 gradum,
1266 1982 1399 2050 diversis
1416 1982 1570 2050 donorum
1585 1983 1706 2052 ditatus
1720 2006 1824 2052 muue-

654 2100 753 2185 ribus,
777 2100 925 2183 accessit3
948 2098 994 2165 ita
1016 2104 1052 2165 ut
1074 2096 1254 2165 elemosinis
1277 2098 1404 2183 quidem
1425 2100 1704 2186 misericordieque
1728 2102 1824 2188 operi·

655 2216 729 2301 bus,
758 2220 911 2301 quantum
939 2214 997 2281 eub
1026 2212 1165 2299 regulari
1192 2213 1470 2301 monasterialique
1497 2216 1675 2303 praevaluit
1706 2217 1825 2285 dianio

654 2332 757 2416 tione,
785 2351 880 2419 opere
905 2330 1032 2417 penitus
1056 2350 1093 2397 ac
1115 2328 1277 2397 voluntate
1300 2329 1487 2415 deserviret,
1517 2332 1574 2398 sed
1596 2338 1644 2416 et,
1673 2338 1826 2400 nocturna

655 2446 836 2532 vigiliarum
859 2446 963 2533 spatie
985 2446 1130 2512 omnibus
1152 2444 1240 2512 horis
1262 2446 1459 2533 preveniens,
1482 2448 1634 2514 orationis
1656 2468 1692 2515 ee
1716 2448 1827 2517 solliei-

655 2562 719 2631 tins
741 2562 900 2629 laboriosa
922 2562 1105 2649 operatione
1120 2561 1270 2628 exercuit
1305 2560 1402 2629 Cuius
1417 2584 1476 2630 uec
1489 2564 1676 2650 patientiam
1692 2564 1746 2631 ira
1760 2564 1828 2632 sut

654 2678 755 2767 ripuit
775 2698 834 2745 nec
855 2676 1129 2762 longanimitatem
1150 2678 1240 2744 furor
1262 2678 1442 2764 commovit,
1464 2698 1523 2746 nec
1543 2678 1642 2746 libido
1665 2680 1829 2748 continen-
1904 2709 1905 2760 ἢ

654 2795 733 2862 tiam
757 2794 951 2882 expugnavit
973 2812 1031 2860 neo
1049 2794 1272 2861 abstinentiam
1288 2794 1687 2879 gastrimargia¹riolavit3
1715 2798 1774 2864 sed
1787 2798 1829 2863 ita

655 2912 741 2978 omui
764 2930 799 2977 se
820 2910 931 2977 ieiunii
952 2908 1135 2993 frugalitate
1158 2910 1347 2994 subiugavit,
1369 2914 1416 2994 ut,
1438 2910 1548 2999 vinum
1568 2917 1601 2978 et
1615 2910 1755 2979 siceram
1769 2933 1826 2980 non

653 3026 764 3095 bibens
772 3022 794 3111 ⁸,
818 3026 982 3112 utriusque
1005 3027 1186 3093 testamenti
1206 3026 1349 3093 imitatus
1366 3031 1551 3113 est·patree
1567 3032 1685 3095 etcum
1704 3030 1827 3114 egregio

654 3143 796 3229 gentium
819 3142 938 3209 diceret
960 3141 1103 3209 doctore:
1130 3140 1256 3230 Caetipo
1280 3166 1395 3231 corpus
1415 3166 1518 3209 meum
1540 3156 1570 3210 ct
1590 3147 1739 3213 amaturi
1759 3146 1825 3213 ead·

654 3262 727 3342 e‘cio,
752 3282 792 3325 ree
804 3260 905 3345 forte,
930 3259 1004 3324 aliis
1022 3261 1206 3347 predictam,
1230 3260 1299 3346 ipae
1320 3259 1473 3345 reprobae
1495 3256 1644 3345 ffcaoff.

743 3373 811 3441 ΙΨ.
847 3372 987 3441 Collecta
1003 3394 1076 3458 ergo
1095 3374 1232 3461 sparsim
1250 3372 1395 3459 superius
1410 3372 1604 3442 sublimitate
1618 3378 1724 3444 sancti
1738 3376 1826 3445 huius

654 3490 716 3558 riri
730 3490 895 3575 virtutum,
919 3488 1044 3556 silentio
1061 3508 1142 3575 quae
1157 3488 1389 3574 subsequuntur
1403 3490 1553 3557 minime⁸
1566 3493 1827 3578 pretermittenda

656 3606 840 3673 estimamus
863 3624 1008 3692 —quae
1031 3610 1063 3671 et
1084 3604 1224 3671 fidelium
1247 3604 1414 3672 didicimus
1436 3604 1589 3675 relatione
1610 3608 1771 3695 virorum,
1798 3614 1828 3677 ct
1905 3607 1906 3636 ³

617 3803 620 3811 Ι
654 3722 824 3790 manifesta
846 3720 990 3807 equidem
1013 3720 1190 3808 scripturae
1211 3720 1423 3807 patefactione
1446 3742 1575 3791 exerere
1596 3742 1748 3793 curamus
1769 3746 1825 3792 -ε
1905 3749 1906 3814 f

656 3844 775 3925 quanta
797 3856 926 3904 suarum
948 3838 1186 3925 perseverantia
1206 3836 1322 3903 virium
1346 3842 1378 3904 et
1399 3840 1518 3927 coeptis
1540 3840 1632 3908 bonis
1648 3842 1826 3911 inheserat*

655 3958 687 4021 et
721 3953 762 4020 ad
796 3952 859 4020 alia
893 3972 1051 4040 quaeque,
1087 3954 1201 4021 festine
1234 3954 1449 4041 properando,
1483 3956 1636 4023 animum*
1669 3959 1825 4027 incitaret
1905 3983 1906 3990 ¹

655 4068 797 4155 Cumque
827 4068 944 4136 diutius
972 4076 1112 4137 mentem
1140 4089 1237 4156 snpra
1258 4071 1451 4137 enumeratis
1472 4071 1643 4140 virtutibus
1666 4074 1827 4143 edomaret

656 4190 688 4254 et
715 4184 755 4252 de
777 4184 829 4252 die
850 4184 885 4252 in
908 4184 993 4253 diem
1016 4186 1056 4253 ed
1079 4184 1194 4254 altiora
1214 4184 1369 4253 bonorum
1392 4187 1581 4256 documenta
1602 4190 1662 4258 sub
1682 4190 1825 4279 predicto

728 4385 750 4419 a.
769 4370 926 4421 adnlmdoA.
992 4372 1016 4419 b.
1036 4371 1429 4431 mngirterirlletiomiliariml.
1496 4386 1517 4421 o.
1537 4376 1684 4425 atsur.
1750 4378 1824 4425 das·

656 4452 785 4510 senungis
800 4454 828 4499 B.
894 4466 914 4499 e.
935 4452 1061 4501 inniteretur
1075 4456 1105 4500 A.
1170 4451 1187 4499 i.
1210 4451 1250 4498 De
1273 4466 1317 4510 eo,
1341 4453 1417 4513 quod
1440 4452 1473 4500 ab
1497 4454 1628 4502 omuibus
1650 4457 1824 4516 prinotibnr

656 4530 790 4579 directus
806 4531 846 4579 eit
862 4530 895 4578 sd
911 4530 994 4588 (lent,
1015 4534 1043 4577 et
1058 4530 1134 4591 quod
1148 4533 1255 4593 postea
1269 4532 1303 4578 ad
1318 4532 1450 4580 enesim
1465 4534 1611 4594 pervenit.
1632 4538 1660 4592 1,
1670 4542 1700 4586 A.
1745 4550 1769 4596 ς.
1782 4536 1823 4583 nl·

655 4610 775 4659 nlmeet.
852 4609 1068 4659 hinhnereretd.
1146 4611 1162 4656 i.
1184 4611 1352 4659 enlmmumB.

727 4714 753 4769 1.
777 4714 793 4769 1
807 4712 926 4771 Corinth.
940 4716 965 4785 9,
978 4716 1027 4769 22:
1053 4712 1207 4785 „Omnrlrns
1230 4714 1323 4771 omnio
1340 4714 1429 4771 iectus
1446 4732 1521 4788 sum,
1544 4720 1576 4773 ut
1593 4731 1689 4775 omncs
1705 4716 1821 4775 marem

656 4802 778 4860 saisost
874 4804 899 4859 2.
924 4804 1032 4873 signum
1057 4806 1112 4869 (eo.
1130 4806 1271 4859 tonsuram
1290 4804 1512 4873 sacerdotalem).
1607 4807 1633 4862 8.
1658 4808 1723 4864 Lua
1737 4808 1820 4879 1,1o:

657 4896 708 4965 „et
724 4892 817 4947 vinum
837 4896 866 4947 et
883 4892 997 4947 siceram
1016 4906 1071 4949 non
1087 4890 1196 4949 bibet“.
1283 4894 1310 4949 4.
1332 4894 1368 4951 V.
1387 4892 1537 4951 lilorlntlr.
1550 4896 1576 4965 9,
1588 4896 1634 4952 tl.
