4342 6034
663 780 850 829 ermuonne
870 781 1100 831 eroeuuunren
1123 782 1153 829 rr
1425 764 1491 831 343

345 922 485 989 ordinibus
517 928 551 991 et
582 922 857 991 dieuibutiouibne
888 942 1013 991 eaerum
1040 923 1267 991 ordinaverunt
1293 923 1491 991 ierarchiam.
1510 934 1652 991 eet-954

343 1037 410 1104 llam
423 1043 452 1105 el
472 1039 660 1122 sacerdotes,
683 1039 838 1125 templum
852 1038 982 1109 inlicitis
997 1038 1162 1123 violantes,
1185 1059 1250 1107 nen
1265 1038 1304 1107 ab
1321 1038 1382 1107 alio
1397 1060 1493 1125 quem

341 1154 375 1219 al
392 1154 455 1241 ipee
477 1154 630 1238 Domine,
653 1153 778 1238 flagello
800 1155 841 1222 de
861 1153 1011 1221 funiculis
1032 1153 1133 1238 laeto,
1158 1154 1352 1223 eiciebantur
1361 1151 1377 1221 ¹.

415 1270 504 1337 Nune
533 1290 699 1337 veronen
728 1269 831 1337 enlum
860 1290 881 1337 a
907 1269 997 1337 leieie
1020 1270 1076 1336 eed
1099 1290 1119 1337 a
1141 1270 1333 1357 quibusque,
1361 1270 1494 1339 infamia

339 1406 387 1473 pre
407 1385 575 1453 eeeleribne
597 1385 722 1472 publiee
736 1386 864 1470 natalie,
887 1386 1141 1469 ineriminautur,
1164 1386 1365 1471 damnantur,
1389 1391 1494 1453 eue'te·

339 1502 399 1569 diae
417 1502 585 1570 traduntur
606 1522 645 1569 ee
665 1507 839 1588 pestremo,
861 1502 1007 1569 emuibne
1029 1501 1124 1569 rebus
1146 1501 1280 1588 privatin
1303 1507 1335 1569 et
1357 1502 1493 1589 publieie

338 1618 488 1704 denudati,
511 1620 721 1701 exagitentur.

413 1732 475 1801 Sed
502 1753 567 1800 neu
593 1733 726 1817 1111111111,
759 1752 837 1799 vera
863 1732 969 1800 dicere
996 1732 1174 1800 Chrietnm:
1208 1734 1285 1801 Nora
1315 1748 1359 1801 eet
1386 1756 1493 1801 aarum

336 1852 428 1917 maier
449 1852 577 1917 domine
599 1873 675 1927 eaor
696 1854 728 1915 ei
747 1872 797 1915 me
813 1854 973 1937 peremne·
992 1864 1082 1930 aaut,
1113 1863 1142 1916 at
1162 1872 1218 1915 nee
1236 1846 1491 1938 pereeqaentur¹.

336 1962 530 2033 llultifaru'am
559 1965 643 2032 enim
670 1966 705 2031 in
733 1966 935 2053 agiographie
964 1970 997 2031 et
1022 1964 1207 2049 theelegieie
1236 1984 1422 2052 enpreeeum
1445 1970 1494 2033 eet

334 2080 369 2147 de
387 2081 464 2165 lrie·,
491 2080 627 2165 qualiter
653 2082 719 2147 inm
741 2101 878 2167 superne
899 2086 1010 2149 neetra
1031 2080 1231 2149 eeneimilate
1253 2086 1286 2148 et
1307 2082 1397 2149 unite
1419 2100 1493 2149 een·

334 2203 390 2263 etat
408 2196 573 2266 inmania
607 2196 692 2264 Vere
713 2202 763 2265 eet
784 2197 940 2281 siquidem
960 2198 1053 2263 iuxta
1065 2196 1167 2281 legem
1183 2197 1348 2281 ierarchia,
1371 2198 1494 2283 Ouium,

334 2313 399 2397 qnia
418 2313 518 2381 eaarie
545 2333 622 2379 neue
650 2318 716 2397 eet,
740 2308 870 2397 Olrere⁸,
897 2314 974 2398 quie
994 2332 1093 2399 eupra
1120 2332 1155 2379 ee
1184 2312 1298 2397 eaerie,
1327 2312 1439 2399 Nndap
1463 2316 1495 2379 et

333 2426 458 2514 Abiud‘,
481 2430 556 2515 quia
576 2429 715 2515 prepriie
737 2428 1093 2516 perseuerauerunt,
1118 2428 1312 2496 eubvertene.

481 2544 526 2611 Et
545 2545 610 2611 iam
631 2544 786 2612 laeeatum
807 2552 934 2631 tempus
956 2544 1114 2631 deponere
1136 2544 1254 2611 etilum.

483 2659 624 2727 Peeterie
646 2660 725 2728 haee
747 2667 838 2728 entre
861 2660 986 2747 plaeeat
1007 2660 1193 2727 eenelndere
1216 2680 1323 2727 eaeror

483 2776 555 2843 Neu
576 2782 686 2843 manet
707 2778 742 2843 in
763 2777 857 2845 rebue
878 2777 1043 2843 hominum
1065 2776 1199 2845 sublime
1222 2776 1273 2843 vel
1295 2775 1405 2861 altum,

483 2892 573 2971 Quod
594 2892 657 2959 nite
679 2914 745 2959 nen
764 2893 871 2959 valeat
890 2892 1005 2959 fallene
1026 2892 1155 2959 fertum
1175 2911 1311 2959 movere.

483 3008 529 3076 l'e
549 3007 645 3076 Pater
666 3014 699 3075 et
718 3008 820 3075 Natue
843 3012 949 3075 eervet
968 3028 1041 3074 aum
1063 3007 1236 3075 Pueumnte
1258 3007 1403 3075 Ohrietue

485 3124 529 3191 et
548 3130 623 3212 poet
644 3125 726 3191 hane
747 3124 846 3191 uitam
868 3124 988 3191 tribuat
1009 3122 1079 3190 eine
1100 3122 1163 3191 fine
1185 3124 1320 3191 beatam.

483 3241 527 3307 et
548 3260 671 3308 memor
693 3260 762 3307 eeee
783 3240 878 3307 velie:
902 3239 979 3325 qnid
1001 3238 1056 3323 eie,
1079 3240 1157 3325 quid
1178 3240 1239 3306 rite
1261 3239 1400 3323 venerim

483 3357 639 3445 Tempore
660 3376 724 3425 nen
745 3356 840 3441 lenge
860 3356 1002 3423 fumeum
1025 3356 1197 3423 eubeietere
1219 3356 1368 3423 saeelum.

483 3474 657 3541 Terrenum
678 3473 847 3558 imperium
870 3472 963 3539 nitiue
985 3472 1061 3557 quia
1082 3470 1363 3559 dispertiendum,

483 3588 593 3669 Qualie
615 3590 673 3673 eit,
695 3589 814 3673 regite,
837 3608 964 3674 semper
983 3588 1112 3655 fertum
1133 3593 1301 3673 memento,

482 3706 591 3791 Atque
612 3706 676 3772 mei
698 3724 828 3772 caueam
849 3704 964 3771 tuimet
983 3709 1111 3791 sperate
1134 3704 1284 3772 futurem.

483 3822 554 3889 Neu
576 3822 681 3887 minae
703 3820 797 3887 diere.
844 3819 971 3886 Tuimet
990 3820 1209 3904 reminieeere,
1231 3840 1338 3907 pereo,

483 3936 528 4005 Et
548 3938 677 4003 fortune
696 3936 804 4003 ridens
828 3935 955 4021 quande
976 3935 1136 4022 enbrepeit
1157 3936 1277 4019 hereie3

485 4052 679 4121 Promittere
699 4052 781 4137 ella,
804 4050 909 4119 eubite
931 4050 1047 4119 deiecit
1067 4051 1102 4117 in
1125 4052 1199 4119 ima

484 4168 556 4237 Non
578 4168 688 4235 aradae
710 4188 828 4235 vanum
849 4168 1006 4252 tetieeqne
1027 4187 1189 4235 recurrere
1211 4188 1353 4249 vernum3

487 4284 620 4370 Saepiue
642 4283 721 4351 haee
742 4284 885 4367 relegere
907 4284 1023 4349 iterum
1045 4284 1223 4369 iterumque
1245 4284 1412 4353 monelm‘:

484 4400 556 4467 Neu
578 4400 672 4467 mede
693 4400 853 4465 domanam
874 4398 955 4467 nulli
977 4399 1150 4467 eubeietere
1171 4398 1278 4484 fidam,

486 4516 550 4584 Sed
571 4514 824 4603 desperarem,
848 4535 929 4600 quae
952 4521 1027 4583 eunt
1047 4515 1263 4602 placidissime
1285 4516 1412 4583 munde.

403 4704 424 4739 ι
444 4693 512 4741 delur
528 4696 555 4744 C.
632 4693 655 4740 b.
679 4692 857 4753 disperdendum
873 4696 900 4742 C.
977 4707 998 4741 e.
1020 4697 1120 4755 requitur
1140 4696 1163 4740 in
1183 4695 1235 4741 ced.
1251 4696 1328 4741 item
1348 4710 1425 4743 utrm
1445 4696 1495 4742 lic:

337 4766 387 4816 lieu
399 4773 474 4820 mnu
489 4787 572 4822 mrum
586 4774 700 4835 tetieeque
715 4786 831 4821 recurrere
845 4786 944 4821 vernum.

405 4878 428 4931 l.
444 4876 537 4949 10111,
552 4878 595 4933 15.
667 4876 881 4949 2.10h.15,20.
953 4878 980 4933 3.
997 4876 1032 4933 V.
1045 4876 1126 4933 Num.
1141 4878 1183 4933 16.
1249 4878 1493 4950 4.11.1111111.3,4.
