4342 6034
606 750 632 798 s.
649 748 826 797 Bormum
846 751 891 799 nr
913 751 1016 798 uuum
1036 751 1225 800 nrrsrouuu
1248 752 1278 799 so
1465 735 1526 800 141

368 890 440 973 Quis
461 894 545 956 moin
567 891 740 979 aliquando
763 893 978 980 apostoloram
1000 906 1056 958 cot
1078 893 1207 978 quilibet
1226 907 1405 960 suedorum
1420 916 1458 960 oa·
1473 915 1527 960 oo-

364 1008 445 1094 pitto
467 1011 534 1073 suo
557 1021 613 1073 oret
633 1009 762 1095 cacalia
782 1031 844 1095 pro
865 1009 1045 1074 conductio
1053 1009 1188 1095 populis
1204 1011 1390 1092 adamant,
1413 1023 1450 1076 ot
1470 1013 1529 1076 iste

363 1124 527 1209 taciteque
551 1136 581 1190 et
596 1127 796 1210 pomicioeuo
819 1147 912 1210 agere
934 1136 1064 1190 conotus
1080 1137 1125 1189 eet
1140 1125 1353 1190 Aidebertao‘.
1391 1125 1456 1192 Sed
1471 1126 1528 1190 boe

364 1239 454 1304 scelos
475 1263 498 1302 o
518 1252 621 1305 oestro
650 1253 757 1306 condo
784 1241 963 1326 apostolatu
991 1253 1037 1305 eet
1063 1243 1282 1322 resecandum,
1312 1254 1377 1307 tom
1406 1243 1444 1306 de
1470 1241 1528 1306 iilo

364 1377 512 1440 quomque
535 1357 629 1420 mom
657 1357 696 1421 de
723 1369 953 1441 tremoreseore
974 1353 1142 1436 Clemente,
1175 1358 1232 1440 qui
1258 1377 1365 1421 sacros
1394 1379 1528 1422 conones

363 1473 476 1556 eponit
504 1484 600 1558 atque
628 1469 870 1558 expositionem*
899 1483 1079 1536 scammum
1102 1483 1235 1557 potrum
1262 1471 1428 1537 Ambrosii
1455 1473 1526 1538 Ac-

361 1589 490 1671 cedat,
520 1599 551 1651 et
579 1599 750 1652 ceterorum
776 1590 898 1674 torpuit
919 1589 1005 1652 dicto
1026 1599 1216 1652 raedorum.
1265 1586 1331 1654 Sed
1360 1591 1417 1654 c'sti
1437 1591 1528 1654 iacto

355 1702 449 1785 fodri
481 1714 511 1766 et
544 1704 845 1790 troowgreeeionibua
877 1706 960 1768 euie‘
983 1704 1115 1789 dignam
1137 1705 1312 1788 coambiunt
1334 1707 1526 1770 seutentiam.

362 1814 523 1883 Zacharias
546 1817 765 1884 sanctissimus
789 1838 827 1884 ac
848 1817 1049 1884 beatissimus
1077 1837 1164 1903 papa
1192 1817 1291 1882 dixit:
1322 1818 1408 1900 Quia
1436 1820 1528 1885 bodie

361 1937 420 1998 mm
440 1935 567 2000 tardior
588 1935 668 2000 horo
690 1949 744 2016 eet,
767 1947 897 2001 contire
920 1937 1104 2014 secretorio,
1130 1937 1223 2000 dium
1247 1937 1456 2020 conscriptam
1477 1937 1526 1999 oi-

362 2063 420 2115 tom
440 2062 469 2115 et
490 2053 676 2131 orationem,
701 2073 797 2137 quom
819 2052 882 2116 sihi
903 2052 1056 2136 cepoecit,
1080 2049 1130 2114 oet
1152 2061 1252 2115 cetero
1275 2072 1357 2135 quae
1371 2051 1525 2130 utebatur,

362 2166 430 2229 dom
453 2167 548 2232 nobis
574 2166 688 2231 relecto
704 2167 848 2252 fuerint,
879 2169 1039 2232 commoni
1060 2187 1228 2246 omorio,
1258 2167 1414 2232 mediante
1442 2166 1525 2246 Deo,

362 2283 433 2366 qaid
444 2283 524 2366 fieri
546 2281 670 2362 debeat,
690 2284 951 2369 pertractandam
974 2295 1028 2348 eet

439 2511 475 2578 [u
504 2510 636 2578 nomine
663 2511 783 2578 domini
810 2511 872 2578 Dei
899 2516 932 2578 et
965 2510 1132 2577 salvatoris
1166 2511 1267 2576 nostri
1296 2510 1366 2576 Iesu
1397 2508 1525 2576 Christi.

361 2625 531 2713 imperante
561 2627 676 2693 domno
704 2627 846 2713 piissimo
874 2631 1006 2710 augusto
1029 2625 1255 2693 Constantinod
1284 2645 1398 2709 magno
1426 2625 1527 2712 impa-

360 2747 456 2809 ratore
478 2762 564 2809 auno
587 2744 648 2826 26,
676 2742 969 2829 postconsulatum
991 2743 1059 2810 eius
1082 2762 1165 2809 anno
1189 2745 1225 2827 5,
1255 2761 1363 2808 meuse
1387 2740 1526 2823 Octobri,

361 2857 405 2924 dis
419 2861 471 2942 25,
493 2857 669 2925 indictione
687 2861 737 2924 14.
828 2858 1038 2926 Praesedeute
1061 2859 1261 2962 sanctissimo
1285 2877 1322 2926 ac
1345 2856 1526 2924 beatissimo

362 2973 466 3042 domno
493 2974 651 3042 Zacharia
677 2994 763 3062 papa
788 2975 823 3040 iu
850 2975 1043 3062 patriarchio
1070 2973 1299 3055 Later-anonae,
1333 2972 1367 3038 iu
1395 2971 1527 3038 basilica

362 3109 433 3174 quae
455 3091 638 3178 appellatur
659 3089 830 3172 Theodori3
854 3091 1095 3158 consedentibus
1119 3091 1216 3157 atium
1238 3107 1309 3155 cum
1333 3107 1369 3154 so
1394 3089 1526 3153 sanctis·

362 3205 441 3274 simis
467 3207 627 3294 episcopis
654 3205 835 3292 Epiphanio
864 3205 951 3272 Silva
979 3205 1136 3291 Candida,
1166 3204 1336 3273 Benedicta
1358 3203 1525 3288 Nomento,

362 3319 507 3389 Veuuutio
530 3322 693 3407 Penestre,
716 3320 867 3405 Gregorio
883 3321 1066 3407 Portuense,
1090 3322 1203 3389 Niceta
1217 3320 1337 3404 Gabiis,
1361 3319 1525 3386 Theodoro

362 3435 500 3523 muse,
533 3437 680 3505 Gratioso
707 3437 879 3519 Vilhtrias3
916 3459 972 3504 seu
998 3438 1231 3506 venerabilibus
1258 3435 1460 3524 presbiteris,
1491 3435 1525 3501 id

362 3559 404 3618 ost
432 3554 574 3622 Iohanne
610 3553 891 3641 archipresbitero,
928 3552 1098 3638 Gregorio,
1131 3553 1307 3640 Stephano,
1344 3553 1421 3619 item
1455 3551 1525 3618 Ste-

361 3667 472 3756 phano,
502 3669 686 3755 Domiuioo,
710 3669 889 3754 Theodoro,
917 3669 1105 3754 Anastasio,
1135 3667 1285 3753 Georgio,
1310 3667 1435 3752 Sergio,
1459 3666 1524 3733 Ior-

362 3783 466 3871 dauue,
487 3785 607 3870 Leone,
628 3787 707 3853 item
726 3785 843 3871 Leone,
866 3784 1029 3871 Gregorio,
1053 3785 1225 3874 Stephano,
1248 3783 1425 3866 Eustathio,
1448 3781 1525 3848 Pro·

363 3903 444 3988 cupio
467 3907 563 3989 atque
586 3901 799 3990 Theophanio.

441 4017 637 4106 Praepositis
664 4018 697 4084 iu
724 4018 829 4085 medio
858 4018 1067 4085 sacrosanctis
1102 4015 1291 4101 euangeliis,
1327 4013 1525 4082 adstantibus

364 4152 477 4219 quoque
498 4135 683 4202 diaconibus
704 4134 755 4201 vel
777 4139 889 4201 cuncto
912 4133 1007 4218 clero,
1030 4133 1201 4218 Gregorius
1224 4131 1366 4198 notarius
1381 4131 1525 4214 regiona-

363 4248 422 4315 rius
443 4257 475 4318 et
496 4251 737 4318 numenculator
758 4250 856 4316 dixit:
881 4251 979 4319 Iacto
992 4254 1090 4317 vestri
1104 4251 1208 4316 occdi
1221 4249 1415 4336 apostolatus
1429 4269 1523 4334 proe-

365 4371 540 4452 ceptr‘ouern,
576 4391 671 4456 quom
698 4371 734 4434 in
762 4371 931 4454 promerito
961 4369 1127 4432 cocomario
1154 4368 1307 4446 iusemtie,
1336 4363 1525 4429 Denecrdos

364 4482 523 4570 relegionis
544 4485 698 4571 presbiter
719 4485 809 4550 adest
819 4483 993 4570 praecedo.
1030 4482 1118 4564 Quid
1128 4481 1337 4568 praecipitio?
1396 4476 1525 4544 Dictum

366 4602 421 4662 est:
444 4599 655 4687 ingredietur.
745 4597 887 4683 Cumque
908 4598 1070 4682 ingressus
1093 4599 1186 4680 esset,
1209 4594 1378 4662 Zacharias
1393 4592 1525 4659 sanctie·

430 4788 449 4821 ι
467 4775 617 4824 hidoherotus
633 4779 660 4824 c.
735 4775 760 4822 b.
779 4775 933 4836 expositiones
950 4777 977 4823 C.
1052 4787 1073 4822 c.
1095 4791 1152 4821 corr.
1168 4776 1190 4821 tu
1206 4773 1269 4820 iuxta
1284 4770 1344 4818 tecto
1359 4771 1384 4817 et
1397 4771 1525 4827 umgrss-

368 4850 543 4905 timmst'.
621 4854 1105 4904 dubeoooronstoeaectttmotdeur.

1561 901 1614 957 745

1547 973 1596 1022 Get.
1605 976 1635 1023 th
