4342 6034
528 794 734 846 nummatas
756 793 836 845 visa
859 792 887 846 s.
903 792 1079 843 naumann
1102 792 1177 841 cnr.
1194 793 1230 839 vr
1398 776 1463 841 451

313 933 422 1021 profert,
443 933 490 1001 ito
511 939 548 1003 ut
570 954 696 1001 ornnem
714 950 796 1020 pene
817 934 902 1001 diem
917 936 1036 1019 pariter
1051 933 1268 1019 oonloquendo
1281 933 1465 1003 alternatim
1484 944 1537 1001 722

312 1050 449 1118 dooarent
538 1048 582 1117 Et
604 1050 645 1115 ad
667 1054 854 1133 eudemum,
878 1050 1012 1135 qualiter
1035 1049 1157 1135 populi,
1180 1070 1238 1136 per
1260 1050 1353 1117 devia
1374 1050 1464 1135 priua

311 1165 465 1235 domorum
487 1165 687 1248 oberrantes,
715 1164 791 1251 fidei
814 1165 1003 1233 doeumenta
1025 1184 1084 1231 aaa
1105 1165 1341 1251 praedieatione
1363 1167 1465 1251 porei·

311 1286 419 1367 pererit,
447 1282 625 1349 sciscitatus
655 1287 712 1349 ost
758 1280 802 1352 Et
828 1300 901 1349 oum
928 1301 987 1367 pro
1016 1286 1103 1350 carto
1130 1282 1352 1367 comperisset,
1383 1281 1466 1365 quod

310 1398 463 1465 maximam
499 1397 627 1481 quidem
656 1396 890 1466 multitudinem
919 1396 1039 1483 plebis·
1069 1417 1089 1463 a
1115 1396 1271 1481 saerilega
1297 1397 1466 1465 demonum

309 1511 416 1580 oritura
437 1512 477 1579 ad
499 1513 692 1581 consortium
716 1518 842 1579 emotae
865 1512 1035 1581 aecolosiae
1058 1511 1276 1596 aoeoisoerooq
1304 1513 1467 1580 intimavit

309 1628 410 1715 quippo
431 1628 471 1712 ei,
494 1628 570 1713 quia
591 1628 791 1715 episcopatus
814 1628 875 1695 sibi
896 1628 1049 1713 inponere
1070 1627 1203 1711 gradum
1222 1628 1382 1712 voluisset,
1406 1649 1464 1715 po·

307 1742 500 1828 putisque-
525 1742 678 1830 pastoraii
707 1742 796 1829 prius
824 1742 1035 1811 sollieitudine
1062 1744 1197 1829 privatis
1224 1750 1258 1811 et
1280 1744 1372 1811 iuxta
1394 1764 1466 1811 son·

307 1860 424 1925 undam
445 1859 565 1930 domiui
587 1858 649 1927 Dei
670 1859 772 1927 nostri
793 1858 968 1927 iaeentibus
997 1859 1079 1928 siout
1107 1879 1181 1927 ores
1208 1870 1290 1925 non·
1313 1859 1466 1927 habentes

305 1972 468 2061 pastorem¹
491 2010 533 2023 —
553 1975 723 2063 praeferre.
761 1973 823 2041 Sed
846 1975 921 2058 quia
943 1976 1158 2042 eontradioere
1180 1975 1254 2047 huia
1275 1979 1364 2041 tauto
1387 1994 1466 2061 pon·

305 2090 372 2159 tifioi
393 2090 583 2178 apostoliaed
606 2091 692 2157 sedi·
716 2090 857 2176 praelato
880 2110 943 2157 non
968 2090 1114 2174 auderet,
1136 2092 1294 2158 eonsentit
1316 2091 1413 2157 etiam
1435 2095 1468 2157 ot

305 2206 459 2275 oboedivit
506 2207 620 2292 Sisque
655 2226 796 2273 summos
828 2210 955 2275 sanotae
985 2206 1183 2274 auctoritatis
1210 2206 1355 2293 pontifex
1382 2207 1467 2273 diem

304 2324 455 2391 ausdtuit
476 2322 699 2405 ordinationis,
722 2322 757 2391 id
779 2326 828 2389 est
848 2322 952 2408 pridie
974 2320 1189 2405 Kalendarum
1210 2322 1443 2391 Deoembrium

382 2438 523 2525 Cumque
545 2443 672 2507 sanetus
690 2458 778 2507 suere
794 2438 1036 2524 sollempnitatis
1053 2438 1120 2505 dies
1136 2443 1169 2505 et
1181 2439 1349 2507 natalitius
1365 2439 1467 2507 saneti
1484 2456 1541 2501 uov.
1553 2457 1583 2502 so

304 2551 455 2621 Andreae¹
479 2560 511 2623 et
532 2554 717 2642 praefinitae
741 2554 948 2623 ordinationis
971 2553 1154 2636 inluxisset,
1184 2554 1249 2621 iam
1271 2576 1361 2624 sacer
1384 2556 1467 2623 sodis

304 2670 484 2756 apostolieae
504 2671 649 2757 pontifex
672 2670 872 2757 episcopatus
896 2668 957 2737 sibi
980 2674 1012 2737 ot
1035 2670 1182 2754 nominis,
1206 2671 1291 2756 quod
1311 2671 1469 2739 estBoni·

303 2784 417 2871 fotiua’,
447 2788 588 2874 inposuit
615 2786 812 2869 dignitatern.
858 2784 960 2869 Eique
982 2784 1142 2868 libellum,
1172 2786 1207 2853 in
1235 2807 1297 2871 quo
1320 2789 1468 2855 saeratis—

303 2902 374 2969 simo
396 2902 645 2971 aeoolesiastioae
668 2902 901 2969 eonstitutionis
923 2902 995 2967 iura
1009 2900 1241 2987 pontifioalibus
1256 2908 1332 2969 suut
1346 2904 1470 2985 digesta

303 3020 507 3100 torrentibus,
531 3017 793 3098 accommodarit
823 3022 864 3099 ot
887 3023 923 3083 ut
946 3037 985 3083 ox
1008 3017 1067 3083 hoo
1088 3017 1308 3085 inoouvulsus‘
1331 3018 1417 3104 apud
1434 3039 1469 3085 eo

302 3134 481 3217 poutiiioulis
505 3135 572 3201 uror
594 3133 794 3219 disciplinate
815 3134 1021 3201 institutionis
1045 3133 1122 3199 ordo
1145 3140 1347 3219 parmaneret
1369 3154 1469 3220 popu-

300 3246 376 3334 lique
400 3252 533 3317 subiooti
555 3250 604 3317 iris
627 3249 797 3317 imbuantur
821 3248 985 3335 exemplis,
1008 3250 1188 3335 imperarit
1236 3248 1299 3315 Sed
1321 3256 1354 3316 et
1375 3250 1468 3317 iomi-

300 3362 463 3435 lieritatem
485 3372 614 3433 sanotae
635 3366 719 3433 sodis
743 3364 933 3451 apostolieae
956 3372 1022 3433 tam
1045 3366 1107 3433 sibi
1130 3384 1224 3449 qoam
1245 3364 1391 3433 omnibus
1406 3366 1468 3434 sibi

299 3481 439 3553 subiectis
463 3504 503 3551 ax
525 3482 584 3549 hoo
604 3482 637 3547 in
660 3482 801 3547 futurum
824 3481 1022 3549 oondonavit.
1056 3480 1101 3549 Et
1115 3479 1201 3547 (larii
1216 3481 1305 3547 duoie
1320 3482 1467 3565 gloriosii

299 3596 357 3662 suis
380 3598 604 3667 saeratissimis
625 3593 759 3666 litteris‘
781 3597 871 3680 regni
893 3598 1068 3665 munimine
1089 3617 1127 3664 ao
1141 3596 1308 3664 devotione
1323 3604 1467 3665 sanetum

298 3710 375 3783 hune
398 3716 514 3798 virum,
537 3714 738 3800 episeopatos
761 3712 862 3795 modu
884 3712 1066 3799 pollentem,
1090 3710 1288 3796 subiugavit⁵
1301 3762 1464 3779 ........

378 3878 523 3899 .......
547 3829 668 3914 Quique
697 3828 808 3913 etiam,
839 3828 914 3895 dum
942 3848 999 3915 por
1026 3829 1137 3911 longos
1159 3829 1283 3895 viarum
1305 3831 1465 3897 anfractus

295 3942 466 4027 ingentium
488 3944 677 4032 populorum
701 3944 820 4014 adisset
841 3944 985 4027 ooutinio,
1009 3946 1073 4013 iam
1089 3946 1214 4029 quidem
1232 3946 1273 4015 ad
1287 3947 1464 4031 praefatum

294 4057 517 4131 Franohorum'
540 4062 716 4147 prinoipem
738 4062 835 4129 veuit
868 4060 913 4127 Et
933 4060 1156 4129 venerabiliter
1176 4061 1215 4127 ab
1236 4082 1274 4129 eo
1289 4068 1464 4147 susceptus,
1485 4074 1537 4127 723

361 4218 382 4250 a
402 4188 458 4264 pos
474 4206 499 4260 r,
521 4203 595 4263 paon
611 4208 640 4251 a.
701 4202 723 4249 o.
744 4202 878 4249 naama
893 4206 919 4249 r.
981 4216 1000 4249 e
1023 4206 1127 4249 nonae
1146 4204 1238 4259 eruar
1251 4220 1384 4263 psrpnm:
1405 4205 1467 4251 amo

293 4295 384 4329 necnon
449 4285 472 4331 d.
489 4283 615 4345 apostolico
627 4286 652 4330 F.
716 4296 736 4328 o.
753 4300 810 4329 corr.
823 4286 845 4328 in
863 4283 963 4329 sedisA.
1026 4282 1194 4329 tinoonrulsa
1204 4286 1272 4339 ΕΑ.
1334 4297 1356 4341 g.
1372 4284 1465 4329 luaeoF.

294 4359 314 4405 t
332 4362 441 4421 gloriosis
457 4366 483 4412 F.
561 4364 576 4409 i.
595 4362 733 4409 Francorum
748 4364 776 4408 A.

360 4452 385 4505 1.
420 4449 517 4505 Mattio
539 4450 565 4519 9,
586 4450 640 4503 36:
678 4448 820 4519 „iaoontes
850 4448 922 4503 siout
951 4462 1018 4503 oves
1048 4463 1104 4503 non
1133 4446 1265 4504 habentes
1294 4448 1465 4518 pastorem“.

293 4538 316 4591 i.
338 4540 374 4595 30
386 4539 458 4595 Nos.
477 4539 542 4595 enai
560 4540 626 4607 722,
651 4554 678 4593 v.
695 4552 781 4607 supra
797 4554 824 4605 p.
838 4537 880 4591 21.
971 4538 997 4591 3.
1023 4537 1134 4593 Certum
1153 4541 1210 4606 est,
1229 4536 1387 4606 anfritho
1410 4538 1464 4595 iam

292 4630 371 4681 autea
394 4628 480 4681 mium
504 4626 672 4683 Bonifatium
695 4640 796 4681 nomen
819 4623 903 4681 fuisse
929 4629 972 4689 (v.
991 4624 1123 4681 Bonifatii
1140 4627 1358 4695 ep.12,14,16,
1381 4640 1466 4694 supra

292 4729 316 4781 p.
329 4716 371 4783 62,
384 4717 430 4784 66,
445 4716 502 4787 74);
527 4717 619 4785 itaqua
637 4714 788 4784 Gregorius
799 4714 826 4768 11
843 4729 924 4783 papa,
945 4714 1105 4783 episcopum
1123 4729 1295 4782 eonsecrans,
1313 4712 1403 4766 eidem
1421 4728 1464 4767 oo-
1592 4748 1602 4765 .

292 4802 343 4857 m
361 4808 390 4859 et
406 4805 548 4875 proprium
565 4818 666 4866 nomon
683 4801 821 4859 Bonifatio
838 4802 944 4857 indidit
1015 4804 1042 4857 4.
1061 4801 1151 4858 Bonif.
1164 4818 1208 4871 ep.
1218 4805 1261 4872 21,
1279 4816 1365 4871 supra
1381 4817 1409 4871 p.
1419 4804 1463 4855 81.

293 4892 315 4945 5.
338 4893 390 4948 llio
407 4894 546 4964 quaedam
565 4892 709 4963 uddone,
727 4897 852 4963 spsrturu
871 4896 921 4947 est

1191 4988 1251 5042 29*
