4342 6034
587 940 656 995 1051

571 1411 620 1458 Iun.
629 1412 657 1457 11

675 772 742 838 560
929 787 1091 836 uoaaour
1111 788 1299 836 ruunnaers
1321 788 1402 835 mm
1425 788 1599 837 seuuemo

673 932 797 997 meam?
821 930 935 1011 Quoto,
959 932 998 995 de
1019 931 1124 996 tauta
1145 952 1215 996 maa
1235 931 1341 1011 lamna,
1366 943 1396 995 et
1411 943 1533 997 tontum
1547 932 1717 997 taiamaodi
1728 939 1815 1019 ordio

673 1049 857 1133 montiaco,
890 1058 927 1111 at
954 1049 989 1111 io
1018 1059 1182 1133 compacta
1206 1046 1343 1113 Domini
1370 1047 1446 1112 bom
1473 1068 1596 1111 mereor
1623 1050 1740 1113 intrare.
1774 1046 1819 1115 sie

675 1159 810 1247 expletis
836 1160 1049 1243 sermonibus,
1080 1160 1209 1247 expleta
1236 1165 1310 1227 sunt
1339 1162 1461 1244 omnia,
1492 1180 1573 1246 quae
1595 1162 1748 1229 mandarit
1766 1166 1820 1250 epi-

675 1296 800 1363 scopus.

764 1391 861 1459 Venit
880 1392 978 1475 igitur
999 1392 1087 1477 hora,
1110 1392 1228 1458 multos
1250 1392 1385 1475 gemitus
1406 1398 1541 1477 motura,
1564 1393 1680 1459 multas
1698 1394 1825 1460 laorimas

675 1514 829 1574 roratura
863 1507 907 1574 Iit
928 1508 982 1574 ille
1004 1508 1055 1574 vir
1069 1507 1140 1592 Dei,
1164 1528 1245 1594 pene
1268 1506 1383 1573 oblitus
1405 1506 1624 1575 infirmitatem
1646 1514 1769 1596 pmptar
1788 1512 1827 1575 iu·

546 1661 549 1668 ·
676 1628 812 1689 stantem
838 1623 993 1707 leticiam,
1022 1625 1112 1708 quasi
1140 1624 1205 1689 iam
1228 1624 1445 1709 propinquans
1469 1624 1508 1690 ad
1531 1624 1681 1709 gloriam,
1710 1624 1828 1691 cilitium

674 1741 710 1805 in
736 1745 825 1806 terra
851 1740 945 1805 iussit
972 1739 1071 1805 sterni
1101 1738 1177 1823 sibi,
1208 1758 1304 1823 seque
1332 1758 1427 1825 super
1455 1738 1535 1805 illud
1557 1740 1666 1806 levari.
1701 1740 1783 1819 Quod
1801 1748 1830 1807 ut

675 1856 794 1922 fautum
822 1860 885 1938 est,
915 1875 954 1921 ex
984 1855 1083 1920 animi
1111 1854 1219 1921 dolore
1247 1856 1367 1921 eunetis
1397 1856 1666 1939 obrigescentibus
1697 1864 1728 1923 et
1749 1877 1830 1942 usque

677 1972 717 2039 ad
739 1970 923 2038 effusionem
946 1970 1109 2036 ooulorum
1130 1970 1269 2036 lacrimis
1293 1970 1503 2057 effluentibus,
1528 1978 1656 2038 sanetus
1672 1979 1770 2059 pater,
1789 1974 1829 2059 pie

676 2088 840 2155 eommotio
864 2106 959 2172 super
981 2086 1045 2152 illis
1068 2086 1255 2170 mostubus,
1279 2088 1418 2170 graviter
1440 2088 1610 2171 ingemuit3
1636 2094 1677 2172 et,
1702 2088 1830 2173 quioquid

676 2202 773 2269 rideri
806 2202 925 2290 potuit,
961 2220 1057 2268 eausa
1083 2201 1289 2269 oblivimeudi
1317 2204 1449 2269 meroris
1479 2203 1679 2270 audientibus
1708 2204 1829 2291 protulit

677 2317 793 2384 Ridens
814 2336 891 2401 ergo
914 2336 978 2401 ore,
1001 2316 1141 2402 densque
1162 2318 1269 2385 eorde:
1294 2322 1360 2385 Elia
1376 2318 1479 2404 inquit
1493 2322 1621 2406 quando
1638 2325 1732 2386 etiam
1746 2332 1832 2387 matos

678 2437 799 2500 damete
826 2448 960 2500 mamm
987 2435 1138 2499 innabat?
1167 2432 1210 2499 Et
1231 2434 1376 2501 omuibus
1399 2435 1528 2501 humido
1551 2434 1641 2501 vultu
1664 2436 1832 2517 ridentibus,

678 2555 711 2617 et
737 2550 837 2615 invito
865 2549 959 2615 eorde
988 2548 1178 2616 mirantibus
1206 2550 1301 2615 etiam
1325 2570 1397 2617 eum
1420 2552 1454 2617 in
1476 2556 1566 2619 teuta
1587 2551 1735 2619 molestia
1755 2572 1833 2639 posse

678 2664 791 2749 ridere,
814 2664 1065 2747 intellexerunt·‚
1089 2664 1166 2731 haee
1189 2666 1296 2731 omnia
1317 2664 1386 2732 fieri
1408 2666 1512 2750 gratia
1534 2668 1757 2735 consolationis
1778 2688 1834 2733 mo

677 2780 788 2847 vende.
857 2779 991 2859 Quidam
1015 2789 1119 2848 autem
1144 2801 1183 2847 ex
1205 2780 1284 2863 illis,
1309 2782 1491 2848 aecedentes
1514 2782 1555 2848 ad
1578 2804 1667 2868 eum,
1692 2786 1778 2851 aiunt
1797 2784 1832 2849 ei:

679 2897 777 2984 Spem
805 2910 908 2978 mom,
932 2911 1044 2984 poter,
1066 2898 1204 2981 firmiter
1231 2900 1266 2962 in
1289 2898 1360 2963 Deo
1384 2922 1470 2985 pone
1492 2922 1530 2964 oo
1552 2900 1591 2965 do
1617 2904 1684 2964 eiua
1706 2904 1833 2965 inmane

678 3014 815 3079 toabam
834 3036 997 3099 praeeram
1020 3028 1137 3094 coroa,
1163 3017 1241 3100 quio
1262 3036 1327 3079 aon
1349 3016 1542 3101 derelinquat
1563 3028 1600 3080 ta.
1636 3014 1742 3081 Causa
1762 3016 1833 3081 enim

677 3128 835 3194 hnmanae
855 3128 1049 3195 infirmitatis
1073 3148 1145 3194 eum
1167 3126 1291 3195 fluitare
1309 3129 1473 3215 putabant,
1498 3136 1530 3196 et
1543 3130 1614 3196 ideo
1630 3131 1766 3197 salubris
1780 3150 1833 3196 au·

677 3245 861 3311 monitionis
883 3245 913 3311 ei
935 3245 1032 3311 verba
1053 3244 1286 3311 ministrabant.
1322 3244 1378 3311 Ille
1400 3265 1485 3329 vero,
1508 3244 1613 3312 verbis
1634 3244 1833 3313 buiusoemodi

678 3366 869 3426 commotus:
893 3362 938 3427 loc
959 3363 1038 3447 qaid
1058 3359 1170 3444 inquid
1185 3362 1327 3427 ommibus
1343 3362 1450 3427 dabas
1466 3366 1548 3428 vitoe
1562 3386 1650 3428 meae
1665 3368 1724 3450 aqi,
1748 3364 1834 3429 eibos

677 3500 743 3543 oon
770 3478 840 3563 aqi?
867 3477 943 3564 Ipse
969 3480 1073 3557 amit,
1104 3500 1148 3541 aa
1175 3500 1296 3563 eperum
1325 3481 1360 3543 ia
1382 3500 1468 3559 eam,
1498 3490 1526 3543 et
1554 3482 1584 3544 ea'
1610 3502 1761 3566 amquam
1781 3480 1833 3544 alio

678 3616 765 3680 opera
792 3616 894 3658 meam
920 3596 1094 3679 poenariae,
1124 3595 1190 3657 aiei
1215 3595 1251 3658 io
1275 3616 1353 3659 emo.
1391 3594 1479 3681 Opas
1503 3596 1568 3659 aiae
1592 3616 1664 3682 eqo,
1695 3598 1749 3662 itte
1776 3616 1834 3683 aper

677 3732 749 3775 orreo
770 3722 822 3775 eat
859 3708 953 3790 Quod
972 3710 1099 3796 placeat
1121 3711 1259 3790 domino,
1285 3723 1429 3796 operator
1451 3713 1486 3775 ἐπ
1508 3734 1606 3777 seruo.
1643 3708 1756 3797 Sitque
1777 3730 1834 3777 ver·

679 3825 723 3891 sia
746 3824 788 3890 ad
809 3823 930 3890 eaelum
952 3822 1060 3908 oeulis,
1083 3824 1222 3891 instante
1244 3824 1397 3909 termino,
1419 3827 1483 3891 iam
1507 3826 1631 3910 egrius*
1654 3826 1749 3894 dixit:
1771 3828 1834 3893 Fiat

677 3942 898 4006 misericordia
911 3952 977 4021 tao,
1001 3941 1150 4022 Domina,
1175 3964 1270 4028 saper
1284 3964 1353 4023 noa,
1379 3945 1641 4029 quomadmodum
1655 3946 1834 4031 speravimus

678 4060 715 4122 ia
728 4052 782 4123 to¹.
854 4054 986 4140 Deinde,
1009 4076 1073 4122 non
1089 4062 1214 4123 tantum
1230 4056 1336 4125 dolore
1352 4058 1455 4125 onmis
1471 4062 1607 4143 coaetus,
1632 4068 1779 4145 quantum
1792 4058 1832 4123 iu-

679 4173 793 4239 stantis
821 4172 985 4256 angustiae
1012 4173 1171 4257 oonsoius,
1200 4172 1269 4260 ipse
1298 4174 1359 4241 sibi
1386 4172 1492 4241 oeulos
1520 4180 1701 4241 reverenter
1726 4172 1832 4253 elausit,

679 4293 844 4375 oeteraque
859 4287 920 4355 sibi
935 4288 1078 4355 membra
1093 4290 1278 4376 composuit
1314 4288 1467 4375 Solusque
1481 4288 1573 4374 letus,
1589 4290 1733 4358 tristibus
1747 4288 1832 4356 omni·

678 4403 753 4487 bua3
776 4404 863 4471 aolus
885 4424 1031 4488 securus,
1060 4404 1213 4472 sollicitus
1237 4405 1371 4487 dudum;
1400 4406 1517 4473 mundo
1539 4412 1699 4492 mortuus,
1721 4405 1831 4473 tandem

678 4520 764 4587 vitoe
785 4520 943 4604 redditum
966 4520 1058 4604 letus,
1082 4520 1201 4588 relictis
1224 4522 1402 4589 eumalibus
1418 4523 1552 4607 exuviis,
1576 4522 1770 4605 obdormirit,
1790 4538 1831 4585 so·

678 4636 737 4704 uiis
758 4636 947 4705 letabundus
970 4636 1130 4720 angelicis.
1204 4636 1270 4716 Quo
1292 4638 1370 4723 viso,
1393 4638 1508 4723 suncti,
1531 4640 1622 4726 quasi
1637 4644 1720 4707 tom·
1734 4634 1829 4727 prmi-

750 4788 990 4837 aintellemntc.
1066 4788 1089 4835 b.
1103 4777 1150 4849 elga
1166 4806 1186 4835 c.
1264 4788 1372 4837 adde.

752 4883 952 4955 ammm
