4342 6034
537 815 618 861 vrrl
639 813 794 860 ennom:
815 811 1076 861 unonmrrsoonr
1096 809 1293 860 nrocunrnu
1428 792 1494 857 olo

342 956 421 1021 iuxta
452 959 601 1041 precepta
628 949 800 1022 canonum¹
826 953 1078 1038 religiosissimos
1107 952 1236 1020 clericos
1267 956 1300 1019 et
1325 950 1662 1018 monachornm-1160

340 1071 417 1136 omni
443 1077 585 1158 tempore
611 1073 793 1138 assistentes
815 1071 891 1155 sibi,
921 1069 1154 1136 sollertissimos
1176 1087 1232 1133 sue
1252 1069 1317 1134 vite
1339 1067 1493 1151 custodes,

341 1188 388 1272 qui
408 1187 651 1254 conversationis
674 1207 730 1254 sue
752 1187 966 1253 testimonium
988 1187 1100 1253 darent
1122 1189 1155 1252 et
1176 1185 1218 1250 ad
1239 1204 1372 1269 quorum
1387 1204 1493 1250 exem·
1535 1261 1540 1271 ,

337 1303 418 1389 plum
440 1303 591 1370 mundum
614 1323 684 1369 eum
708 1323 764 1369 suo
786 1301 862 1368 flore
883 1303 953 1389 ipse
975 1303 1162 1387 quandoque
1184 1305 1374 1387 uspemeret

418 1418 565 1486 Getarum
588 1419 628 1485 ad
650 1419 850 1485 ecelesiarum
874 1417 1103 1484 edificationem
1122 1423 1154 1484 et
1167 1417 1439 1499 restaurationem,
1461 1419 1494 1482 et

336 1533 372 1598 ad
392 1555 565 1621 pauperum
589 1534 859 1617 sustentationem,
883 1539 915 1600 et
935 1539 972 1600 ut
993 1534 1105 1618 religio
1126 1535 1161 1599 in
1178 1533 1318 1600 ecelesiis
1332 1533 1395 1598 sibi
1408 1551 1493 1597 com·

334 1651 433 1716 missis
456 1651 542 1718 omui
564 1655 742 1717 servaretur
764 1651 916 1734 custodia,
939 1650 1213 1734 vigilantissimam
1235 1667 1364 1734 operam
1386 1647 1491 1713 dabat

333 1763 372 1830 Et
397 1785 437 1831 ne
466 1767 516 1831 oui
543 1771 713 1852 paupertas
743 1765 944 1851 delinquendi
965 1767 1183 1832 necessitatem
1206 1763 1376 1847 indigeret,
1404 1763 1494 1845 larga

332 1899 423 1946 manu
444 1880 579 1948 benum
600 1882 773 1966 indigentie
794 1881 983 1969 procurabat
1005 1901 1178 1963 cucumere,
1201 1882 1303 1946 aiens:
1332 1878 1415 1964 quod
1436 1898 1493 1944 ne-

333 1997 457 2063 cessitas
489 1997 608 2064 iustum
641 2004 734 2082 cogat
759 2017 898 2084 peccare.
988 1995 1181 2063 Monasteria
1208 1996 1341 2080 quedam
1367 1995 1494 2080 incepta

331 2113 469 2196 perfecit,
493 2113 532 2180 ab
554 2113 644 2180 initio
668 2113 800 2200 quedem
824 2113 913 2195 iecit3
935 2113 1107 2196 multisque
1127 2110 1286 2178 beneficiis
1303 2131 1341 2177 ea
1354 2110 1493 2197 locuple-

330 2229 415 2294 tavit
451 2227 536 2296 Inter
559 2249 618 2314 que
641 2230 779 2314 insignia
800 2235 888 2313 sunt,
917 2229 1016 2314 quod·
1040 2228 1158 2294 Sancta
1177 2227 1333 2302 Maricio
1353 2225 1495 2293 Valleet

331 2343 428 2427 quod·
453 2343 569 2412 Sancta
582 2344 686 2412 Maria
706 2347 740 2412 in
756 2345 940 2412 Bumebacb
964 2345 1087 2411 dicitur.
1122 2344 1171 2410 lbi
1193 2344 1277 2410 enim
1299 2343 1493 2409 voluntatem

329 2460 508 2542 quiescendi
531 2466 672 2528 exuemo
694 2460 935 2545 denusceter,
957 2459 1123 2544 locumque
1143 2459 1279 2546 sepulcri
1293 2460 1425 2540 fecerat3
1447 2459 1494 2525 ie·

329 2573 483 2660 cissetque
505 2577 587 2644 votis
610 2577 697 2662 satis,
719 2578 783 2643 nisi
805 2578 852 2643 ei⁶
876 2577 955 2643 alter
978 2577 1166 2642 occurrisset
1187 2581 1327 2642 eventus.

413 2692 628 2760 Annitebatur
659 2713 734 2759 vero
768 2693 895 2758 cottidie
929 2693 962 2757 in
990 2691 1135 2758 civilibus
1163 2692 1265 2758 causis
1293 2691 1387 2756 boras
1415 2709 1495 2775 quas

324 2809 460 2892 poterat,
485 2809 597 2893 quibus
620 2829 690 2874 cum
713 2807 815 2874 Maria
837 2807 877 2872 ad
899 2808 995 2894 pedes
1017 2807 1146 2873 Domini
1168 2812 1277 2891 staret,
1300 2805 1493 2872 subtrahere.

324 2921 503 3008 dariusque
529 2925 707 3012 presulatus
731 2924 779 2990 sui
802 2923 1026 3010 procumbebat
1047 2922 1240 3004 ministeri03
1267 2928 1304 2989 ut
1325 2923 1495 3009 preteritas

323 3039 502 3124 neglectus,
530 3059 608 3125 quos
631 3041 786 3108 discordie
808 3040 896 3105 luem
919 3038 1102 3122 induxerat,
1129 3043 1238 3124 posset
1258 3038 1452 3104 commodius
1475 3058 1495 3104 a

323 3154 374 3220 sed
398 3156 597 3240 abstergere,
628 3162 660 3222 et
687 3157 726 3223 ab
749 3155 867 3222 officio·
891 3175 948 3221 suo
969 3153 1206 3238 ingratitudinis
1227 3153 1384 3220 maculam
1407 3153 1494 3220 dein-

322 3288 395 3357 ceps
420 3291 548 3338 omnem
571 3277 693 3358 posset,
716 3271 852 3338 Domino
876 3271 1026 3354 donante,
1055 3269 1242 3357 propellere.
1332 3267 1494 3336 Officiatos

321 3391 428 3454 autem
467 3407 591 3472 omnes,
624 3389 791 3474 presertim
827 3388 880 3472 qui
908 3387 1015 3454 divino
1044 3385 1306 3472 mancipabuntur
1334 3387 1493 3471 obsequio,

322 3503 484 3586 quoslibet
504 3503 539 3569 in
561 3523 618 3570 suo
641 3503 750 3571 ordine
772 3503 980 3591 peritissimos
1002 3503 1114 3570 habuit
1135 3509 1167 3569 et
1184 3501 1301 3569 fideles.
1336 3501 1388 3568 Ad
1402 3502 1494 3568 deeo-

320 3637 387 3684 rem
418 3640 497 3686 vero
524 3620 635 3686 domus
658 3619 787 3686 Domini
810 3625 842 3686 et
865 3619 1031 3686 sacerdotii
1052 3619 1286 3686 venerationem
1308 3619 1400 3685 iuxta
1419 3617 1494 3684 reli·

319 3734 425 3816 gionis
450 3735 599 3822 pudicam
621 3737 861 3802 sanctimoniam
883 3735 929 3800 sic
949 3734 1129 3819 insudabat,
1156 3735 1248 3801 utin
1269 3736 1320 3800 sui
1340 3731 1495 3820 pontificii

319 3851 394 3918 sede
424 3851 538 3918 habitu
569 3853 680 3918 decore
704 3859 817 3918 ornatu
839 3855 871 3918 et
892 3851 1043 3934 religIone
1065 3853 1137 3937 ipsa
1158 3851 1325 3938 disciplina
1345 3850 1494 3916 thronum

317 3967 420 4049 glorie
445 3967 508 4034 sibi
530 3969 678 4034 statuisse
700 3967 860 4054 probares.

409 4082 486 4149 Huc
508 4083 638 4167 moedit,
661 4085 744 4170 quod
768 4083 934 4151 sacerdotii
957 4087 1095 4150 scemate
1116 4081 1316 4168 pontificatus
1331 4083 1381 4148 sui
1394 4081 1496 4166 fulge-

319 4195 373 4264 bat
397 4197 551 4266 officium.
587 4199 750 4286 Tantaque
772 4201 947 4267 reverentie
964 4199 1067 4283 gratia
1080 4218 1247 4286 personam
1263 4220 1353 4265 suam
1367 4201 1401 4265 in
1415 4219 1496 4286 pon·

317 4313 447 4382 tificali‘
470 4313 581 4381 habitu
602 4315 727 4382 divinus
749 4315 931 4402 perfuderat
953 4314 1111 4401 splendor,
1137 4319 1174 4381 ut
1194 4333 1254 4381 nec
1274 4316 1344 4402 ipse
1364 4314 1495 4381 llelohi-

316 4431 454 4515 sedech,
482 4431 581 4497 immo
609 4451 667 4498 nec
688 4433 758 4519 ipse
781 4431 1033 4518 sapientissimus
1057 4429 1206 4496 Salomon
1228 4431 1262 4496 in
1284 4431 1372 4496 omni
1394 4431 1495 4514 gloria

389 4660 412 4692 a.
436 4644 500 4704 quod
517 4661 559 4690 om.
572 4645 593 4692 1.
684 4643 706 4692 b.
728 4646 827 4691 extremo
844 4645 998 4692 declaraverat
1012 4647 1096 4704 scripsi
1107 4661 1149 4703 pro
1166 4647 1287 4691 extrem
1302 4644 1417 4691 locaverat
1432 4646 1455 4702 1,
1470 4647 1493 4690 2.

314 4738 334 4772 c.
355 4729 381 4772 et
399 4728 423 4781 1,
443 4727 468 4770 2.
566 4725 588 4770 d.
610 4725 751 4772 commodius
767 4739 780 4772 u
796 4739 821 4770 se
835 4727 919 4786 scripsi
929 4743 972 4784 pro
989 4724 1155 4771 commodosius
1172 4727 1194 4781 1,
1210 4727 1232 4771 t.
1330 4739 1349 4770 e.
1370 4724 1398 4770 ab
1415 4723 1491 4771 officio

313 4809 400 4865 arripui
412 4821 462 4862 pro
478 4817 493 4850 a
507 4803 617 4852 beneficio
634 4802 657 4862 (a
671 4801 763 4862 britcio)
780 4807 802 4860 1,
819 4807 840 4852 2.
919 4804 934 4851 l.
955 4803 1090 4864 pontificiali
1105 4805 1127 4850 1.

388 4911 415 4964 1.
445 4906 488 4962 Cf.
508 4907 631 4963 Gratiani
649 4909 722 4964 deor.
741 4910 771 4963 P.
784 4909 824 4964 111
841 4909 876 4964 de
894 4924 1014 4964 consecr.
1033 4907 1137 4963 D.1e
1149 4910 1193 4964 60.
