4342 6034
690 743 757 811 586
1103 762 1183 809 ulna
1206 762 1401 810 snnnnnnan
1423 762 1449 809 n

801 924 896 988 quam
918 902 1007 969 dedit
1029 902 1154 969 afflictis
1177 904 1285 985 soniis,
1308 924 1408 991 prope
1430 910 1533 971 morte
1555 904 1673 971 renem.

800 1017 979 1104 Magnaque
999 1038 1075 1106 pars
1098 1019 1174 1085 oleri
1198 1020 1256 1087 snb
1280 1023 1396 1087 amoris
1418 1022 1550 1107 pignore
1572 1022 1635 1087 reri

730 1150 776 1199 sao
800 1134 868 1201 eius
891 1135 1025 1221 subponi
1048 1136 1147 1218 gratis
1170 1134 1271 1202 voluit
1293 1136 1419 1220 dioioni,

800 1256 833 1318 et
854 1250 998 1317 dextram
1020 1250 1151 1317 dextrae
1173 1270 1328 1337 personae
1349 1252 1454 1319 iunxit
1474 1252 1630 1321 honestae.

801 1366 941 1452 Tamque
962 1368 1101 1453 potentis
1124 1366 1193 1433 heri
1215 1367 1290 1451 iuga
1311 1367 1374 1433 fert
1394 1388 1507 1434 manus
1529 1374 1635 1436 extera
1653 1365 1730 1450 oleri,

798 1482 888 1548 ouius
910 1501 945 1548 se
967 1482 1068 1549 eredit
1090 1481 1173 1549 fidei.
1212 1482 1278 1549 Neo
1300 1484 1405 1567 segnis
1428 1482 1549 1565 obedit;

798 1597 872 1663 huie
893 1598 988 1664 hilari
1010 1603 1136 1682 gratnm
1159 1598 1238 1665 dans
1262 1598 1374 1666 affeetu
1396 1600 1593 1667 famulatum.

733 1730 779 1777 sao
801 1712 911 1780 Clerus
934 1720 968 1781 et
988 1714 1156 1797 ecelesiae,
1178 1714 1336 1781 famulans
1357 1714 1392 1781 in
1414 1716 1532 1782 honoro
1553 1715 1667 1783 Mariae

801 1829 934 1913 virginis
955 1835 989 1896 et
1009 1831 1123 1897 matris
1132 1826 1150 1915 ¹,
1173 1830 1260 1897 fouet
1281 1828 1364 1896 huno
1386 1830 1472 1898 onitu
1495 1832 1631 1918 pietatis,

798 1946 850 2012 oui
872 1966 907 2014 se
928 1945 1035 2012 subdit
1055 1946 1150 2013 homo
1173 1966 1248 2033 pars
1271 1966 1311 2012 ex
1334 1947 1392 2013 hoo
1414 1948 1555 2015 maxima
1577 1948 1670 2027 elero;

798 2062 936 2128 nominis
957 2062 1106 2128 immensi
1127 2062 1242 2129 iratres
1265 2062 1312 2128 sio
1333 2063 1411 2129 urbe
1434 2062 1581 2131 Remensi

798 2198 863 2243 non
883 2176 972 2265 piget
993 2178 1087 2243 huius
1110 2176 1193 2261 heri,
1217 2198 1274 2243 neo
1297 2198 1331 2244 se
1355 2180 1473 2245 semiue
1496 2180 1599 2246 fateri.

730 2312 775 2359 ses
799 2294 904 2378 thue
924 2292 1003 2360 tides
1025 2293 1102 2360 oleri
1123 2312 1186 2360 non
1208 2294 1291 2361 falsa
1311 2300 1441 2381 putetur
1463 2294 1582 2380 haberi,

796 2411 830 2475 in
853 2408 927 2476 fidei
949 2409 1075 2493 signum
1098 2415 1206 2475 votum
1230 2428 1364 2477 sanxere
1386 2410 1571 2495 benignum

797 2545 873 2592 nam
895 2545 1008 2592 manus
1029 2525 1151 2593 inserte
1173 2526 1319 2593 manibus
1342 2526 1398 2593 dat
1419 2528 1554 2614 pignora
1575 2533 1658 2595 corta

797 2642 864 2707 voti
885 2641 1053 2725 ferventis,
1075 2639 1150 2707 fidei
1172 2641 1223 2708 vel
1245 2640 1316 2709 labe
1339 2644 1484 2709 serentis.

842 2757 985 2843 Cumque
1007 2756 1109 2825 seolas
1131 2756 1264 2839 multas,
1290 2778 1368 2843 quae
1392 2758 1469 2825 artis
1490 2757 1587 2845 plena
1606 2756 1729 2825 monltm

634 2954 638 2960 ,
730 2892 777 2940 ooo
801 2874 984 2941 reddiderat
1003 2873 1121 2958 oleras,
1145 2872 1205 2941 sibi
1228 2878 1371 2941 oeuseret
1391 2874 1460 2941 iore
1482 2894 1582 2959 oarae,

797 2990 869 3077 pins
891 2996 999 3056 tamen
1022 2986 1171 3074 Albrioi²‚
1196 3008 1275 3075 quae
1298 2996 1441 3056 senserat
1462 2990 1673 3076 optimatis,

799 3105 950 3191 dogmata
970 3106 1093 3172 meiere
1116 3105 1177 3173 sibi
1199 3106 1321 3172 oensuit
1343 3104 1480 3172 utiliora.

797 3222 872 3306 Qui,
895 3240 980 3289 nova
1000 3221 1167 3309 pandendo
1190 3226 1239 3289 set
1260 3240 1323 3289 non
1347 3222 1476 3307 antiqua
1496 3221 1627 3304 silendo,

796 3338 904 3405 littera
926 3358 1007 3424 qnae
1029 3338 1113 3421 uelat
1134 3343 1224 3405 vetus
1248 3342 1303 3405 aut
1324 3356 1407 3403 nova
1428 3338 1563 3424 scripta,
1586 3336 1708 3419 tardat,

730 3473 776 3520 eoa
799 3454 957 3537 dogmatis
977 3454 1126 3521 immensi
1149 3454 1213 3521 dux
1235 3454 1357 3541 primus
1381 3454 1415 3519 in
1438 3454 1516 3520 urbe
1537 3452 1691 3536 Hennensi,

797 3576 1057 3637 testamentorum
1078 3568 1221 3657 pandens
1244 3556 1366 3637 seoreta
1388 3570 1531 3637 duorum.

842 3685 940 3753 Cuius
962 3691 1014 3752 ut·
1035 3686 1176 3753 imbutus
1198 3686 1259 3752 init
1282 3692 1365 3770 arte,
1389 3706 1485 3770 sagax
1510 3691 1672 3753 statutus

795 3803 923 3888 ingenio
946 3802 1045 3887 tulto,
1068 3803 1218 3869 uomitum
1242 3802 1326 3869 redit
1347 3804 1472 3887 agmine
1494 3802 1594 3869 multo

798 3920 839 3987 ad
861 3920 982 4008 patrias
1004 3924 1129 4006 partes,
1152 3918 1239 3985 volut
1260 3938 1368 3985 omnes
1392 3918 1520 3985 duoeret
1543 3926 1636 4002 artes,

729 4056 775 4103 ouo
797 4034 855 4103 iios
875 4038 1042 4119 iuvenum,
1064 4035 1187 4102 iuvenis
1210 4012 1385 4101 studiorum
1409 4032 1488 4101 liber
1510 4034 1650 4119 habenis,

796 4157 870 4240 post
891 4152 988 4219 studii
1010 4152 1117 4219 dotem
1137 4156 1251 4238 patruo
1275 4156 1442 4217 revocante
1463 4156 1621 4238 nepotem,

797 4268 925 4356 presule
946 4288 1009 4354 quo
1030 4268 1129 4335 letum
1152 4268 1255 4334 tonuit
1276 4266 1441 4351 Moguntia
1461 4273 1566 4334 aetum

797 4384 944 4453 catholici
966 4384 1056 4467 oleri3
1078 4384 1198 4451 meruit
1219 4383 1306 4451 velut
1326 4382 1381 4449 ille
1402 4384 1513 4451 teneri.

758 4596 779 4629 ι.
799 4586 834 4630 ric
848 4592 882 4630 m
898 4584 922 4628 ot
937 4591 1057 4628 contem
1073 4586 1095 4628 in
1112 4581 1164 4627 cod.

759 4688 784 4742 1.
807 4688 897 4742 merus
914 4685 1047 4741 eotiesiae
1065 4684 1093 4741 S.
1106 4685 1208 4739 Mariae
1225 4683 1377 4739 Remensis.
1467 4684 1492 4738 2.
1516 4682 1558 4737 De
1573 4680 1682 4737 Albrloo
1696 4668 1811 4749 1)wa

687 4776 828 4844 Romami,
846 4779 944 4845 postea
962 4774 1165 4841 (1136-1141)
1184 4772 1388 4842 archiepiscopo
1405 4770 1569 4827 Biturioensi
1587 4768 1621 4826 oi.
1641 4780 1724 4838 sunm,
1739 4750 1809 4813 Blffli

686 4864 783 4921 ihm
800 4863 882 4920 huin!
899 4862 1023 4919 '121278
1040 4879 1067 4918 n.
1080 4864 1106 4918 6.
