4342 6034
596 751 624 798 e.
640 751 817 798 normann
837 752 882 798 nr
904 751 1006 798 unum
1027 751 1215 799 ncrenonsn
1238 749 1268 796 aa
1455 734 1514 800 121

362 891 404 958 tili
424 911 510 958 more
531 891 693 960 observari
714 891 825 958 dixisti
853 892 937 980 apud
965 893 1093 960 boatum
1115 891 1245 960 Petrum
1268 891 1446 978 apostolum
1468 891 1520 960 vel
1551 897 1603 951 ⁷43

358 1007 483 1074 inurbe
504 1006 615 1090 Roma,
637 1007 716 1074 haec
738 1013 771 1074 et
791 1007 883 1074 nobis
906 1014 939 1074 et
960 1008 1106 1075 omnibus
1129 1008 1310 1074 christiania
1334 1008 1519 1076 detestabile
1536 971 1614 1030 ψ’]

359 1128 387 1189 ot
405 1123 632 1209 perniciosum·
660 1143 728 1192 esse
755 1123 947 1208 iudicamus,
977 1124 1101 1192 dicente
1123 1123 1209 1190 Deo:
1239 1125 1316 1190 Noa
1346 1127 1519 1212 apparabi-

359 1242 433 1304 miai
451 1240 503 1306 ool
524 1254 604 1306 certe
624 1263 690 1306 aon
705 1241 908 1306 coronabis}
916 1235 935 1305 ¹.
964 1239 1008 1306 Et
1026 1240 1143 1306 iterum
1158 1241 1315 1326 scriptura
1330 1241 1422 1306 dicit:
1443 1242 1521 1308 Non

359 1368 397 1419 ert
415 1354 572 1441 asperia*
594 1359 630 1421 ia
652 1357 771 1437 Israel,
800 1378 857 1422 nec
884 1357 1058 1422 edomatio
1079 1359 1116 1420 io
1139 1358 1230 1422 domo
1254 1352 1377 1422 Iacob'.
1418 1355 1467 1422 lta
1489 1361 1522 1424 et

358 1469 481 1536 anobis
504 1470 680 1538 cavendum
702 1489 974 1554 compensemus,
1003 1475 1040 1538 ut
1060 1470 1155 1536 nullis
1179 1471 1318 1555 auguriis
1341 1471 1392 1538 vel
1415 1472 1521 1540 obser·

357 1585 527 1653 vationibus
550 1586 774 1669 adtendamus3
803 1587 894 1671 quia,
917 1587 1024 1653 omnia
1044 1587 1123 1654 haec
1145 1587 1269 1654 abscisa
1291 1607 1360 1654 esse
1382 1607 1402 1653 a
1421 1589 1520 1674 patri-

357 1701 423 1784 bus,
450 1722 562 1770 sumus
590 1702 703 1770 edocti.
748 1702 793 1768 Et
814 1703 890 1788 quia
910 1723 969 1788 per
989 1702 1244 1786 instigationem⁰
1267 1703 1384 1770 diaboli
1405 1704 1519 1770 iterum

358 1817 563 1903 pullulabant,
594 1838 615 1884 a
641 1818 709 1902 die,
740 1838 803 1903 qua
828 1837 887 1884 nos
909 1819 1003 1884 iussit
1025 1817 1134 1884 divina
1155 1817 1323 1886 clementia
1345 1851 1386 1864 -—
1411 1837 1520 1903 quam·

356 1953 443 2018 quarn
464 1933 610 2000 inmeriti
632 1934 805 2001 existamus
825 1969 867 1980 —
890 1933 1026 2020 apostoli
1049 1934 1149 2000 vicem
1172 1955 1296 2018 gerere,
1320 1934 1392 2000 ilico
1416 1934 1522 2002 omnia

355 2048 426 2116 hacc
446 2050 695 2136 amputavimus.
740 2049 814 2117 Pari
837 2051 955 2117 etenim
978 2049 1071 2116 modo
1095 2050 1238 2116 volumus
1261 2057 1349 2116 tuam
1372 2051 1521 2118 sanctita-

354 2171 412 2231 tem
433 2165 564 2253 populis
586 2165 647 2232 sibi
668 2165 816 2233 subiectis
838 2166 1039 2252 praedicare,
1068 2165 1182 2250 atquod
1205 2165 1245 2232 ad
1267 2165 1351 2232 viam
1375 2172 1522 2234 aeternae

355 2282 523 2366 perducere
551 2281 644 2348 vitae.
691 2281 773 2348 Nam
802 2286 835 2348 ct
861 2287 990 2349 sanctae
1017 2281 1244 2349 recordationis
1271 2283 1522 2370 praedecessoris

357 2402 443 2482 atque
463 2398 635 2464 nutritoris
656 2399 759 2464 nostri
777 2397 887 2464 domui
900 2396 1044 2481 Gregorii
1059 2417 1163 2484 papae
1178 2397 1402 2466 constitutione
1416 2400 1523 2466 omnia

356 2513 425 2582 laec
445 2517 515 2602 pie·
543 2519 637 2598 atoue
658 2511 794 2581 fideliter
816 2517 980 2601 amputata
1002 2519 1092 2598 suut,
1122 2518 1155 2581 et
1183 2513 1246 2582 alia
1274 2513 1400 2582 diversa
1427 2535 1522 2600 quem

357 2629 450 2716 plura
466 2650 553 2717 quae
566 2629 692 2696 diabolo
707 2635 895 2713 suggerente
909 2629 1108 2716 pullulabant
1122 2629 1156 2696 in
1171 2628 1290 2696 Christi
1305 2629 1396 2698 ovile.
1426 2629 1523 2698 Cuius

357 2747 447 2814 instar
468 2767 534 2833 pro
554 2745 640 2812 illius
662 2745 773 2832 populi
794 2745 897 2812 salute
918 2745 1055 2829 dirigere
1077 2745 1315 2814 maturavimus.

434 2863 523 2930 Nam
546 2862 585 2928 de
608 2861 823 2928 sacerdotibus
845 2861 926 2946 illis,
956 2861 1012 2946 qui
1033 2859 1116 2927 false
1138 2861 1321 2947 opinantur,
1350 2863 1405 2946 qni
1427 2861 1523 2930 etiam

358 2979 482 3048 adulteri
506 2984 544 3046 et
564 2977 771 3044 fornicatores
793 2977 979 3064 probantur,
1002 2982 1035 3044 ot
1056 2976 1118 3044 sibi
1142 2976 1181 3044 ab
1199 2975 1372 3063 apostolica
1386 2977 1460 3044 ecda
1474 2978 1523 3044 in·

357 3093 470 3162 deltam
493 3115 583 3178 esee,
608 3100 640 3162 et
661 3114 679 3160 e
700 3094 859 3160 contrario
882 3093 944 3160 sibi
965 3093 1127 3160 licentiam
1147 3091 1406 3180 praedicationis‘
1427 3093 1523 3178 largi·

358 3216 415 3278 tan
435 3231 524 3293 cesc;
547 3211 607 3278 hoc
628 3208 718 3276 nulla
738 3209 861 3276 ratione
883 3209 993 3276 erodet
1013 3214 1124 3276 sancta
1146 3213 1201 3276 tua
1222 3209 1413 3276 fraternitas.
1460 3209 1523 3278 Sed

358 3327 514 3396 similiter⁸
538 3327 573 3392 in
595 3326 641 3392 eis
664 3325 847 3392 canonicam
862 3343 974 3392 exerce
993 3324 1177 3410 vindictam,
1201 3325 1463 3411 quemadmodum
1483 3327 1523 3394 do

284 3507 289 3520 ,
357 3442 400 3510 his
414 3443 549 3528 quibus¹²
560 3441 717 3528 superius
730 3461 750 3507 a
762 3441 854 3508 nobis
869 3440 1017 3508 edoctusk
1027 3441 1224 3508 monstreris.
1251 3441 1322 3508 Non
1337 3441 1421 3508 enim
1437 3441 1523 3508 eliud

358 3564 496 3644 tongere
522 3557 681 3642 uolumus,
709 3561 932 3644 praeterquam
956 3557 1039 3643 quod
1061 3559 1143 3624 sacri
1166 3557 1366 3644 praecipiunt
1387 3577 1522 3624 canones

359 3675 524 3742 ueletiam
546 3674 585 3742 ab
607 3673 668 3741 hac
689 3673 863 3760 apostolica
885 3673 960 3740 sedo
981 3673 1167 3740 instructus¹
1190 3693 1259 3740 esse
1280 3673 1462 3740 dinosceris.

438 3791 621 3860 Secundum
644 3795 718 3856 tuae
738 3809 875 3874 namque
897 3789 1073 3856 sanctitatis
1094 3789 1278 3876 petitionem
1294 3794 1326 3856 ot
1339 3789 1441 3856 tribus
1456 3789 1522 3876 epi-

357 3908 453 3995 scopis
475 3907 543 3976 tuis
566 3905 706 3990 singulas
721 3905 968 3972 confirmationis
988 3905 1138 3992 epistolas
1153 3905 1331 3972 muimnu.
1367 3903 1451 3982 Quas
1465 3925 1522 3990 per

357 4028 423 4090 turae
445 4023 626 4092 sanctitatis
649 4031 782 4088 manus·
804 4022 851 4088 eia
872 4021 983 4105 largiri
1005 4019 1159 4088 volumus.

438 4139 483 4208 Et
511 4137 761 4205 Garolomanno⁰
787 4135 853 4203 filio
881 4142 990 4204 nostro
1018 4136 1082 4204 alia
1111 4137 1231 4223 scripta
1257 4136 1445 4202 direximus:
1476 4141 1521 4222 ut,

359 4273 432 4338 quae
445 4256 508 4324 tibi
521 4255 677 4344 poposcit,
701 4253 874 4339 adimplere
887 4253 1027 4338 festinet,
1041 4258 1153 4337 atque’
1168 4238 1358 4320 adminicula
1372 4257 1520 4339 praestet.

424 4439 444 4472 a.
465 4442 525 4474 corr.
539 4429 563 4472 is
578 4424 724 4471 detestabilia
739 4425 763 4470 et
773 4423 902 4483 peruiciosa
918 4425 943 4472 C.
1010 4422 1034 4468 b.
1054 4422 1149 4480 augunt
1165 4437 1221 4468 corr.
1238 4424 1260 4468 ta
1276 4425 1398 4478 angardi,
1414 4423 1438 4468 ia
1453 4433 1522 4480 augn-

359 4503 410 4550 rln
426 4508 452 4554 ι’.
536 4519 557 4551 a.
577 4504 724 4562 instigatione
740 4506 774 4550 Μ.
852 4502 875 4548 d.
896 4519 939 4548 om.
956 4505 990 4550 1!-
1068 4515 1089 4548 a.
1109 4502 1161 4562 plac
1177 4505 1212 4548 M.
1289 4500 1305 4548 f.
1326 4500 1440 4548 affirmem
1456 4501 1523 4548 addi-

360 4583 391 4628 du
404 4601 483 4632 mu
500 4589 613 4648 corrigens
629 4587 652 4632 r'a
665 4588 692 4632 C.
753 4595 775 4641 g.
796 4581 865 4628 ciuili
873 4587 907 4629 Μ.
969 4581 993 4629 h.
1013 4582 1096 4642 quibua
1112 4582 1207 4628 delatum
1224 4589 1257 4628 ert
1273 4583 1296 4628 ia
1310 4583 1336 4628 C.
1399 4581 1414 4626 i.
1431 4597 1473 4626 om.
1489 4583 1523 4627 M.

359 4659 380 4706 k
398 4675 447 4710 cera
463 4665 652 4712 acaunum
669 4665 821 4726 corrigaris
838 4666 864 4710 C.
925 4662 942 4708 Ι.
961 4662 1049 4708 iunctm
1063 4665 1097 4707 M.
1160 4673 1190 4707 m.
1210 4661 1326 4708 mlseimus
1341 4663 1374 4706 Μ.
1436 4673 1459 4706 n.
1476 4673 1523 4706 nra-

360 4741 421 4789 ΙΙἯΜ
436 4747 471 4790 Μ,
549 4757 572 4790 o.
593 4761 649 4790 carr.
664 4745 687 4790 ia
703 4741 851 4790 Cnlomtnuo
868 4745 894 4790 C.
973 4755 995 4802 p.
1015 4759 1058 4788 cm.
1076 4743 1111 4788 dl.

427 4851 451 4903 1.
473 4847 515 4905 oc
532 4847 624 4904 mvc.
639 4847 681 4918 19,
693 4849 737 4903 ao.
827 4847 853 4902 2.
878 4843 920 4902 cf.
938 4845 1161 4915 sumeretne.
