4342 6034
657 760 724 827 544
909 778 1070 827 mousom
1091 778 1278 827 rusnnssrs
1301 780 1381 828 urna
1403 782 1576 831 aseneum

560 930 629 984 1031
655 919 795 987 Verbum
816 920 901 1005 regie
923 940 1032 988 omnes
1046 920 1190 988 maiores
1211 920 1429 1007 loquebantur,
1453 923 1592 1007 etquod
1613 922 1669 991 illa
1690 929 1820 993 msam

549 1002 636 1050 m
656 1042 719 1120 est,
742 1056 851 1102 omnes
872 1035 1080 1103 testabantur.
1116 1034 1176 1114 Qui
1199 1042 1319 1121 summ,
1350 1056 1444 1123 quem
1467 1038 1622 1123 dicerent,
1646 1040 1745 1107 colato
1768 1062 1820 1109 no·

655 1152 741 1219 mine
757 1152 949 1236 nesciebant,
972 1172 1137 1237 quemque,
1161 1158 1197 1218 ut
1212 1158 1281 1219 emt
1295 1154 1469 1240 proximus,
1492 1174 1586 1239 quem
1602 1155 1729 1241 diceret,
1753 1178 1821 1243 par

655 1268 830 1353 quirebant
907 1268 1048 1335 Auribus
1071 1288 1146 1351 ergo
1162 1288 1270 1335 eorum
1286 1268 1429 1337 benivole
1443 1272 1674 1357 preoccupatus,
1697 1272 1822 1340 tandem

617 1413 619 1418 ·
654 1402 770 1450 uocans
792 1404 864 1451 eum
886 1385 1060 1471 imperator
1073 1404 1114 1450 er
1129 1384 1267 1469 nomine,
1291 1384 1389 1452 dixit:
1413 1387 1531 1466 Pater,-
1554 1386 1712 1473 simulque
1726 1388 1823 1473 digito

653 1499 788 1565 innuem
809 1500 962 1587 precepit,
984 1505 1021 1566 ut
1041 1499 1212 1567 accederet.
1247 1498 1379 1577 Qualem
1393 1506 1470 1568 tuno
1483 1522 1555 1569 eum
1571 1503 1706 1587 rideres,
1730 1524 1823 1590 quam

654 1616 811 1681 constanti
826 1616 942 1700 animo,
958 1636 1053 1701 quam
1067 1615 1259 1683 immutabili
1273 1616 1364 1701 facie,
1381 1637 1474 1702 quam
1490 1618 1689 1685 moderatum
1703 1640 1823 1704 pressu,

654 1729 730 1795 dum
762 1730 923 1798 incederet
953 1730 1117 1819 palatium.
1158 1731 1286 1800 Cunctis
1321 1752 1392 1800 eum
1420 1734 1556 1800 invicem
1583 1734 1822 1803 adnotantibus:

654 1846 728 1927 Hie,
751 1848 802 1913 tic
824 1861 869 1914 es:
888 1849 953 1930 ills,
977 1848 1060 1915 oculi
1081 1848 1224 1915 omnium
1246 1848 1286 1914 ud
1307 1848 1396 1935 pium
1415 1854 1550 1935 patrem,
1574 1869 1667 1918 aures
1681 1852 1823 1920 intende

654 1961 732 2028 bant
752 1962 794 2029 ad
815 1984 931 2048 regem.
1014 1964 1094 2030 Cum
1118 1984 1192 2049 ergo
1215 1964 1278 2031 iam
1302 1969 1402 2031 staret
1421 1971 1495 2033 auto
1514 1964 1645 2032 solium:
1669 1968 1823 2035 Novom

654 2078 701 2144 ai:
721 2098 779 2145 rex
799 2078 958 2147 Fuldesasc
974 2082 1198 2169 metopium,
1222 2104 1279 2147 sec
1300 2082 1506 2169 infutspimas
1528 2094 1678 2151 mutum
1699 2106 1821 2172 precoe·

653 2216 761 2261 sorum
774 2210 962 2263 sommum.
1003 2196 1069 2264 Sed
1084 2200 1162 2284 qaos'a
1175 2220 1239 2263 oon
1254 2199 1376 2279 mut,
1401 2202 1459 2285 qui
1469 2202 1624 2281 socedat,
1648 2222 1713 2286 quo
1728 2224 1823 2268 cuasa

652 2332 717 2377 sos
730 2334 971 2398 promoveamus
986 2314 1129 2379 abbatem
1137 2307 1155 2393 ¹,
1179 2326 1218 2395 te,
1242 2316 1378 2379 eiusdem
1393 2315 1495 2395 ooib'a,
1520 2318 1822 2384 maturescente

653 2450 723 2492 msc
750 2431 920 2494 secundam
941 2432 1092 2516 potorum
1118 2430 1316 2495 colmatotem.
1351 2428 1528 2495 Commissa
1549 2450 1624 2513 orgo
1647 2432 1708 2498 eibi
1730 2432 1823 2518 plebs

652 2540 846 2627 ldogontina,
868 2544 973 2610 cuncti
994 2544 1184 2629 letabuntur,
1207 2544 1398 2629 ductumque
1420 2564 1493 2611 cum
1511 2544 1605 2613 laude
1620 2545 1680 2613 Dei
1696 2547 1737 2613 ad
1752 2566 1822 2615 aco

652 2657 795 2743 clusium,
817 2665 1044 2746 promoverunt
1064 2677 1137 2727 eum
1160 2665 1378 2727 consecrantes
1398 2661 1433 2727 in
1455 2662 1656 2747 episcopatus
1678 2662 1820 2747 gradum

653 2771 742 2841 'l'unc
762 2794 836 2842 sere
858 2776 963 2863 potuit
985 2776 1024 2842 ad
1048 2796 1120 2843 eum
1143 2774 1247 2843 dicere
1269 2776 1439 2844 Dominus:
1463 2780 1589 2859 Amice,
1614 2782 1746 2845 aeomds
1766 2802 1820 2845 aa·

647 2886 787 2978 peso:
854 2891 960 2958 Induit
981 2912 1056 2976 ergo
1078 2912 1113 2959 ee
1136 2891 1263 2958 anulum
1286 2898 1430 2959 sanctum
1452 2893 1549 2960 tercio
1569 2890 1694 2961 mense⁸
1708 2898 1741 2961 et
1754 2896 1820 2961 oin-

652 3004 727 3090 gulo
748 3007 903 3075 castitatis
924 3008 1084 3095 precinxit
1106 3028 1150 3093 se,
1172 3008 1301 3075 indutus
1315 3008 1398 3075 stola
1411 3009 1564 3076 iustitiae
1600 3008 1746 3077 Senioree
1761 3010 1818 3095 igi·

652 3127 706 3190 tur
724 3121 864 3190 filiorum
886 3123 1037 3191 ecclesiae
1058 3142 1168 3191 verum
1192 3124 1300 3191 Aaron
1323 3132 1601 3209 consecraverunt,
1628 3130 1665 3191 ut
1686 3126 1817 3193 essetei

652 3244 876 3306 mmamcntum
898 3241 1126 3327 sempiternum
1148 3240 1243 3306 simul
1265 3245 1297 3307 et
1317 3241 1530 3307 sacerdocium
1544 3260 1704 3325 magnum.
1733 3240 1817 3307 luter

651 3354 730 3422 baec
752 3375 827 3439 ergo
848 3376 907 3423 neo
928 3355 1036 3422 dimne
1057 3356 1161 3422 ceruit
1182 3356 1431 3441 consecratione,
1460 3357 1608 3441 qnoniam
1630 3356 1747 3425 ditatus
1769 3360 1815 3423 ast

652 3472 793 3539 omnium
815 3472 956 3555 gentium
978 3472 1204 3539 bencdictione.
1240 3471 1311 3539 Non
1334 3474 1419 3540 enim
1441 3472 1609 3559 dereliquit
1622 3492 1695 3539 eum
1709 3472 1814 3539 Domi·

651 3607 721 3673 nus,
744 3587 844 3654 donec
866 3585 992 3655 :demet
1014 3587 1061 3653 illi
1077 3594 1237 3674 sceptrum
1253 3584 1368 3673 regni⁴.
1405 3587 1612 3655 consumatus
1628 3588 1725 3672 igitur
1738 3608 1812 3677 pou·

652 3703 746 3788 titer,
776 3722 869 3770 uerus
897 3708 1002 3770 custos
1030 3722 1195 3789 vasorum,
1224 3724 1306 3791 pene
1336 3705 1594 3790 quinquagesimo
1621 3706 1715 3772 stetis
1741 3723 1812 3771 suae

484 3830 636 3892 mermes
653 3837 751 3902 enno;
780 3824 854 3906 poet
879 3819 1084 3887 festivitatem
1112 3826 1291 3888 sauctorum
1316 3820 1529 3909 apostolorum
1553 3820 1592 3887 ad
1615 3822 1810 3888 commissum

653 3935 735 4003 ovile
756 3954 829 4003 cum
850 3934 968 4003 bonore
990 3936 1139 4004 dimissus
1161 3942 1219 4005 est

723 4076 748 4130 1.
771 4072 946 4130 Richardum.
1034 4078 1060 4131 2.
1084 4078 1151 4132 Luc.
1165 4077 1207 4147 14,
1222 4076 1264 4131 10.
1347 4076 1372 4130 3.
1397 4074 1570 4145 Depravatue
1587 4074 1632 4131 laic
1649 4076 1726 4133 locus
1742 4078 1808 4131 cesto

652 4162 752 4232 corrigi
768 4164 877 4234 nequit;
894 4164 959 4219 lieet
974 4168 1078 4235 putem,
1097 4166 1256 4235 scriptorem
1267 4165 1393 4234 posulme
1404 4163 1486 4221 baec:
1507 4164 1621 4235 „Induit
1632 4178 1699 4235 ergo
1711 4180 1740 4221 sa
1750 4178 1807 4221 sua·

651 4252 707 4307 lum
725 4256 850 4307 sanctum
867 4254 953 4308 tercio
975 4252 1152 4309 Kalendas
1174 4253 1215 4309 de
1237 4253 1328 4309 Iulio
1347 4253 1471 4309 moneat.
1500 4252 1646 4309 Caeterum
1664 4253 1806 4309 Burdonem

651 4342 706 4396 ium
729 4339 800 4396 festo
817 4345 1005 4411 pentecostes,
1029 4340 1074 4395 die
1094 4342 1129 4396 30
1147 4358 1183 4396 m.
1194 4340 1259 4396 llaii
1277 4358 1301 4395 a.
1316 4342 1398 4411 1031,
1423 4342 1532 4397 anulum
1550 4345 1578 4397 ct
1595 4340 1723 4397 baculum
1740 4354 1806 4397 soce

650 4430 733 4501 pisse,
751 4428 835 4485 docet
850 4433 880 4485 ct
896 4428 965 4485 haec
976 4428 1112 4485 Burdenis
1129 4430 1188 4485 vita
1202 4428 1319 4485 inlraed
1332 4430 1518 4487 1051111119
1531 4430 1805 4501 („Quamquemsnin

650 4518 679 4573 iu
696 4516 847 4575 fmtivitm
863 4522 1021 4574 motorum
1037 4518 1223 4588 apostolorum
1235 4519 1310 4575 Petri
1325 4522 1356 4574 et
1366 4518 1444 4575 Pauli
1461 4522 1638 4575 commeatus
1655 4520 1699 4591 sit,
1716 4518 1759 4575 dis
1771 4521 1805 4571 ts·

651 4622 715 4663 men
738 4608 826 4663 sancti
848 4612 1021 4677 pentecostes
1043 4608 1155 4663 anulum
1179 4606 1322 4679 accepist)
1340 4611 1369 4664 et
1385 4608 1524 4664 Meflanus
1541 4605 1654 4663 Scottus
1675 4608 1704 4663 in
1723 4606 1803 4663 etms.

650 4696 734 4764 (Mon
745 4694 838 4752 Germ.
851 4694 900 4751 SS.
912 4696 939 4751 V
950 4696 1029 4765 556):
1049 4695 1188 4767 „Sanetus
1205 4696 1297 4753 Bardo
1314 4699 1448 4753 successit
1460 4726 1493 4737 -
1504 4694 1633 4753 baculum
1644 4696 1662 4751 3
1674 4696 1733 4752 Kal.
1744 4691 1803 4750 lunii

651 4784 696 4840 die
712 4788 888 4854 pentecostes
905 4784 1079 4856 accipiens“;
1097 4800 1168 4857 quae
1186 4786 1296 4855 quidem
1308 4784 1402 4857 verba,
1420 4786 1569 4842 allarisno
1586 4786 1622 4841 ad
1634 4800 1731 4841 aunum
1744 4776 1802 4839 rot:

650 4874 749 4944 posita,
768 4874 804 4929 ad
821 4888 847 4929 a
861 4874 930 4930 1001
946 4874 1083 4946 pertinere
1101 4872 1276 4932 manifestum
1294 4879 1346 4932 eet.
1433 4874 1460 4931 4.
1483 4872 1548 4947 Sap.
1562 4874 1663 4945 10,1t.
