4342 6034
643 743 709 811 266
886 762 913 810 s.
930 762 1108 813 somnum
1128 763 1174 811 nn
1195 763 1299 812 nunu
1319 762 1508 813 sumnonem
1529 764 1575 811 1os

527 908 580 963 ⁷55
642 923 699 970 nes
730 903 769 969 ab
794 904 839 970 eis
863 905 1027 991 cumipse
1051 903 1155 971 iudice
1177 904 1353 971 dictrictius
1375 904 1518 989 requirit.
1563 904 1610 971 At
1629 924 1707 971 rero
1730 924 1750 971 e
1772 905 1814 971 di·

472 985 633 1031 mm‘m
642 1039 744 1103 verso,
757 1020 946 1105 quicumque
960 1019 1045 1087 illius
1062 1038 1171 1087 sacrae
1186 1020 1395 1087 institutionis
1411 1040 1448 1088 ao
1462 1020 1626 1088 doctrinae
1638 1020 1815 1087 normulam

641 1136 703 1202 rite
726 1141 968 1220 consequuntur,
991 1155 1050 1223 pro
1073 1140 1159 1201 certo
1183 1155 1217 1202 se
1239 1136 1342 1203 sciant
1363 1141 1396 1203 et
1416 1136 1518 1222 ipsius
1538 1135 1701 1203 Romanae
1723 1141 1816 1222 atque

643 1250 814 1337 apostolice
837 1251 997 1335 ecclesiae,
1022 1272 1042 1317 a
1064 1271 1128 1336 qua
1148 1251 1272 1335 legatus
1295 1252 1342 1319 eis
1366 1257 1399 1318 et
1420 1252 1529 1319 doctor
1544 1252 1684 1319 dbeotus
1699 1256 1761 1336 est,
1784 1271 1817 1319 ao

643 1366 756 1433 deinde
784 1366 905 1453 pariter
933 1386 1004 1433 oum
1034 1386 1072 1433 ea
1095 1367 1236 1433 omnium
1258 1372 1404 1433 nostrum
1427 1366 1544 1433 babere
1566 1372 1600 1433 et
1620 1368 1767 1435 virentes
1789 1373 1817 1433 et

642 1482 811 1549 morientes
834 1483 868 1548 in
891 1482 1032 1549 oratioue
1055 1487 1087 1549 et
1109 1482 1280 1549 missarum
1302 1481 1528 1567 celebratione,
1555 1487 1715 1570 utsupra
1737 1482 1816 1549 dixi·

642 1618 723 1682 mus,
746 1602 932 1685 perpetuam
950 1598 1221 1679 communionem3
1246 1597 1274 1663 si
1288 1604 1396 1665 tamen
1410 1618 1510 1683 usque
1526 1598 1567 1665 ad
1581 1595 1677 1665 finem
1692 1596 1817 1665 firmam

643 1714 748 1799 vobis,
780 1714 893 1781 debinc
921 1714 1102 1781 doctoribus
1131 1720 1165 1781 et
1190 1713 1367 1780 rectoribus
1394 1734 1470 1781 suae
1492 1712 1626 1797 salutis,
1655 1712 1817 1781 humiliter

643 1836 738 1914 atque
766 1828 946 1897 amabiliter
976 1848 1035 1915 pro
1057 1827 1127 1895 Deo
1149 1834 1183 1896 et
1205 1834 1335 1896 aeterna
1355 1830 1500 1896 mercede
1521 1848 1585 1895 non
1607 1829 1818 1913 dedignantur

643 1944 806 2028 obaedire3
830 1964 893 2011 uon
917 1942 1099 2011 deficientes
1122 1944 1302 2029 aliquando,
1325 1950 1362 2013 ut
1383 1945 1523 2013 indevoti
1537 1944 1589 2013 vel
1604 1944 1742 2029 subdoli,
1765 1945 1818 2013 sed

626 2033 767 2148 ¹semper
797 2066 832 2127 ut
853 2060 955 2127 bonae
978 2058 1095 2125 indolis
1117 2060 1266 2146 discipuli
1288 2058 1488 2146 proficientes
1509 2065 1543 2127 et
1562 2060 1700 2128 fideliter
1722 2060 1818 2129 adba-

642 2182 748 2243 reutcs
771 2196 847 2243 suae
874 2174 992 2241 milicie
1021 2176 1056 2241 in
1079 2174 1204 2242 Christo
1234 2176 1397 2260 magistris
1424 2177 1465 2244 ad
1493 2175 1634 2263 palmam
1660 2196 1818 2263 supernae

642 2293 816 2359 vocationis
839 2290 899 2359 Dei
923 2296 955 2357 et
976 2290 1111 2375 gloriam
1133 2292 1224 2374 regni
1247 2290 1402 2359 caelestis.

732 2406 819 2475 Haeo
846 2406 1032 2473 salutatoria
1061 2412 1168 2474 vestre
1196 2407 1358 2473 sanctitati
1389 2406 1575 2493 scripsimus
1607 2406 1721 2492 verba,
1756 2428 1818 2475 non

642 2524 734 2609 quasi
756 2522 875 2606 ignaris
899 2526 954 2589 ant
974 2522 1208 2607 indigentibus·
1230 2527 1359 2590 nostrae
1378 2522 1566 2589 rusticitatis
1581 2522 1740 2607 normula,
1764 2524 1819 2593 scd

643 2637 803 2705 caritatisb
832 2644 925 2724 atque
959 2638 1216 2705 communitionis
1245 2645 1374 2707 mutuae
1401 2639 1520 2722 gratia3
1548 2642 1767 2707 contestantes
1789 2645 1820 2707 et

643 2754 844 2822 obsecrantes
866 2774 924 2841 per
947 2755 1195 2840 omnipotentem
1213 2753 1316 2821 Deum
1340 2759 1372 2821 et
1392 2752 1493 2821 lilium
1516 2754 1584 2821 eius
1606 2754 1713 2823 Iesum
1727 2754 1819 2825 Obri-

644 2877 729 2937 etum
754 2875 786 2937 et
808 2870 977 2937 aduentum
1001 2870 1102 2957 ipsius
1126 2875 1159 2937 et
1180 2890 1314 2953 regnum
1337 2866 1435 2937 eius¹:
1459 2876 1497 2937 ut
1517 2891 1583 2955 ros,
1607 2872 1818 2956 ckarissimi,

644 2986 748 3052 cuncti
771 2984 960 3069 generaliter
983 3005 1054 3051 oum
1078 2984 1226 3051 subiectis
1249 2984 1338 3051 vobis
1360 2985 1395 3050 in
1410 2984 1536 3052 Christo
1552 3006 1610 3073 per
1624 2988 1734 3053 omnia
1748 2988 1817 3055 sitis

643 3122 768 3188 semper
792 3102 831 3167 ad
861 3100 995 3167 invicem
1024 3100 1133 3167 fideles
1161 3100 1322 3167 adiutores
1351 3106 1383 3167 et
1408 3102 1574 3169 unanimes
1596 3109 1818 3190 cooperatores

643 3222 754 3285 contra
782 3238 890 3285 omnes
914 3215 1107 3283 orthodoxae
1129 3214 1203 3281 fidei
1224 3215 1370 3282 inimicos
1391 3221 1487 3302 atque
1508 3217 1663 3287 hereticos
1685 3224 1720 3285 et
1741 3220 1819 3287 scis·

643 3334 776 3399 maticos
805 3352 842 3399 ac
864 3330 1076 3417 nequissimae
1099 3331 1345 3399 conversationis
1367 3332 1520 3399 homiues.
1566 3333 1628 3400 Per
1649 3333 1711 3401 boc
1733 3336 1818 3403 euim

645 3450 732 3515 eritis
761 3450 851 3516 bonis
874 3448 1053 3515 homiuibus
1076 3446 1229 3515 amabiles
1251 3466 1307 3513 sen
1329 3445 1505 3515 laudabiles
1527 3454 1560 3517 et
1580 3448 1648 3517 Deo
1671 3452 1818 3539 omnipo

644 3565 725 3631 tenti
758 3564 966 3651 acceptabiles
994 3568 1089 3649 atquc
1117 3563 1192 3631 cari
1238 3561 1282 3629 Et
1302 3564 1350 3629 ite
1371 3583 1443 3631 cum
1465 3564 1536 3651 ipso
1558 3564 1703 3651 praefato
1725 3567 1817 3635 beato

645 3687 736 3767 patre
765 3686 797 3747 et
825 3680 1047 3766 prodecessore
1076 3684 1181 3745 vestro
1208 3677 1331 3744 felicem
1354 3679 1388 3743 in
1410 3679 1517 3745 futuro
1539 3700 1650 3748 rocem
1672 3702 1693 3749 a
1714 3683 1817 3749 iudice

645 3801 830 3863 cunctorum
853 3794 978 3862 Christo
1002 3793 1118 3878 singuli
1140 3794 1289 3861 mereatis
1311 3792 1435 3861 audire:
1464 3795 1556 3883 Eupo
1581 3796 1706 3882 inquiet
1732 3822 1818 3865 eme

646 3914 724 3979 bona
746 3925 774 3979 et
787 3912 914 3996 fidelmf
938 3915 1015 3998 qaia
1037 3934 1133 3999 saper
1151 3934 1260 3997 pauco
1271 3910 1374 3995 suesti
1386 3912 1510 3993 fidelis,
1539 3936 1640 4000 sopra
1666 3916 1768 3981 multo
1788 3928 1818 3982 te

646 4032 849 4105 constitueras
871 4031 958 4095 incra
979 4030 1134 4115 paediam
1155 4026 1293 4093 Domini
1312 4020 1386 4091 Μ’.
1424 4025 1537 4095 Amen.

684 4142 717 4211 ·l·
739 4142 946 4230 Omnipotens
969 4142 1056 4211 Deus
1078 4162 1135 4209 vos
1158 4160 1267 4208 omues
1291 4140 1346 4207 diu
1368 4142 1541 4211 incolumes
1562 4144 1597 4211 in
1620 4164 1678 4211 suo
1707 4150 1816 4213 sancto

645 4278 753 4325 amore
774 4265 806 4327 et
825 4260 939 4327 timore
954 4258 1113 4327 custodire
1127 4258 1284 4342 dignetur,
1307 4256 1504 4325 dilectissimi
1517 4259 1634 4329 tratres
1648 4280 1687 4329 ac
1699 4259 1760 4329 filii
1772 4260 1815 4329 ·l·.

869 4373 1220 4443 ÷Guthberhctus
1250 4372 1577 4460 archiepiscopus

868 4490 900 4556 ÷
922 4488 1037 4557 Lullo
1342 4488 1587 4577 coepiscopo.

716 4644 737 4679 a.
757 4630 897 4680 lndlentibur
915 4632 943 4679 V.
1020 4630 1042 4677 b.
1064 4628 1217 4677 maculam
1234 4630 1263 4677 7.

717 4738 741 4791 1.
765 4736 799 4793 V.
819 4734 966 4792 alluoth.
979 4736 1005 4805 4,
1019 4736 1043 4790 l.
1134 4733 1161 4790 2.
1183 4732 1280 4789 Moab.
1292 4734 1336 4804 25,
1348 4734 1393 4790 21.
