4342 6034
546 800 628 849 vrns
650 800 805 849 sauonnr
825 800 1087 851 sacsmmscorr
1109 800 1306 849 nocusmsr
1443 783 1508 851 655

428 938 602 1007 celebratis
622 940 722 1024 igitur
743 941 935 1009 sanctissimi
957 941 1152 1027 precursoris
1175 940 1305 1009 Domini
1327 962 1398 1009 cnm
1422 941 1508 1009 omni
1537 952 1606 1007 1160

332 1054 505 1123 devotione
526 1076 565 1123 ac
586 1055 816 1143 supplicatione
838 1056 1043 1143 sollempniis,
1066 1057 1304 1143 compositionis
1324 1062 1507 1145 procurato·
1525 1024 1616 1073 Μ

331 1192 386 1239 res
399 1171 441 1238 de
455 1171 616 1239 obsidibus
632 1177 665 1237 et
678 1173 795 1239 cirinm
810 1172 1025 1239 satisfactione
1039 1171 1167 1239 domino
1182 1173 1376 1241 referebant:
1393 1174 1479 1260 ipsos
1485 1184 1507 1258 ⁸,

331 1294 467 1371 agentes
489 1286 602 1375 superb
624 1287 685 1354 hoc
705 1288 812 1372 verbo,
834 1293 988 1355 tractasse
1009 1288 1139 1371 diutins,
1163 1294 1195 1354 et
1215 1288 1341 1356 obsides
1357 1310 1508 1375 prepara·

330 1408 384 1469 tos
408 1403 493 1484 iore3
516 1403 573 1469 sed
595 1403 735 1489 plebeios
757 1409 791 1470 et
811 1403 966 1487 ignobiles
980 1424 1105 1490 pueros,
1129 1403 1238 1489 quales
1254 1405 1292 1471 da
1308 1405 1424 1491 populo
1441 1405 1508 1471 adi·

330 1519 418 1605 pisci
441 1518 619 1603 quiverunt,
642 1519 697 1603 qui
719 1539 790 1585 eum
813 1519 959 1587 comitari
980 1539 1044 1585 non
1066 1524 1197 1605 possent
1218 1538 1277 1587 nec
1297 1520 1403 1607 ipsum
1419 1520 1508 1587 dece-

330 1640 423 1715 rent3
449 1640 665 1701 verumtamen
684 1636 837 1705 interesse
851 1655 919 1720 sua,
942 1640 975 1703 et
988 1636 1067 1701 istos
1081 1634 1341 1721 qualescumque⁰
1357 1636 1507 1722 recipere,

330 1749 611 1834 qusandoquidom‘¹
640 1750 831 1817 concivium·
858 1751 963 1817 vultus
997 1756 1030 1817 et
1062 1752 1184 1817 animos
1213 1751 1383 1817 admodum
1412 1772 1508 1837 super

330 1864 393 1931 hoc
416 1865 602 1931 immutatos
623 1866 722 1933 fuisse
743 1873 975 1935 concamerent
1057 1866 1102 1933 Et
1115 1868 1254 1953 primum
1270 1888 1333 1933 non
1349 1868 1508 1935 modicum

331 2000 432 2067 super
454 1980 516 2047 biis
538 1987 724 2064 commotus,
748 1983 838 2068 qnasi
859 1982 918 2049 hec
938 1983 1110 2051 minatoria
1130 1988 1282 2069 reputans
1306 1988 1338 2049 et
1360 1982 1506 2069 superba,

330 2098 412 2163 Nom
434 2096 540 2181 iuquit
560 2099 637 2163 talea
665 2099 786 2165 obsides
807 2121 865 2164 aee
887 2100 980 2165 talem
1002 2102 1256 2186 compositionem
1277 2100 1357 2167 mibi
1375 2100 1506 2185 pollice·

330 2214 462 2294 bantur,
484 2215 540 2279 sed
562 2212 685 2300 quclcs‘
705 2218 775 2301 a'pss
796 2216 960 2281 admittam
978 2216 1098 2297 sellem
1116 2218 1258 2303 prestiti
1279 2218 1462 2281 iuramentis
1478 2228 1508 2281 et

330 2331 553 2395 securitatibus
570 2330 732 2417 plurimis.
766 2331 869 2397 Nemo
891 2334 938 2395 cic
957 2334 1037 2417 petr‘c
1056 2342 1094 2396 cc
1106 2334 1251 2411 mirmur,
1275 2353 1364 2397 aeneo
1378 2354 1437 2417 per
1452 2354 1505 2396 ac·

329 2446 571 2533 modradcaem
590 2448 651 2511 rite
672 2449 829 2533 impetrat.
865 2446 968 2527 Quasi
987 2446 1078 2512 nobas
1095 2450 1259 2512 minantur
1274 2459 1303 2513 et
1317 2458 1435 2513 terrore
1448 2469 1506 2511 mos

331 2562 549 2627 aecclesiam
575 2574 717 2627 amoram
739 2562 935 2627 arbitrantes
957 2564 1140 2649 deprimere.
1179 2560 1246 2627 Hac
1268 2566 1300 2627 et
1322 2560 1424 2627 multa
1445 2560 1508 2627 ulia

331 2674 371 2743 de
393 2676 582 2761 demptione
602 2676 755 2762 ipsorum,
779 2676 818 2743 de
839 2676 1046 2743 instabilitate
1068 2684 1110 2759 et,
1135 2676 1218 2761 quod
1240 2676 1367 2743 fallaces
1391 2682 1506 2761 essent,

330 2790 427 2859 beros
450 2810 641 2878 proponens,
664 2797 737 2877 post
757 2791 927 2877 prandiam
948 2811 1048 2876 nsque
1069 2796 1103 2858 et
1125 2812 1220 2878 snper
1241 2791 1300 2859 hec
1321 2812 1356 2858 se
1375 2812 1507 2879 respon·

333 2926 445 2973 aarum
467 2906 610 2973 consulto
632 2907 793 2993 promisit3
818 2905 923 2989 simul,
947 2908 1001 2991 qni
1023 2914 1186 2991 venerant,
1210 2912 1298 2975 tauto
1320 2908 1355 2973 in
1370 2908 1507 2995 solemp-

332 3022 385 3089 nio
408 3042 516 3091 secum
540 3022 722 3109 epulatores
744 3028 853 3091 sueta⁸
875 3021 1040 3089 honestata
1053 3023 1203 3089 invitans.
1280 3022 1507 3109 Suspicabatur

333 3138 468 3205 etenim:
491 3139 576 3223 qnod
596 3138 661 3206 tale
682 3138 805 3205 lacinus
821 3138 856 3203 in
872 3138 978 3224 ipsum
992 3158 1165 3223 numquam
1181 3145 1410 3225 presumerent,
1433 3160 1505 3208 cum

332 3254 514 3338 prasertim,
536 3254 753 3341 multipliciter
775 3252 913 3321 offensus
935 3254 975 3321 ab
996 3255 1087 3341 ipsis,
1111 3275 1164 3321 eos
1180 3274 1349 3339 numquam
1366 3255 1504 3339 lesissst;

333 3368 398 3453 rel,
426 3370 456 3437 si
488 3370 529 3437 ad
556 3370 638 3437 hano
659 3369 879 3437 inmanitatem
901 3376 1161 3457 prorumperent,
1192 3370 1275 3455 quod
1298 3370 1505 3438 munitionem

333 3484 421 3553 illam
445 3492 479 3553 et
499 3486 736 3569 monasterium,
759 3486 794 3551 in
816 3505 878 3570 quo
899 3492 978 3570 erat,
999 3486 1084 3553 intra
1098 3486 1239 3553 triduum
1255 3492 1506 3571 quantocumque

334 3601 500 3669 conamine
528 3620 738 3688 preoccupare
765 3620 829 3668 non
852 3606 996 3686 possent3
1026 3602 1075 3669 etl
1104 3603 1150 3671 sic
1171 3602 1299 3669 tandem
1322 3602 1427 3687 aliquo
1449 3602 1505 3669 ho-

333 3723 424 3785 nesto
446 3716 594 3801 consilio,
620 3738 684 3785 non
706 3719 909 3804 perfugam,
932 3718 1101 3785 evaderet.
1193 3718 1374 3785 Cucullatus
1398 3724 1504 3785 antem

334 3831 489 3916 diabolus,
512 3852 606 3918 quem
629 3853 726 3919 snpra
747 3833 963 3917 meminimus,
986 3833 1167 3901 hesternam
1189 3834 1305 3902 furoris
1327 3834 1504 3921 parricidii·

335 3966 395 4031 que
417 3948 581 4037 crapulam
602 3948 796 4032 Mngnntinis
819 3948 982 4017 eructabat
988 3948 1010 4015 ¹.

422 4064 487 4133 Vix
515 4064 703 4133 venerabilis
732 4070 823 4150 pater
849 4065 1051 4132 reiectionem
1073 4064 1302 4151 compleveram
1333 4072 1503 4153 occupatus

336 4180 432 4247 enim¹
453 4182 540 4249 cisoa
559 4180 804 4248 innumerabiles
827 4200 992 4267 pauperes,
1015 4180 1127 4247 viduas
1144 4186 1176 4247 et
1192 4180 1350 4267 orphanos
1366 4217 1408 4228 —
1425 4202 1502 4267 qnos

335 4292 370 4361 in
389 4297 523 4365 instanti
545 4318 639 4385 opere
660 4296 892 4381 misericordis,
916 4296 1069 4383 copiosa*
1091 4296 1238 4363 videlicet
1259 4296 1442 4381 elemosina,
1466 4302 1502 4363 nt

337 4410 396 4477 sibi
418 4432 544 4501 semper
565 4414 663 4481 moris
678 4418 757 4497 erat,
779 4412 972 4481 sufficienter
987 4411 1170 4498 expleverat
1185 4447 1227 4458 -
1243 4412 1346 4479 fuerat
1361 4412 1503 4497 aliquau-

337 4525 436 4614 tisper
464 4530 625 4611 detentus;
653 4529 707 4595 rix
728 4529 763 4595 in
786 4533 929 4596 extrema
949 4527 1058 4595 lectuli
1079 4533 1171 4614 parte
1193 4528 1293 4595 fessos
1316 4534 1348 4594 et
1370 4528 1503 4595 seniles·

408 4753 428 4789 a
448 4742 499 4803 ipso
516 4742 538 4789 1.
629 4741 653 4789 b.
673 4741 773 4801 desuper
788 4742 814 4799 1,
830 4742 853 4789 2.
946 4754 966 4789 a
987 4740 1157 4801 qualiscumque
1174 4742 1195 4787 1.
1284 4740 1307 4789 rb
1328 4740 1464 4802 quandoque
1480 4742 1502 4789 1.

339 4827 359 4861 ο.
378 4830 428 4866 cnm
444 4821 527 4869 cisium
542 4823 565 4868 1.
642 4822 658 4868 l.
678 4820 751 4881 qudls
768 4822 791 4869 1.
867 4832 889 4880 ς.
909 4824 1019 4868 consnata
1034 4823 1056 4867 2.
1134 4820 1158 4867 h.
1179 4819 1221 4867 sed
1237 4821 1259 4867 1.
1330 4822 1347 4868 i.
1368 4820 1463 4868 eredere
1480 4822 1502 4880 1,

339 4896 479 4949 traducti.
539 4900 564 4949 k.
583 4903 689 4949 motans
705 4904 727 4947 1.
788 4899 861 4948 baffi
876 4902 899 4947 1.
960 4914 991 4947 nr.
1012 4901 1090 4961 copies
1106 4901 1129 4948 1.
1189 4915 1213 4949 n.
1234 4900 1306 4949 sollu
1323 4902 1345 4959 1,
1362 4902 1384 4949 i.
