4342 6034
635 724 679 789 34
876 740 903 788 e.
919 740 1099 789 normann
1118 742 1164 788 nu
1184 740 1289 789 uuum
1309 740 1497 789 maronam
1519 740 1573 787 aa

476 888 617 945 676-705
635 880 745 947 sertim
767 899 839 949 cum
862 880 1051 966 astrologiae
1074 883 1154 949 artis
1175 882 1293 969 peritia
1307 886 1340 949 et
1354 880 1558 949 difficillima·
1573 881 1717 968 oroscopi
1732 900 1806 949 con·

634 996 758 1082 putatio
781 996 964 1065 elucubrata
987 998 1126 1065 doctoris
1148 998 1351 1081 indagatione
1373 1003 1474 1080 egeat.

722 1111 827 1180 Haec'²
850 1113 983 1199 idcirco,
1012 1114 1176 1181 carissime
1197 1118 1304 1199 pater,
1327 1114 1461 1197 cursim,
1484 1112 1712 1201 pedetemptim
1733 1134 1806 1201 per·

634 1229 831 1316 strinximus,
853 1250 917 1297 non
933 1230 1059 1314 garrulo
1079 1229 1281 1297 verbositatis
1296 1230 1432 1315 strepitu
1446 1229 1569 1310 inlecti3
1594 1230 1650 1296 sed
1663 1235 1701 1297 ut
1714 1231 1806 1315 scias,

633 1348 725 1411 tanta
745 1364 852 1413 rerum
875 1346 1012 1413 archana
1027 1346 1202 1413 examusim
1218 1365 1283 1412 non
1296 1365 1391 1432 posse
1405 1344 1557 1430 intellegi,
1580 1345 1644 1413 nisi
1657 1346 1806 1433 frequens

634 1465 668 1528 et
688 1460 814 1548 prolixa
835 1461 999 1529 meditatio
1021 1462 1120 1529 fuerit
1141 1461 1292 1528 adhibita.

724 1576 866 1645 Salutate
887 1578 923 1643 in
945 1576 1071 1645 Christo
1094 1598 1222 1645 omnem
1250 1576 1407 1644 sodalium
1434 1596 1578 1643 meorum
1604 1582 1808 1645 catervam

635 1692 766 1761 minimo
789 1714 888 1779 usque
911 1694 951 1761 ad
973 1694 1158 1760 maximum.
1204 1693 1289 1772 Quos
1311 1694 1440 1761 obsecro
1470 1697 1504 1758 et
1532 1692 1643 1759 adiuro
1664 1712 1723 1780 per
1744 1693 1807 1760 cle·

635 1810 788 1877 mantiam
810 1808 943 1877 Christi:
966 1815 1003 1876 ut
1023 1830 1083 1896 pro
1106 1829 1176 1893 me,
1198 1814 1402 1896 peccatorum
1423 1809 1563 1896 pondere
1584 1813 1618 1877 et
1638 1809 1808 1876 criminum

636 1926 761 1993 sarcina
783 1946 949 2013 oppresso,
973 1945 1083 2013 preces
1106 1925 1244 1991 Domino
1266 1925 1410 1992 fundant

636 2139 673 2209 4.
704 2140 829 2208 Scottua
858 2141 989 2227 quidam
1016 2139 1220 2205 Aldloelmum
1247 2152 1356 2226 repat,
1386 2151 1421 2204 at
1449 2160 1482 2203 oe
1509 2140 1627 2205 doceat.
1672 2138 1808 2205 Morum

703 2259 844 2322 mutuari
865 2258 981 2342 cupit⁰.
1545 2251 1581 2335 (S
1596 2254 1650 2337 41,
1672 2251 1713 2321 W
1731 2255 1807 2337 164)

477 2394 619 2450 688-705
726 2388 863 2455 Domino
893 2392 1018 2471 sancto,
1048 2387 1299 2474 sapientissimo,
1334 2386 1461 2455 Christo
1488 2387 1616 2473 quidem
1643 2387 1807 2455 canusima

636 2504 805 2572 Aldhelmo
829 2502 955 2571 Scottus
977 2504 1078 2587 ignoti
1099 2504 1238 2570 nominis
1258 2504 1294 2569 in
1315 2503 1384 2571 Deo
1407 2508 1534 2571 aeterno
1557 2502 1701 2571 salutem.

725 2619 812 2687 Dum
840 2625 872 2687 te
899 2624 1093 2707 prestantem
1116 2620 1242 2704 ingenio
1264 2620 1474 2706 facundiaque
1495 2618 1637 2686 Romana
1659 2619 1807 2686 aerario

636 2735 713 2804 flore
739 2736 934 2821 litterarum,
965 2734 1063 2803 etiam
1086 2733 1259 2802 Grecorum
1286 2694 1390 2821 moire,
1418 2756 1484 2802 non
1505 2735 1661 2819 nesciam,
1689 2755 1730 2802 ex
1752 2754 1808 2801 ore

636 2858 707 2939 tuo,
735 2853 823 2921 fonto
850 2852 997 2920 videlicet
1024 2852 1175 2919 scientiae
1202 2852 1389 2939 purissimo,
1420 2851 1560 2919 discered
1582 2850 1682 2934 malo,
1712 2870 1808 2936 quam

637 2990 677 3037 ex
705 2969 810 3056 aliquo
839 2968 979 3057 quolibet
1004 2974 1117 3056 potare
1144 2967 1325 3035 turbulento
1353 2968 1515 3051 magistro.
1552 2966 1726 3035 Prosertim
1747 2967 1809 3035 hoc

634 3106 842 3173 prenoscens,
871 3087 977 3169 scito⁰,
1006 3084 1090 3170 quod
1117 3084 1235 3151 idcirco
1262 3090 1296 3151 te
1318 3083 1507 3152 fiducialiter
1527 3084 1575 3149 ita
1596 3083 1743 3151 obsecro:
1771 3088 1809 3151 ut

635 3222 686 3269 me
709 3202 863 3289 suscipias
886 3201 1070 3286 doceasque.
1109 3200 1266 3279 Quoniam
1286 3199 1390 3284 fulgor
1411 3236 1453 3247 —
1474 3219 1533 3267 ceu
1554 3200 1675 3268 dictum
1697 3204 1747 3265 est
1764 3234 1807 3245 —

636 3317 811 3404 sapientiae
833 3337 891 3404 pre
917 3316 1026 3383 multis
1053 3316 1087 3383 in
1115 3321 1148 3383 te
1173 3315 1274 3399 fulget
1294 3315 1480 3402 lectoribus,
1510 3336 1548 3384 ac
1568 3317 1808 3403 peregrinorum

635 3438 768 3518 mentes,
784 3433 979 3521 cupientium
995 3432 1184 3518 sapientiam
1199 3432 1331 3517 discere,
1348 3433 1525 3516 cognoscis3
1549 3432 1625 3519 quia
1638 3437 1675 3499 tu
1689 3432 1809 3499 Romae

637 3549 758 3616 advena
784 3550 873 3616 luisti
881 3545 900 3634 ¹,
927 3549 1058 3636 insuper
1086 3548 1171 3634 quod
1194 3549 1372 3633 aquodam
1395 3554 1505 3615 sancto
1527 3544 1614 3615 riro¹
1637 3548 1677 3615 de
1698 3553 1807 3615 nostro

635 3685 750 3750 genere
778 3666 916 3733 nutritus
940 3684 984 3732 es.
1022 3664 1110 3732 Haec
1132 3664 1300 3751 conpendii
1322 3684 1420 3731 causa
1440 3663 1648 3749 significant'3
1671 3665 1756 3750 quia,
1779 3664 1808 3731 si

635 3780 819 3849 humiliter⁸
844 3802 902 3869 per
935 3782 1100 3849 caritatem
1128 3780 1265 3848 volueris
1300 3781 1486 3866 adtendere,
1520 3801 1584 3849 non
1613 3781 1720 3848 minus
1747 3800 1807 3867 per

635 3917 737 3985 pauca
764 3897 862 3965 verba
892 3918 986 3983 quam
1015 3918 1074 3984 per
1107 3897 1262 3985 plurimas
1296 3898 1590 3983 sermocinationes,
1623 3896 1805 3986 perspicies.

635 4013 722 4081 Haec
737 4013 797 4081 tibi
814 4034 938 4100 quoque
953 4014 1118 4081 sinceriter
1133 4014 1269 4080 dissero:
1292 4013 1434 4081 libellum
1449 4014 1617 4100 quendam,
1640 4034 1734 4100 quom
1749 4034 1808 4099 ego

635 4130 717 4197 nonl
732 4130 843 4215 habeo,
868 4130 921 4216 qui
941 4150 1004 4197 non
1026 4134 1075 4196 est
1089 4130 1192 4196 maior
1207 4130 1383 4217 acceptorio
1398 4132 1533 4198 duarum
1547 4130 1807 4218 septimanarum,

709 4272 944 4333 apamienam.
1037 4272 1060 4319 b.
1082 4272 1271 4333 Hace-preces
1290 4273 1383 4321 domino
1403 4272 1559 4320 fundantem.
1577 4275 1645 4321 lm.
1738 4286 1759 4320 c.
1778 4290 1808 4319 a:

638 4354 663 4403 7
674 4353 803 4401 ao-coo.
834 4356 938 4399 huma:
959 4352 1015 4399 lton
1036 4352 1142 4412 epistola
1236 4353 1259 4399 d.
1280 4353 1364 4400 ducito
1381 4354 1407 4401 7.
1502 4366 1522 4399 e.
1544 4352 1604 4401 scito
1622 4366 1763 4413 prenoscens
1779 4354 1808 4402 7.

634 4433 651 4479 l.
672 4432 804 4480 slcrifficant
820 4434 849 4481 V.
925 4446 947 4493 q.
967 4432 1076 4480 humiliter
1093 4434 1121 4480 V.
1197 4432 1222 4479 lt.
1241 4446 1289 4480 non
1304 4434 1397 4481 addidi.

708 4529 733 4582 1.
758 4526 810 4583 tub
828 4526 924 4598 Sergio
940 4528 954 4583 1
971 4544 1044 4599 papa
1062 4528 1234 4596 (cut-701).
1263 4528 1297 4584 V.
1316 4529 1415 4583 Faricii
1432 4528 1499 4585 vita
1516 4526 1653 4583 Aldhelmi
1670 4530 1762 4597 cap.2
1779 4528 1808 4583 in

637 4614 775 4671 Aldhelmi
798 4630 861 4687 opp.
885 4617 928 4672 ed.
953 4617 1028 4673 Glles
1050 4634 1078 4689 p.
1097 4618 1151 4672 360
1173 4622 1202 4671 et
1218 4616 1356 4672 wilhelmi
1377 4616 1552 4673 Malmesbnr.
1575 4616 1612 4672 de
1633 4615 1809 4687 pontificibus

637 4704 708 4761 L.V
726 4720 770 4774 ap.
789 4704 857 4761 Gale
874 4706 945 4761 Hist.
964 4706 1032 4762 Brit.
1050 4704 1099 4762 SS.
1118 4706 1210 4761 1350.
1301 4708 1327 4762 2.
1351 4704 1539 4777 allolldnlio,
1562 4706 1721 4761 monasterii
1742 4704 1808 4760 liol-

637 4792 831 4849 mesburiensis
848 4800 968 4851 auctore.
996 4796 1030 4853 V.
1043 4794 1182 4853 wilhelmi
1192 4794 1334 4851 Malmesb.
1352 4795 1388 4851 de
1405 4794 1808 4865 permanseruntque,

637 4886 666 4939 et
682 4882 810 4940 Mobillon
829 4882 900 4940 Acta
918 4883 966 4941 SS.
986 4884 1043 4941 ord.
1063 4886 1130 4942 Bon.
1149 4900 1223 4942 saec.
1236 4886 1276 4941 ΙΙΙ
1293 4886 1350 4940 P.l
1367 4900 1394 4955 p.
1408 4884 1494 4941 2234,
