4342 6034
614 754 642 802 s.
660 754 837 804 normann
856 755 902 803 nr
923 756 1026 803 nunur
1047 755 1235 804 nrmncnsn
1258 753 1288 800 ee
1473 739 1536 806 165

373 893 466 960 mules
487 894 523 960 in
546 895 699 962 aecclesia
720 896 896 982 permixtos
919 897 1011 964 benis
1032 916 1134 983 usque
1156 896 1197 964 ad
1219 895 1314 962 finem
1338 896 1435 964 seculi
1456 903 1706 965 tem-suessae

373 1029 488 1096 pusque
509 1011 619 1078 iudicii
641 1011 779 1094 luturce3
811 1017 843 1078 et
869 1012 950 1079 nihil
976 1013 1067 1079 bonis
1090 1013 1211 1079 unitate
1235 1031 1271 1078 ac
1293 1013 1538 1100 participatione

372 1131 648 1213 samamentorum,
671 1129 762 1213 quia·
786 1147 895 1194 cerum
916 1127 1010 1194 factis
1031 1147 1097 1194 non
1112 1129 1339 1213 consenserint,
1363 1129 1536 1197 obfuturos.

454 1241 536 1309 Cum
558 1263 633 1310 vero
657 1244 714 1328 eis,
736 1263 795 1330 per
817 1263 897 1328 quos
920 1243 1074 1310 aecclesie
1094 1243 1225 1327 regitur,
1250 1243 1339 1310 adest
1354 1264 1433 1331 pace
1450 1245 1539 1312 salva

371 1362 506 1444 potestas
534 1358 721 1446 disciplinae
748 1359 898 1426 adversus
926 1359 1078 1445 reprobos
1107 1365 1162 1426 aut
1187 1359 1325 1426 nefarios
1354 1355 1537 1446 exercende,

371 1479 440 1541 tunc
460 1495 591 1559 rursus,
619 1495 660 1542 ne
688 1475 833 1542 socordia
861 1474 1058 1558 segnitiaque
1080 1474 1290 1559 dormiamus,
1320 1475 1391 1542 aliis
1421 1476 1538 1544 aculeis

371 1596 622 1676 praeceptorum,
650 1610 731 1676 quae
753 1590 794 1656 ad
816 1591 1018 1658 severitatem
1039 1589 1257 1656 coercitionisl
1279 1592 1454 1677 pertinent,
1484 1613 1539 1660 ex·

371 1706 482 1773 citandi
504 1726 626 1772 sumus.
671 1706 722 1773 Ita
749 1711 798 1774 est
826 1707 922 1773 etiam
950 1706 1032 1772 ratio
1060 1705 1282 1772 dissimulandi
1311 1710 1343 1772 et
1370 1707 1539 1776 tollerendi

354 1821 464 1888 ‘mdes
485 1823 521 1887 in
546 1821 712 1904 aecclesia3
736 1826 769 1889 et
791 1827 840 1889 est
860 1841 970 1888 rursus
992 1821 1074 1888 ratic
1099 1821 1274 1905 castigandi
1290 1826 1322 1888 et
1336 1823 1537 1909 corripiendi,

370 1957 429 2003 nen
455 1937 626 2004 amittendi
647 1937 699 2004 vel
720 1958 740 2004 a
761 1937 982 2004 communione
1003 1937 1201 2020 removendi3
1231 1943 1268 2004 ut
1288 1957 1346 2005 nec
1366 1938 1538 2026 patientiae

370 2053 491 2120 nomine
512 2059 732 2140 torpescamus
754 2073 813 2120 nec
835 2053 965 2120 obtentu
987 2052 1170 2136 diligentiae
1193 2053 1361 2120 seriumne.

451 2168 570 2236 Dicam
592 2188 725 2254 quoque,
749 2169 834 2256 qued
856 2189 895 2234 ex
919 2168 1068 2254 operibus
1084 2170 1286 2255 antiquorum
1305 2170 1450 2257 excerpsi
1465 2170 1538 2238 doc

369 2290 483 2368 torum3
519 2291 555 2352 et
580 2285 702 2352 utiliter
727 2286 763 2352 iu
790 2290 856 2351 tam
883 2284 1063 2372 perniciosa
1090 2283 1254 2353 barbarie⁰
1284 2285 1325 2352 ad
1352 2285 1538 2353 memoriam

370 2399 457 2468 debet
478 2401 599 2468 reduci
691 2400 725 2467 Si
746 2401 828 2468 forts
850 2401 885 2466 in
907 2400 1032 2487 prefata
1061 2399 1324 2467 condescensione
1353 2421 1373 2467 a
1401 2399 1540 2485 quolibet

369 2515 589 2583 crdumniaris·¹
622 2517 662 2584 de
696 2516 802 2602 aliquo
829 2515 998 2582 simulandi
1028 2516 1095 2582 sive
1124 2516 1220 2583 etiem
1246 2514 1385 2600 fingendi
1414 2536 1539 2602 genere,

369 2631 523 2718 legimus·,
550 2633 634 2718 qued
655 2632 743 2699 utilis
765 2631 925 2698 simulatio
947 2632 1142 2699 adsumenda
1157 2631 1247 2698 sitin
1262 2637 1413 2720 tempore.
1448 2631 1539 2700 Unde

370 2755 399 2815 et
417 2749 544 2836 Gepbas
575 2748 802 2834 ,subtrahebat
829 2753 862 2814 et
891 2748 1078 2832 segregabat
1100 2769 1150 2833 se,
1179 2747 1296 2814 timens
1319 2745 1413 2816 'ecs“¹
1435 2755 1467 2817 et
1488 2770 1539 2817 re-

369 2864 465 2951 liqua3
502 2870 623 2932 etuas
657 2860 842 2932 electionis’
869 2865 1007 2930 totondit
1033 2859 1159 2950 capud³
1188 2869 1220 2931 et
1248 2863 1448 2932 Timotheum
1471 2855 1539 2933 ¹cir·

370 2977 542 3049 cumcidit⁴.
581 2980 653 3067 lpse
676 3000 800 3066 quoqne
822 2979 883 3046 Dei
904 2978 989 3046 filius
1011 2978 1114 3064 tinxit,
1139 2999 1172 3046 se
1194 2979 1319 3064 longius
1341 2975 1405 3048 ire'
1429 2985 1462 3047 et
1483 3001 1538 3048 ne-

370 3097 444 3165 scire
466 3117 551 3183 quae
574 3096 707 3180 sciebat,
736 3100 774 3162 ut
802 3097 912 3163 estin
941 3095 1120 3179 euangelio:
1151 3095 1230 3177 Qud
1253 3118 1302 3162 me
1324 3085 1461 3183 cetipitt⁰
1491 3101 1537 3163 et:

376 3212 433 3279 Ubi
451 3215 611 3300 perabat
640 3207 745 3279 eum?
777 3211 841 3278 Sed
869 3217 901 3280 et
921 3211 1089 3298 psalmista
1110 3211 1279 3278 inmutavit
1300 3211 1423 3278 vultum
1446 3231 1538 3280 suum

370 3345 470 3394 corum
498 3323 752 3409 Habimelecb'⁸;
786 3332 818 3395 et
845 3327 958 3414 Ioseph
989 3327 1101 3393 ludens
1130 3327 1281 3394 frutribus
1310 3327 1432 3394 locutus
1461 3323 1536 3394 est⁹.

370 3441 430 3510 Nec
450 3465 517 3511 non
540 3449 573 3510 et
594 3443 693 3510 lucei
706 3443 830 3510 hedinis
845 3442 981 3530 pellibus
996 3442 1140 3510 membra
1155 3439 1334 3510 contexit¹⁰.
1369 3441 1438 3510 Hoc
1451 3443 1536 3527 fecit,

370 3564 402 3625 ut
422 3563 591 3646 putaretur
612 3579 692 3643 esse,
715 3559 770 3644 qui
791 3579 856 3625 non
877 3563 960 3640 erat3
984 3563 1017 3625 et
1038 3559 1067 3624 si
1090 3558 1256 3642 diligenter
1278 3563 1312 3625 et
1331 3557 1467 3626 fideliter
1482 3559 1537 3626 ad·

370 3675 516 3759 tenditur,
539 3695 603 3742 non
618 3679 668 3742 est
681 3675 891 3758 mendacium,
906 3675 962 3742 sed
977 3675 1163 3742 misterium.
1198 3673 1260 3740 Per
1273 3673 1404 3741 bedinse
1420 3675 1537 3760 quippe

370 3791 462 3876 pelles
484 3795 628 3879 peccata,
651 3811 710 3877 per
732 3809 805 3856 eum
828 3809 913 3875 vere,
937 3791 991 3875 qui
1014 3791 1060 3856 eis
1082 3809 1117 3857 se
1141 3791 1280 3876 operuit,
1303 3789 1358 3857 ille
1380 3787 1536 3874 significa-

370 3912 427 3991 tur,
449 3907 507 3993 oni
530 3906 634 3973 aliens
654 3912 785 3992 peccata
805 3910 922 3992 portat

452 4022 542 4089 Haec
562 4027 637 4088 tuae
667 4021 809 4105 caritati,
836 4041 901 4087 non
930 4021 1021 4107 quasi
1048 4022 1174 4108 priscae
1203 4021 1399 4088 auctoritatis
1427 4021 1537 4105 ignare

370 4136 417 4203 rel
436 4143 566 4205 nostrae
587 4138 775 4204 rusticitatis
798 4137 1012 4203 admonitione
1034 4137 1200 4220 indigenti,
1223 4155 1263 4202 ne
1287 4137 1380 4221 quid⁸
1400 4137 1463 4203 tuis
1484 4158 1536 4204 rc-

372 4253 491 4334 gatibus
514 4253 781 4337 derogassemusl,
811 4253 1006 4340 trepidantes
1029 4253 1214 4340 scripsimus
1236 4272 1294 4339 prc
1317 4271 1370 4338 eo,
1398 4253 1482 4338 quod
1503 4258 1536 4320 te

437 4427 459 4460 a.
479 4413 547 4476 on,
568 4414 623 4475 quia
638 4417 666 4462 C.
732 4413 755 4459 b.
776 4413 903 4460 coertionis
920 4416 946 4460 C.
1014 4425 1034 4460 c.
1053 4412 1171 4460 barbariae
1189 4416 1223 4460 Μ.
1289 4412 1312 4459 d.
1333 4412 1484 4470 culumniurug
1500 4417 1535 4469 11,

373 4491 510 4541 ministeria
531 4497 558 4542 C.
636 4507 656 4539 c
677 4493 773 4551 legimus
794 4509 851 4539 corr.
867 4495 890 4538 ta
909 4493 1032 4552 legerimus
1047 4496 1086 4547 m,
1108 4492 1203 4551 legimus
1221 4495 1247 4540 C.
1325 4491 1341 4538 l.
1361 4491 1493 4539 Abimelehc
1509 4495 1536 4540 C.

373 4574 507 4632 bouill.
584 4573 817 4631 ndemgmenc.

439 4679 464 4732 1.
487 4677 613 4747 emes,
627 4679 670 4732 ra.
754 4677 779 4732 u.
804 4677 914 4731 rann.
997 4677 1023 4731 a.
1046 4675 1337 4746 Aet.ap0st.18,18.
1420 4676 1446 4730 4.
1471 4673 1535 4730 ret.

375 4770 457 4831 noue.
475 4769 556 4837 roe.
660 4764 687 4821 e.
711 4767 777 4821 nus.
796 4767 896 4836 agas
994 4765 1020 4821 e.
1044 4766 1111 4820 nuo.
1130 4764 1211 4834 ore.
1311 4765 1335 4818 r.
1359 4761 1416 4818 roe.
1436 4763 1478 4833 11,
1491 4764 1535 4818 34.

375 4853 399 4904 e.
414 4852 511 4926 raas,
524 4857 549 4910 1.
641 4855 667 4910 s.
685 4855 720 4911 v.
738 4853 807 4911 cen.
825 4855 869 4925 aa,
883 4856 907 4909 r.
1000 4856 1043 4909 ro.
1062 4853 1130 4910 een.
1149 4854 1193 4924 rr,
1208 4854 1249 4908 1e.
