4342 6034
563 828 769 875 mordemur
791 826 871 875 vrrs
894 826 921 875 e.
937 826 1114 875 normann
1135 827 1211 875 car.
1227 828 1250 872 v
1422 810 1489 875 443

339 968 454 1052 tristari,
478 968 544 1054 sed,
568 968 739 1057 apostolico
762 968 940 1036 inherentes
963 972 1111 1055 precepto
1121 964 1139 1053 ¹,
1162 967 1197 1035 in
1218 966 1355 1036 Domino
1375 968 1491 1053 iugiter
1508 974 1561 1033 717

338 1082 532 1151 consolantur.
623 1084 690 1152 Iam
718 1082 832 1153 blande
860 1084 991 1151 adorsus
1019 1089 1068 1151 est
1095 1084 1208 1152 batres
1238 1088 1270 1151 et
1295 1083 1490 1171 spiritalibus

338 1220 383 1267 eos
398 1198 577 1286 conloquiis,
595 1206 746 1289 paternae
761 1220 881 1269 memor
896 1200 1087 1285 traditionis,
1104 1200 1263 1267 hortatur:
1286 1206 1323 1267 ut
1336 1200 1490 1285 regularis

335 1317 438 1401 iugiter
460 1316 692 1384 constitutionis
714 1316 850 1384 formam
873 1321 905 1383 et
922 1314 1172 1384 aecclesiasticae
1187 1316 1403 1384 diffinitionis·
1418 1336 1491 1383 uor-

336 1452 408 1499 mam
431 1432 463 1499 in
487 1432 632 1500 omnibus
655 1436 892 1516 conservarent;
917 1438 958 1517 et,
980 1438 1016 1498 nt
1037 1434 1139 1519 patrie
1154 1432 1321 1501 cuiuslibet
1336 1430 1490 1520 spiritali*
1536 1444 1539 1449 ·

335 1568 364 1616 se
377 1548 598 1632 subiungerent
612 1548 755 1636 imperio,
771 1548 932 1615 instromit.
967 1546 1055 1616 Tunc
1070 1568 1178 1615 omues
1192 1550 1402 1615 unanimiter·
1417 1568 1491 1616 eon·

335 1664 409 1731 souis
431 1664 592 1731 instabunt
614 1664 753 1750 vocibus,
777 1670 809 1731 et
831 1668 973 1731 sanetum
996 1664 1080 1730 huno
1095 1664 1208 1748 virum,
1232 1664 1286 1751 qui
1304 1664 1360 1731 illo
1377 1664 1492 1733 dicitur

334 1780 362 1846 iu
386 1784 526 1867 tempore
546 1778 734 1867 Wynfrithl,
763 1780 868 1847 cuncti
894 1784 1130 1867 precarentur:
1157 1784 1194 1845 ut
1214 1780 1374 1867 pastorale
1396 1800 1492 1868 cuper

334 1916 379 1963 eos
400 1894 521 1963 abbatis
545 1898 718 1985 susciperet
739 1897 966 1979 magisterium.
1001 1894 1081 1981 Sed,
1105 1896 1249 1964 refutatis
1271 1916 1347 1963 mox
1368 1895 1491 1982 patriae

333 2010 525 2079 facultatibus
548 2016 580 2081 et
600 2014 740 2100 primatu
762 2012 925 2097 regiminis
949 2012 1085 2097 abiecto,
1115 2012 1155 2079 ad
1176 2012 1406 2099 praedistinata
1425 2012 1491 2079 iam

332 2134 488 2217 promptus
517 2148 553 2195 ao
580 2134 727 2217 paratus,
756 2128 878 2197 sollerti
905 2148 939 2195 se
967 2148 1044 2195 eura
1073 2126 1257 2195 excusavit‘.
1297 2126 1492 2214 Omnemque

333 2244 533 2331 proheredum
556 2246 764 2313 substantiam
788 2242 970 2329 abnegando
993 2244 1131 2311 rennuit

412 2360 493 2428 cum
515 2382 589 2428 vero
611 2360 774 2429 hibernale
795 2360 859 2427 iam
882 2364 1007 2448 tempus
1030 2360 1219 2448 praeteriret
1236 2364 1268 2426 et
1282 2357 1367 2425 calor
1382 2359 1492 2426 estatis
1510 2366 1563 2422 718

333 2476 540 2562 candesceret,
573 2478 771 2565 pristinaque
798 2476 934 2545 labentis
964 2477 1038 2543 anni
1065 2480 1254 2543 renovatur⁸
1281 2474 1431 2559 intentio,
1461 2480 1494 2542 et

333 2594 409 2659 omni
437 2592 556 2681 quippe
585 2593 794 2661 sollieitudine
821 2592 883 2661 iter
911 2594 1061 2659 omissum
1087 2592 1230 2660 iterando
1253 2610 1405 2659 renovare
1427 2597 1493 2659 stu-

333 2706 428 2776 diritl.
467 2708 555 2775 Tunc
582 2708 698 2776 litteris
726 2710 822 2777 etiam
850 2708 1119 2776 commendatioiis
1146 2728 1166 2775 a
1190 2708 1302 2776 beatae
1323 2708 1494 2776 memoriae

332 2821 481 2909 Danielo¹,
509 2824 569 2892 Dei
596 2824 697 2913 plebis
726 2820 949 2913 speculatore¹,
979 2825 1131 2911 acceptis,
1160 2822 1201 2890 ad
1228 2824 1340 2891 limina
1368 2830 1494 2913 aposto-

331 2938 425 3007 lorum
449 2938 582 3007 Romam
603 2942 711 3007 venire
732 2940 910 3028 temptavit.
945 2939 1044 3018 Quem
1066 2938 1191 3006 tamenk
1205 2940 1418 3007 resistentium
1436 2940 1494 3008 ali·

332 3056 465 3141 qnandiu
492 3056 628 3124 trabum
657 3055 768 3123 orbata
795 3056 896 3143 patris
922 3054 1078 3143 inpedivit
1100 3057 1287 3140 necessitas,
1316 3057 1493 3143 caritasque

332 3170 531 3239 heiulantium
560 3192 597 3239 ae
624 3172 790 3259 compassio
812 3171 980 3258 utrubique
1003 3170 1177 3239 dolentium
1201 3172 1241 3239 ad
1261 3177 1388 3259 tempus
1410 3172 1494 3239 obsi·

333 3288 443 3371 stebat3
470 3288 519 3355 ita
539 3292 576 3354 ut
597 3308 712 3373 magno
735 3288 860 3374 quidem
883 3288 999 3355 mentis
1022 3308 1139 3373 augore
1159 3288 1373 3375 premebatur¹
1396 3294 1437 3373 et,
1459 3288 1493 3355 in

333 3422 418 3487 quam
444 3424 478 3472 se
499 3408 638 3472 verteret
659 3408 793 3490 partem,
815 3404 1014 3489 ignorabat⁸.
1049 3402 1210 3471 Metuebat
1232 3404 1326 3489 enim,
1349 3424 1390 3472 ne
1404 3424 1493 3489 grex,

333 3520 477 3604 magistro
499 3521 696 3605 commissus,
719 3520 784 3587 iam
807 3520 875 3587 sine
897 3520 1042 3605 vigilanti
1058 3520 1196 3608 pastoris
1212 3520 1364 3605 ousmdia,
1387 3540 1424 3588 eo
1439 3520 1494 3588 de-

334 3634 464 3722 cedente,
486 3636 635 3725 luporum
657 3636 832 3703 morsibus*¹
846 3640 986 3723 pateret;
1011 3642 1052 3723 et,
1074 3640 1112 3702 ut
1129 3656 1260 3723 peregre
1276 3635 1495 3724 proficiscendi

334 3752 507 3820 autumnale
536 3752 597 3821 sibi
624 3750 770 3820 deficeret
796 3757 937 3839 tempus,
964 3750 1183 3819 formidabat.
1223 3750 1364 3839 Cumque
1393 3752 1494 3820 omni·

397 3898 418 3932 a.
438 3884 578 3933 definitionis
594 3888 622 3934 A.
696 3884 720 3932 b.
741 3884 851 3945 spiritalis
866 3888 895 3943 A,
910 3888 938 3933 Β.
1011 3898 1031 3932 c.
1050 3884 1198 3933 unianimiter
1212 3888 1238 3934 F.
1307 3886 1330 3933 d.
1345 3884 1450 3946 Wyuh'ld
1465 3890 1494 3943 A,

334 3960 424 4011 Wmfrid
439 3968 468 4013 Β.
550 3980 571 4013 ο.
592 3982 650 4012 corr.
666 3966 688 4012 a'n
703 3964 855 4027 precabantur
869 3968 897 4013 A.
979 3964 996 4012 f.
1016 3965 1146 4013 excusauit
1160 3968 1186 4012 Β.
1264 3979 1285 4025 g.
1305 3968 1451 4013 renovaretur
1465 3968 1494 4014 A.

333 4038 354 4087 h.
373 4044 460 4092 studuit
473 4049 502 4103 A,
517 4046 546 4093 B.
607 4044 623 4092 l.
643 4044 755 4093 Danihelo
769 4047 797 4101 A,
808 4048 836 4092 Β.
897 4044 921 4093 k.
940 4046 1002 4093 te'cB.
1064 4044 1080 4091 l.
1099 4046 1240 4105 premeretur
1250 4050 1279 4103 A,
1289 4049 1317 4094 Β.
1378 4058 1409 4092 m.
1428 4044 1493 4103 iguo·

334 4126 389 4169 rarat
403 4127 431 4181 A,
447 4126 474 4172 Β.
550 4138 574 4171 u.
594 4124 708 4172 muralbua
724 4126 750 4171 Β.
827 4138 849 4170 o.
867 4124 1001 4173 formidaret
1015 4128 1042 4181 Β,
1056 4124 1194 4172 formidabat
1208 4129 1237 4181 A,
1253 4128 1281 4172 Β.

399 4211 424 4265 1.
447 4209 597 4266 icariuth.
611 4212 637 4282 1,
649 4210 680 4267 t:
707 4210 800 4283 ,siout
816 4210 957 4267 abundant
973 4212 1117 4281 passiones
1135 4210 1236 4267 Christi
1253 4211 1281 4267 iu
1298 4209 1391 4281 uobis,
1409 4210 1449 4265 ita
1466 4212 1495 4265 et

334 4310 378 4365 ptr
394 4296 531 4356 Christum
554 4298 677 4355 abundat
694 4298 845 4356 consolatio
862 4298 987 4356 nostra“.
1076 4302 1103 4357 2.
1125 4300 1223 4356 Daniel
1241 4314 1285 4369 ep.
1297 4298 1494 4357 Wiutoniensia

334 4384 438 4443 tabulae
460 4404 504 4459 ap.
521 4388 637 4445 Kemble
654 4388 721 4445 cod.
740 4388 805 4459 dipl.
824 4388 886 4445 aevi
903 4388 1031 4445 Saxouiei
1047 4390 1061 4444 1
1080 4390 1132 4445 113
1155 4388 1317 4458 subscripsit
1334 4389 1387 4443 sie:
1412 4388 1494 4459 ,Ego

334 4472 425 4531 Daniel
448 4476 504 4533 dei
526 4476 639 4548 plebis
661 4476 779 4533 famulus
804 4483 832 4532 et
854 4476 1081 4548 apeculat0r“.
1109 4477 1273 4549 Saepissime
1292 4480 1384 4532 autem
1401 4476 1495 4546 posuit

335 4560 410 4619 hoec:
429 4565 494 4637 ,dei
511 4564 600 4637 plebis
617 4564 772 4639 famulus“;
791 4582 817 4621 v.
836 4580 920 4637 supra
937 4582 963 4637 p.
978 4568 1011 4622 11
1030 4570 1059 4622 et
1078 4567 1128 4623 161
1149 4571 1177 4623 et
1193 4566 1302 4621 mbulas
1320 4582 1364 4636 ap.
1377 4564 1493 4620 Kemble

336 4650 394 4707 192
410 4658 438 4709 et
454 4656 497 4710 98.
524 4656 633 4726 ltaque,
657 4671 719 4711 eum
737 4654 836 4709 Daniel
857 4654 885 4709 in
903 4653 1033 4711 Bonifatii
1051 4659 1080 4711 et
1097 4655 1167 4710 Lulli
1185 4670 1229 4727 ep.
1243 4656 1290 4726 11,
1309 4670 1392 4725 supra
1408 4670 1436 4724 p.
1448 4654 1492 4725 61,

336 4740 581 4813 cuswynfflahum
604 4743 730 4800 omnibus
754 4742 939 4815 commendat,
964 4760 1025 4799 sese
1051 4744 1135 4815 ,Dei
1157 4742 1361 4799 famulorum
1386 4741 1492 4797 famu.

336 4826 415 4884 lurra*¹
435 4834 558 4903 appellet,
576 4832 626 4889 has
646 4832 772 4905 ,litteras
790 4830 1058 4904 commendaticias“,
1077 4846 1147 4902 quas
1164 4832 1274 4903 quidem
1291 4832 1393 4902 legisse
1407 4832 1492 4888 Willi-

336 4913 427 4975 baldus
443 4921 558 4993 ridetur,
575 4920 611 4979 ab
627 4922 675 4978 flia
691 4921 809 4993 epistola
825 4920 949 4979 divemas
967 4920 1053 4979 fuisse
1070 4922 1165 4993 liquet
