4342 6034
581 815 609 863 s.
625 816 801 865 somaro
822 820 866 865 nr
888 819 990 866 uuum
1011 819 1199 867 nrmronsn
1223 819 1253 867 ao
1438 803 1502 870 147

344 953 419 1020 tituli
433 955 534 1022 sancti
547 955 688 1041 Euscbii,
709 957 760 1025 bis
775 959 873 1042 gestis
889 964 984 1045 atque
1006 961 1183 1028 sententiae
1206 981 1225 1027 a
1247 959 1338 1028 nobis
1360 961 1502 1048 promul·
1534 971 1587 1026 745

343 1071 417 1152 gatis
437 1070 633 1158 subscripsit
1520 1043 1609 1092 Μ

379 1186 624 1272 ibominicm,
653 1188 781 1255 humilis
810 1190 966 1276 presbiter
993 1197 1122 1258 sanctae
1144 1191 1305 1259 Romanae
1333 1191 1502 1260 aecclesiae

342 1301 418 1368 tituli
438 1309 567 1370 sauctae
587 1303 731 1390 Priscae,
759 1306 808 1371 his
836 1307 933 1390 gestis
957 1312 1052 1391 atque
1074 1309 1250 1376 sententiae
1274 1308 1406 1374 anobis
1428 1327 1503 1394 pro-

342 1417 478 1501 mulgatis
502 1420 699 1508 subscripsit

377 1533 618 1620 ilheodorus,
652 1537 781 1603 humilis
814 1538 971 1624 presbiter
1006 1545 1134 1605 sanctae
1162 1539 1322 1605 Romanae
1353 1538 1502 1606 ecclesiae

341 1647 414 1714 tituli
435 1652 538 1717 sancti
559 1651 738 1738 Laurentii,
765 1653 815 1720 his
839 1655 936 1738 gestis
959 1659 1053 1740 atque
1076 1655 1250 1721 sentcntiae
1274 1674 1293 1720 a
1315 1653 1405 1720 nobis
1427 1675 1502 1742 pro-

341 1765 476 1848 mulgatis
500 1767 696 1855 subscripsit.

376 1881 622 1969 innastasius,
650 1886 797 1969 indignus
821 1885 976 1972 presbiter
998 1892 1127 1952 sauctae
1148 1883 1309 1952 Romanae
1332 1885 1502 1954 aecclesiae

340 1998 414 2064 tituli
441 2006 572 2068 sanctae
593 2001 729 2086 Mariae,
759 2002 808 2068 bis
834 2003 932 2086 gestis
956 2007 1049 2087 atque
1072 2002 1248 2069 sententiae
1273 2003 1405 2069 anobis
1428 2023 1501 2090 pro·
1565 2043 1569 2050 -

340 2115 475 2199 uolgatis
499 2118 697 2204 subscripsit

374 2230 582 2318 ÷Georgius,
605 2234 733 2300 humilis
756 2235 912 2321 presbiter
935 2239 1062 2301 sauctae
1084 2233 1245 2300 Romanae
1270 2231 1438 2301 aecclesiae
1462 2233 1501 2299 ti-

340 2345 390 2411 tuli
413 2353 595 2416 sanctorum
622 2349 771 2417 Iohannis
800 2357 832 2417 et
858 2349 966 2435 Pauli,
995 2351 1045 2417 his
1074 2351 1172 2435 gestis
1203 2356 1298 2435 atque
1327 2350 1501 2417 sententiae

341 2463 476 2530 anobis·
499 2465 709 2552 promulgatis
732 2467 928 2554 subscripsit

373 2579 557 2667 ÷Sergius,
581 2582 710 2648 humilis
732 2583 889 2669 presbiter
910 2587 1038 2649 sanctae
1052 2582 1214 2648 Romanae
1230 2579 1400 2648 aecclesiae
1415 2581 1501 2648 tituli

340 2701 453 2764 sanctae
473 2697 674 2783 Potentiane,
696 2699 746 2766 his
768 2699 865 2783 gestis
888 2705 983 2784 atque
1006 2699 1180 2765 sententiae
1205 2719 1224 2764 a
1246 2697 1336 2764 nobis
1359 2697 1500 2784 promul-

340 2813 409 2892 gatis
430 2813 629 2900 subscripsit

373 2927 602 3014 ilerdannes,
631 2931 780 3015 indignus
808 2930 966 3018 presbiter
994 2935 1122 2997 sanctae
1145 2929 1306 2996 Romanae
1329 2927 1499 2996 aecclesiae

339 3041 411 3110 tituli
432 3052 562 3114 sanctae
586 3044 737 3133 Sabinae,
759 3047 809 3114 his
832 3048 929 3131 gestis
953 3053 1046 3133 atque
1070 3046 1246 3113 sententiae
1270 3064 1289 3111 a
1310 3043 1402 3111 uobis
1425 3065 1499 3130 pro·

340 3158 473 3243 uolgatis
496 3161 696 3249 subscripsit.

372 3275 647 3365 ilbeophanius
670 3279 799 3346 humilis
820 3279 976 3366 presbiter
999 3283 1127 3345 sanctae
1147 3277 1307 3343 Romanae
1331 3275 1500 3342 aecclesiae

340 3391 411 3459 tituli
431 3401 615 3462 sanctorum
638 3401 786 3481 quattuor
805 3401 1038 3478 coronatorum,
1061 3394 1111 3461 bis
1135 3393 1231 3477 gestis
1256 3396 1349 3477 atque
1373 3397 1499 3460 senten-

340 3507 392 3574 tiae
412 3531 431 3576 a
450 3511 544 3579 nobis
566 3511 775 3598 promulgatis
798 3511 994 3599 subscripsit.

373 3625 495 3713 ·l·Leo‚
524 3627 674 3712 indignus
702 3629 860 3716 presbiter
883 3633 1010 3694 sanotae
1033 3625 1194 3692 Romanae
1218 3621 1390 3690 aecclesiae
1412 3622 1499 3689 tituli

340 3747 452 3810 sancus
474 3744 675 3831 Antemnae,
698 3746 747 3812 bis
770 3745 867 3829 gestis
891 3749 984 3828 atque
1007 3743 1182 3809 sententiae
1205 3761 1224 3806 a
1246 3739 1336 3806 nobis
1359 3739 1499 3826 promul-

340 3857 409 3936 gatis
430 3861 628 3948 subscripsit.

374 3971 488 4060 lLeo,
513 3975 642 4042 humilis
658 3977 816 4063 presbiter
830 3982 958 4043 sauctae
972 3975 1133 4041 Romanae
1149 3971 1318 4039 aecclesiae
1333 3969 1417 4036 tituli
1432 3970 1499 4037 Da·

340 4090 418 4172 masi,
438 4091 487 4158 his
511 4094 609 4176 gestis
633 4097 727 4177 atque
747 4094 922 4160 sententiae
937 4113 957 4158 a
970 4091 1062 4157 nobis
1076 4087 1285 4177 promulgatis
1300 4085 1497 4172 subscripsit.

374 4205 603 4294 iGregorius,
630 4209 779 4293 indignus
808 4210 963 4296 presbiter
991 4211 1119 4274 sauctae
1142 4203 1301 4270 Romanae
1330 4202 1498 4269 aecclesiae

340 4317 413 4386 tituli
432 4332 559 4391 sauctae
574 4323 736 4410 Balbinae‚
759 4325 809 4391 his
832 4326 929 4410 gestis
952 4335 1046 4410 atque
1069 4321 1244 4388 sententiae
1269 4319 1401 4386 anobis
1424 4339 1498 4406 pro·

341 4435 474 4520 uolgatis
496 4441 695 4528 subscripsit.

375 4551 404 4616 ÷
417 4551 603 4643 Stephanus,
619 4556 776 4644 presbiter
791 4561 918 4622 sanctae
932 4555 1094 4621 Romanae
1110 4551 1279 4620 aecclesiae
1295 4549 1379 4616 tituli
1396 4549 1497 4614 sancti

342 4660 538 4758 Chuaogoni,
560 4673 610 4739 hie
633 4674 731 4758 gestis
754 4677 848 4758 atque
869 4669 1043 4738 sententiae
1059 4691 1079 4736 a
1093 4670 1184 4736 uobis
1199 4666 1407 4756 promulgatis
1424 4666 1496 4731 snb-

343 4782 463 4868 sapsa

404 4939 423 4971 r.
440 4931 533 4976 anobis
548 4949 591 4977 ou.
611 4935 644 4978 M.

1222 5011 1282 5066 10*
