4342 6034
775 797 855 845 ma
878 797 1072 846 mansuum
1094 792 1121 846 11

407 957 450 1004 roo
471 939 532 1008 Hie
554 937 718 1028 speorlnm
739 937 815 1005 olori
838 943 964 1025 poterat
984 938 1132 1022 generale
1152 938 1265 1023 videri,

473 1075 545 1122 oum
568 1075 673 1122 seonm
696 1055 804 1121 variae
826 1054 916 1122 dotas
939 1073 1053 1122 venere
1075 1055 1215 1142 sopbiae.

473 1171 561 1238 Tuno
582 1191 640 1258 per
661 1169 894 1252 A(delbertum)
916 1169 1068 1238 rutilabat
1091 1171 1198 1237 lumen
1221 1175 1378 1257 apertum,

473 1292 540 1354 tota
561 1293 728 1374 poetarum
749 1287 838 1352 venit
860 1306 911 1353 ars
935 1292 968 1354 et
988 1305 1103 1353 norma
1124 1286 1291 1353 scolarum.
1359 1356 1361 1359 ,

474 1401 545 1469 Non
566 1403 600 1468 in
623 1401 777 1489 oapeella,
801 1405 852 1468 set
872 1401 976 1468 eordis
997 1401 1063 1468 bra
1084 1401 1210 1487 ababa,

408 1536 452 1584 roo
476 1517 566 1584 affuit
587 1524 620 1584 et
641 1537 765 1584 morum
789 1537 895 1584 seoum
918 1537 1051 1584 oensnra
1073 1518 1243 1585 bonorum:

474 1639 506 1701 et
527 1633 621 1700 deoor
643 1639 677 1700 et
696 1633 854 1720 probitas,
877 1633 1069 1716 reverentia,
1095 1634 1199 1718 relus,
1223 1633 1380 1717 honestas,

476 1755 604 1818 venerat
625 1757 659 1816 et
680 1769 786 1816 seeum
809 1750 875 1833 ius,
898 1749 1037 1832 utilitas,
1060 1749 1177 1834 honor,
1200 1769 1346 1836 omnum.

518 1865 655 1952 Postque
678 1865 746 1932 dier
768 1883 886 1952 puuoos
908 1865 1021 1952 patriis
1043 1867 1077 1931 in
1100 1864 1215 1933 linibus
1238 1871 1326 1933 notos

475 1981 583 2070 presul
604 1980 830 2065 A(delbertus),
855 1981 938 2048 bona
959 1983 1151 2068 persuadere
1172 1979 1321 2065 disertos,

407 2116 454 2164 ιω
476 2117 538 2184 quo
561 2097 724 2184 provisore
747 2095 911 2181 liognntia
932 2099 1031 2164 erevit
1054 2097 1206 2180 bonore·
1319 2100 1326 2115 '

476 2215 577 2281 suasit
597 2212 769 2280 Adelberto
791 2213 898 2280 inveni
921 2233 1066 2283 sermone
1088 2213 1223 2280 diserto:

475 2329 602 2396 deserat
622 2333 658 2395 nt
679 2329 833 2416 patriam,
855 2349 987 2416 peregre
1010 2329 1170 2414 querendo
1192 2328 1347 2416 sophiam,

476 2451 508 2513 et
528 2445 664 2530 logioam
686 2445 803 2529 obeat,
826 2465 878 2512 ars
900 2465 941 2512 ne
963 2449 1115 2532 peroepta
1135 2446 1272 2512 fatiseat.

519 2560 602 2628 Nam
624 2560 705 2628 solet
727 2561 834 2646 evelli,
858 2561 939 2628 solet
960 2567 993 2627 et
1015 2561 1055 2628 de
1077 2567 1205 2648 pootore
1227 2560 1304 2648 pelli

407 2696 456 2744 reo
479 2697 541 2744 non
565 2678 727 2744 munimen
747 2675 868 2744 babone
889 2677 1012 2760 fragilis
1034 2677 1207 2764 sapientia,
1230 2677 1351 2761 labens,

340 2787 343 2793 ’
476 2794 519 2862 sit
540 2794 603 2860 nisi
625 2793 751 2860 firmata
771 2792 891 2876 logioae
914 2792 965 2860 rel
986 2791 1075 2860 olere
1091 2799 1212 2860 sama

478 2907 613 2994 Stringit
634 2910 718 2976 enirn
741 2908 830 2976 olava
853 2909 972 2975 dietum
996 2907 1143 2976 dialetioa
1164 2927 1273 2996 prave,

476 3025 510 3092 in
532 3025 646 3094 molius
667 3026 807 3094 reterens
830 3025 891 3092 sibi
913 3045 977 3091 non
1000 3025 1124 3092 ratione
1146 3025 1307 3091 ooberens.

476 3141 536 3208 Est
558 3143 674 3210 atenim
697 3141 794 3210 oleris
817 3141 937 3227 logione
960 3141 1105 3208 doetrina
1126 3141 1244 3225 suavis,

406 3277 457 3325 rro
479 3262 734 3342 argumentorum
757 3259 933 3326 consistens
956 3259 988 3326 vi
1009 3257 1194 3343 logicorum,

478 3373 586 3440 omnia
607 3372 774 3440 verborum
797 3375 1014 3459 oonstringens
1038 3373 1127 3441 olere
1147 3393 1294 3458 suornm3

478 3494 635 3578 temperat
657 3494 798 3574 austera,
821 3489 899 3556 fuoit
920 3489 1095 3557 elnoesoere
1116 3511 1202 3576 vera,

478 3605 556 3674 haee
577 3605 657 3674 bene
679 3620 845 3672 manens
868 3625 888 3672 a
909 3605 1014 3690 taleis,
1037 3612 1172 3692 utraque
1193 3625 1325 3674 cernens

479 3722 603 3790 ardenti
623 3721 721 3806 isoio,
745 3741 816 3788 oum
840 3722 883 3788 sit
903 3741 979 3808 pars
1001 3723 1106 3809 prima
1129 3722 1275 3810 Sophiae.
1330 3743 1334 3751 ·

408 3857 457 3906 ire
479 3837 623 3924 Namque
640 3839 748 3904 solens
771 3842 871 3904 artem
893 3838 969 3904 ierit
990 3837 1169 3926 obpositam
1191 3837 1253 3907 sibi
1274 3843 1399 3927 partem

479 3959 512 4022 et
532 3953 630 4022 niobil
652 3954 771 4041 opponi
793 3953 871 4020 sinit
892 3955 1073 4041 oppositum
1094 3956 1222 4041 rationi,

480 4069 563 4154 quod
585 4089 648 4137 non
672 4070 840 4154 dissolvat,
864 4089 936 4137 oum
958 4071 1179 4158 respondenda
1199 4071 1357 4154 revolvat3

478 4205 591 4272 resque
613 4185 789 4254 oarillando
811 4186 934 4254 ratione
956 4187 1007 4253 rel
1029 4191 1098 4254 arte
1118 4185 1293 4273 probando,

478 4300 595 4386 ingerit
617 4321 782 4390 expresse,
806 4301 981 4388 quodvult
1003 4321 1067 4370 non
1090 4321 1160 4370 ease
1182 4301 1233 4370 rel
1255 4323 1334 4388 esse,

407 4434 457 4482 rso
479 4416 578 4486 donee
599 4419 759 4504 maur,
781 4417 941 4486 eontraria
963 4419 1018 4505 qui
1039 4419 1221 4486 meditator.

525 4532 613 4603 Haeo
634 4534 689 4602 ubi
712 4554 788 4622 sepe
810 4534 910 4602 bonus
932 4535 1056 4602 monuit
1076 4535 1250 4622 repetendo
1271 4539 1435 4622 patronus,

479 4649 585 4718 nobile
606 4669 660 4718 oor
681 4652 806 4719 invenie
826 4649 917 4718 flexit
938 4653 1102 4739 persuasio
1124 4651 1215 4720 lenis.

522 4766 608 4852 Ergo
631 4766 792 4835 laboratae
814 4771 918 4834 restas
940 4775 1015 4835 sunt
1037 4773 1106 4835 arte
1126 4773 1268 4856 paratae,

481 4903 557 4950 auro
579 4881 750 4970 fulgentes,
773 4883 925 4951 iuvenilia
947 4883 1090 4952 membra
1111 4884 1272 4967 deoentes3
