<?xml version="1.0" encoding="UTF-8"?>
<!DOCTYPE html PUBLIC "-//W3C//DTD XHTML 1.0 Transitional//EN"
    "http://www.w3.org/TR/xhtml1/DTD/xhtml1-transitional.dtd">
<html xmlns="http://www.w3.org/1999/xhtml" xml:lang="en" lang="en">
 <head>
  <title>
</title>
<meta http-equiv="Content-Type" content="text/html;charset=utf-8" />
  <meta name='ocr-system' content='tesseract 3.04.00' />
  <meta name='ocr-capabilities' content='ocr_page ocr_carea ocr_par ocr_line ocrx_word'/>
</head>
<body>
  <div class='ocr_page' id='page_1' title='image "./monumentamogunt00lulgoog/monumentamogunt00lulgoog_0260.png"; bbox 0 0 4342 6034; ppageno 0'>
   <div class='ocr_carea' id='block_1_1' title="bbox 633 754 1556 825">
    <p class='ocr_par' dir='ltr' id='par_1_1' title="bbox 633 754 1556 825">
     <span class='ocr_line' id='line_1_1' title="bbox 633 754 1556 825; baseline -0.001 -5"><span class='ocrx_word' id='word_1_1' title='bbox 633 754 698 821; x_wconf 76' lang='lat'><strong>242</strong></span> <span class='ocrx_word' id='word_1_2' title='bbox 883 770 910 817; x_wconf 93' lang='lat' dir='ltr'><strong>s.</strong></span> <span class='ocrx_word' id='word_1_3' title='bbox 927 770 1106 818; x_wconf 72' lang='lat' dir='ltr'><strong>sonnrsrrr</strong></span> <span class='ocrx_word' id='word_1_4' title='bbox 1127 772 1172 818; x_wconf 81' lang='lat' dir='ltr'><strong>rr</strong></span> <span class='ocrx_word' id='word_1_5' title='bbox 1193 770 1297 819; x_wconf 80' lang='lat' dir='ltr'><strong>nonu</strong></span> <span class='ocrx_word' id='word_1_6' title='bbox 1318 771 1507 825; x_wconf 74' lang='lat' dir='ltr'><strong>nrrsronsa</strong></span> <span class='ocrx_word' id='word_1_7' title='bbox 1526 770 1556 819; x_wconf 83' lang='lat' dir='ltr'><strong>ss</strong></span> 
     </span>
    </p>
   </div>
   <div class='ocr_carea' id='block_1_2' title="bbox 473 910 1843 4601">
    <p class='ocr_par' dir='ltr' id='par_1_2' title="bbox 635 910 1810 1458">
     <span class='ocr_line' id='line_1_2' title="bbox 635 910 1809 999; baseline -0.002 -18"><span class='ocrx_word' id='word_1_8' title='bbox 635 910 696 981; x_wconf 79' lang='lat'><strong>95.</strong></span> <span class='ocrx_word' id='word_1_9' title='bbox 722 912 861 995; x_wconf 79' lang='lat' dir='ltr'><strong><em>Quidam</em></strong></span> <span class='ocrx_word' id='word_1_10' title='bbox 889 914 1015 978; x_wconf 82' lang='lat' dir='ltr'><strong>oat&#39;dom</strong></span> <span class='ocrx_word' id='word_1_11' title='bbox 1042 912 1219 979; x_wconf 62' lang='lat' dir='ltr'><strong>abactae</strong></span> <span class='ocrx_word' id='word_1_12' title='bbox 1248 927 1277 979; x_wconf 84' lang='lat' dir='ltr'><strong>et</strong></span> <span class='ocrx_word' id='word_1_13' title='bbox 1304 916 1431 980; x_wconf 82' lang='lat' dir='ltr'><strong>saidam</strong></span> <span class='ocrx_word' id='word_1_14' title='bbox 1457 914 1628 980; x_wconf 74' lang='lat' dir='ltr'><strong>moussiae</strong></span> <span class='ocrx_word' id='word_1_15' title='bbox 1649 913 1750 999; x_wconf 68' lang='lat' dir='ltr'><strong>refert</strong></span> <span class='ocrx_word' id='word_1_16' title='bbox 1771 914 1809 979; x_wconf 80' lang='lat' dir='ltr'><strong>de</strong></span> 
     </span>
     <span class='ocr_line' id='line_1_3' title="bbox 721 1030 1807 1115; baseline 0.001 -22"><span class='ocrx_word' id='word_1_17' title='bbox 721 1050 780 1094; x_wconf 83' lang='lat' dir='ltr'><strong>suo</strong></span> <span class='ocrx_word' id='word_1_18' title='bbox 798 1032 1054 1115; x_wconf 70' lang='lat' dir='ltr'><strong>peregrinatione</strong></span> <span class='ocrx_word' id='word_1_19' title='bbox 1070 1030 1228 1110; x_wconf 83' lang='lat' dir='ltr'><strong>Romano,</strong></span> <span class='ocrx_word' id='word_1_20' title='bbox 1252 1032 1291 1094; x_wconf 89' lang='lat' dir='ltr'><strong>de</strong></span> <span class='ocrx_word' id='word_1_21' title='bbox 1312 1054 1372 1095; x_wconf 72' lang='lat' dir='ltr'><strong>uec</strong></span> <span class='ocrx_word' id='word_1_22' title='bbox 1392 1031 1525 1096; x_wconf 65' lang='grc' dir='ltr'><strong>ονὸὁιαεε</strong></span> <span class='ocrx_word' id='word_1_23' title='bbox 1541 1042 1571 1095; x_wconf 83' lang='lat' dir='ltr'><strong>et</strong></span> <span class='ocrx_word' id='word_1_24' title='bbox 1584 1032 1807 1115; x_wconf 67' lang='lat' dir='ltr'><strong>oeprotmioae</strong></span> 
     </span>
     <span class='ocr_line' id='line_1_4' title="bbox 720 1144 1810 1229; baseline 0 -20"><span class='ocrx_word' id='word_1_25' title='bbox 720 1144 887 1225; x_wconf 76' lang='lat' dir='ltr'><em>Memorat,</em></span> <span class='ocrx_word' id='word_1_26' title='bbox 911 1166 943 1208; x_wconf 87' lang='lat' dir='ltr'><strong>se</strong></span> <span class='ocrx_word' id='word_1_27' title='bbox 965 1157 1058 1213; x_wconf 80' lang='lat' dir='ltr'><strong>autea</strong></span> <span class='ocrx_word' id='word_1_28' title='bbox 1081 1146 1121 1210; x_wconf 83' lang='lat' dir='ltr'><strong>ab</strong></span> <span class='ocrx_word' id='word_1_29' title='bbox 1143 1148 1185 1209; x_wconf 74' lang='lat' dir='ltr'><strong>iis</strong></span> <span class='ocrx_word' id='word_1_30' title='bbox 1208 1146 1446 1229; x_wconf 60' lang='lat' dir='ltr'><strong>diispootbsime</strong></span> <span class='ocrx_word' id='word_1_31' title='bbox 1460 1158 1605 1211; x_wconf 65' lang='lat' dir='ltr'><strong>carmen</strong></span> <span class='ocrx_word' id='word_1_32' title='bbox 1619 1166 1693 1210; x_wconf 79' lang='lat' dir='ltr'><strong>esee.</strong></span> <span class='ocrx_word' id='word_1_33' title='bbox 1730 1144 1810 1209; x_wconf 82' lang='lat' dir='ltr'><strong>Arte</strong></span> 
     </span>
     <span class='ocr_line' id='line_1_5' title="bbox 720 1260 1810 1346; baseline 0.001 -22"><span class='ocrx_word' id='word_1_34' title='bbox 720 1262 844 1345; x_wconf 70' lang='lat' dir='ltr'><strong>pomaeo</strong></span> <span class='ocrx_word' id='word_1_35' title='bbox 872 1282 936 1346; x_wconf 82' lang='lat' dir='ltr'><strong>per</strong></span> <span class='ocrx_word' id='word_1_36' title='bbox 962 1260 1166 1345; x_wconf 66' lang='lat' dir='ltr'><strong>Raptorem</strong></span> <span class='ocrx_word' id='word_1_37' title='bbox 1198 1262 1354 1341; x_wconf 66' lang='lat' dir='ltr'><strong>mdes,</strong></span> <span class='ocrx_word' id='word_1_38' title='bbox 1388 1282 1496 1327; x_wconf 77' lang='lat' dir='ltr'><strong>cereus</strong></span> <span class='ocrx_word' id='word_1_39' title='bbox 1524 1286 1546 1325; x_wconf 88' lang='lat' dir='ltr'><strong>o</strong></span> <span class='ocrx_word' id='word_1_40' title='bbox 1575 1282 1608 1325; x_wconf 84' lang='lat' dir='ltr'><strong>se</strong></span> <span class='ocrx_word' id='word_1_41' title='bbox 1625 1260 1740 1345; x_wconf 79' lang='lat' dir='ltr'><strong>foetos</strong></span> <span class='ocrx_word' id='word_1_42' title='bbox 1769 1262 1810 1325; x_wconf 76' lang='lat' dir='ltr'><strong>iis</strong></span> 
     </span>
     <span class='ocr_line' id='line_1_6' title="bbox 722 1372 1810 1458; baseline -0.001 -17"><span class='ocrx_word' id='word_1_43' title='bbox 722 1378 844 1441; x_wconf 53' lang='lat' dir='ltr'><strong>oded.</strong></span> <span class='ocrx_word' id='word_1_44' title='bbox 1565 1372 1602 1456; x_wconf 80' lang='lat' dir='ltr'><strong>(S</strong></span> <span class='ocrx_word' id='word_1_45' title='bbox 1617 1376 1672 1458; x_wconf 81' lang='lat'><strong>69,</strong></span> <span class='ocrx_word' id='word_1_46' title='bbox 1695 1372 1738 1440; x_wconf 85' lang='lat' dir='ltr'>W</span> <span class='ocrx_word' id='word_1_47' title='bbox 1753 1375 1810 1455; x_wconf 86' lang='grc'><strong>81)</strong></span> 
     </span>
    </p>

    <p class='ocr_par' dir='ltr' id='par_1_3' title="bbox 473 1506 1813 2519">
     <span class='ocr_line' id='line_1_7' title="bbox 473 1506 1811 1595; baseline 0.001 -23"><span class='ocrx_word' id='word_1_48' title='bbox 473 1510 615 1565; x_wconf 74' lang='lat' dir='ltr'><strong>tue-755</strong></span> <span class='ocrx_word' id='word_1_49' title='bbox 723 1506 896 1594; x_wconf 81' lang='lat' dir='ltr'>Splendida</span> <span class='ocrx_word' id='word_1_50' title='bbox 916 1508 1108 1591; x_wconf 84' lang='lat' dir='ltr'><strong>virginitatis</strong></span> <span class='ocrx_word' id='word_1_51' title='bbox 1126 1508 1313 1574; x_wconf 86' lang='lat' dir='ltr'><strong>castimonia</strong></span> <span class='ocrx_word' id='word_1_52' title='bbox 1327 1506 1470 1574; x_wconf 86' lang='lat' dir='ltr'><strong>florentis</strong></span> <span class='ocrx_word' id='word_1_53' title='bbox 1485 1508 1639 1595; x_wconf 77' lang='lat' dir='ltr'><strong>preditus,</strong></span> <span class='ocrx_word' id='word_1_54' title='bbox 1661 1506 1811 1594; x_wconf 80' lang='lat' dir='ltr'><strong>lympha-</strong></span> 
     </span>
     <span class='ocr_line' id='line_1_8' title="bbox 634 1622 1810 1709; baseline 0.001 -21"><span class='ocrx_word' id='word_1_55' title='bbox 634 1642 694 1708; x_wconf 87' lang='lat' dir='ltr'><strong>que</strong></span> <span class='ocrx_word' id='word_1_56' title='bbox 716 1624 845 1709; x_wconf 80' lang='lat' dir='ltr'><strong>superni</strong></span> <span class='ocrx_word' id='word_1_57' title='bbox 867 1622 970 1690; x_wconf 88' lang='lat' dir='ltr'><strong>laticis</strong></span> <span class='ocrx_word' id='word_1_58' title='bbox 992 1622 1144 1690; x_wconf 89' lang='lat' dir='ltr'><strong>melliflua</strong></span> <span class='ocrx_word' id='word_1_59' title='bbox 1166 1624 1297 1691; x_wconf 89' lang='lat' dir='ltr'><strong>caelitus</strong></span> <span class='ocrx_word' id='word_1_60' title='bbox 1319 1624 1472 1709; x_wconf 91' lang='lat' dir='ltr'><strong>inrigate,</strong></span> <span class='ocrx_word' id='word_1_61' title='bbox 1495 1624 1595 1690; x_wconf 90' lang='lat' dir='ltr'><strong>nobili</strong></span> <span class='ocrx_word' id='word_1_62' title='bbox 1616 1643 1681 1690; x_wconf 92' lang='lat' dir='ltr'><strong>non</strong></span> <span class='ocrx_word' id='word_1_63' title='bbox 1705 1623 1810 1689; x_wconf 87' lang='lat' dir='ltr'><strong>solum</strong></span> 
     </span>
     <span class='ocr_line' id='line_1_9' title="bbox 633 1738 1812 1827; baseline -0.001 -21"><span class='ocrx_word' id='word_1_64' title='bbox 633 1738 752 1806; x_wconf 88' lang='lat' dir='ltr'><strong>carnali</strong></span> <span class='ocrx_word' id='word_1_65' title='bbox 775 1739 994 1822; x_wconf 78' lang='lat' dir='ltr'><strong>generositatis</strong></span> <span class='ocrx_word' id='word_1_66' title='bbox 1018 1740 1168 1826; x_wconf 77' lang='lat' dir='ltr'><strong>prosapia</strong></span> <span class='ocrx_word' id='word_1_67' title='bbox 1197 1740 1313 1823; x_wconf 86' lang='lat' dir='ltr'><strong>virgini</strong></span> <span class='ocrx_word' id='word_1_68' title='bbox 1340 1760 1451 1805; x_wconf 88' lang='lat' dir='ltr'><strong>verum</strong></span> <span class='ocrx_word' id='word_1_69' title='bbox 1481 1739 1593 1825; x_wconf 76' lang='lat' dir='ltr'><strong>ebsm,</strong></span> <span class='ocrx_word' id='word_1_70' title='bbox 1623 1739 1709 1825; x_wconf 90' lang='lat' dir='ltr'><strong>quod</strong></span> <span class='ocrx_word' id='word_1_71' title='bbox 1738 1758 1812 1827; x_wconf 91' lang='lat' dir='ltr'><strong>pre·</strong></span> 
     </span>
     <span class='ocr_line' id='line_1_10' title="bbox 633 1852 1811 1942; baseline 0 -21"><span class='ocrx_word' id='word_1_72' title='bbox 633 1855 769 1921; x_wconf 75' lang='lat' dir='ltr'><strong>stantius</strong></span> <span class='ocrx_word' id='word_1_73' title='bbox 785 1860 842 1939; x_wconf 73' lang='lat' dir='ltr'><strong>est,</strong></span> <span class='ocrx_word' id='word_1_74' title='bbox 858 1854 995 1941; x_wconf 87' lang='lat' dir='ltr'><strong>spiritali</strong></span> <span class='ocrx_word' id='word_1_75' title='bbox 1011 1854 1175 1939; x_wconf 89' lang='lat' dir='ltr'><strong>dignitatis</strong></span> <span class='ocrx_word' id='word_1_76' title='bbox 1190 1856 1309 1921; x_wconf 91' lang='lat' dir='ltr'><strong>honore</strong></span> <span class='ocrx_word' id='word_1_77' title='bbox 1324 1855 1492 1939; x_wconf 78' lang='lat' dir='ltr'><strong>insigniter</strong></span> <span class='ocrx_word' id='word_1_78' title='bbox 1502 1860 1658 1942; x_wconf 83' lang='lat' dir='ltr'><strong>comptae,</strong></span> <span class='ocrx_word' id='word_1_79' title='bbox 1674 1852 1811 1921; x_wconf 84' lang='lat' dir='ltr'><strong>Christi·</strong></span> 
     </span>
     <span class='ocr_line' id='line_1_11' title="bbox 632 1968 1812 2055; baseline -0.001 -19"><span class='ocrx_word' id='word_1_80' title='bbox 632 1969 802 2053; x_wconf 82' lang='lat' dir='ltr'><strong>colorum¹²‚</strong></span> <span class='ocrx_word' id='word_1_81' title='bbox 825 1968 895 2036; x_wconf 82' lang='lat' dir='ltr'><strong>lere</strong></span> <span class='ocrx_word' id='word_1_82' title='bbox 917 1970 1027 2053; x_wconf 88' lang='lat' dir='ltr'><strong>iugum</strong></span> <span class='ocrx_word' id='word_1_83' title='bbox 1048 1970 1111 2037; x_wconf 91' lang='lat' dir='ltr'><strong>Dei</strong></span> <span class='ocrx_word' id='word_1_84' title='bbox 1134 1972 1336 2054; x_wconf 78' lang='lat' dir='ltr'><strong>gestantium,</strong></span> <span class='ocrx_word' id='word_1_85' title='bbox 1359 1971 1573 2055; x_wconf 81' lang='lat' dir='ltr'><strong>gubernatrici</strong></span> <span class='ocrx_word' id='word_1_86' title='bbox 1588 1976 1621 2037; x_wconf 92' lang='lat' dir='ltr'><strong>et</strong></span> <span class='ocrx_word' id='word_1_87' title='bbox 1634 1970 1812 2046; x_wconf 85' lang='lat' dir='ltr'><strong>monastice</strong></span> 
     </span>
     <span class='ocr_line' id='line_1_12' title="bbox 632 2079 1813 2173; baseline -0.001 -21"><span class='ocrx_word' id='word_1_88' title='bbox 632 2086 880 2171; x_wconf 82' lang='lat' dir='ltr'><strong>conversationis</strong></span> <span class='ocrx_word' id='word_1_89' title='bbox 903 2106 1045 2151; x_wconf 90' lang='lat' dir='ltr'><strong>normam</strong></span> <span class='ocrx_word' id='word_1_90' title='bbox 1070 2086 1259 2170; x_wconf 80' lang='lat' dir='ltr'><strong>regulariter</strong></span> <span class='ocrx_word' id='word_1_91' title='bbox 1282 2079 1471 2153; x_wconf 81' lang='lat' dir='ltr'><strong>authenticis</strong></span> <span class='ocrx_word' id='word_1_92' title='bbox 1486 2088 1665 2173; x_wconf 89' lang='lat' dir='ltr'><strong>priscorum</strong></span> <span class='ocrx_word' id='word_1_93' title='bbox 1681 2094 1813 2171; x_wconf 85' lang='lat' dir='ltr'><strong>patrum</strong></span> 
     </span>
     <span class='ocr_line' id='line_1_13' title="bbox 631 2200 1812 2289; baseline 0 -22"><span class='ocrx_word' id='word_1_94' title='bbox 631 2201 777 2268; x_wconf 83' lang='lat' dir='ltr'><strong>formulis</strong></span> <span class='ocrx_word' id='word_1_95' title='bbox 806 2200 990 2267; x_wconf 78' lang='lat' dir='ltr'><strong>commisso⁰</strong></span> <span class='ocrx_word' id='word_1_96' title='bbox 1014 2201 1075 2269; x_wconf 91' lang='lat' dir='ltr'><strong>sibi</strong></span> <span class='ocrx_word' id='word_1_97' title='bbox 1104 2202 1192 2286; x_wconf 87' lang='lat' dir='ltr'><strong>gregi</strong></span> <span class='ocrx_word' id='word_1_98' title='bbox 1220 2203 1377 2270; x_wconf 84' lang='lat' dir='ltr'><strong>indefesse</strong></span> <span class='ocrx_word' id='word_1_99' title='bbox 1399 2202 1545 2289; x_wconf 87' lang='lat' dir='ltr'><strong>prebenti</strong></span> <span class='ocrx_word' id='word_1_100' title='bbox 1568 2201 1635 2286; x_wconf 80' lang='lat' dir='ltr'><strong>.N.,</strong></span> <span class='ocrx_word' id='word_1_101' title='bbox 1663 2220 1727 2268; x_wconf 90' lang='lat' dir='ltr'><strong>nec</strong></span> <span class='ocrx_word' id='word_1_102' title='bbox 1747 2222 1812 2267; x_wconf 90' lang='lat' dir='ltr'><strong>non</strong></span> 
     </span>
     <span class='ocr_line' id='line_1_14' title="bbox 632 2316 1813 2403; baseline 0 -20"><span class='ocrx_word' id='word_1_103' title='bbox 632 2318 761 2383; x_wconf 86' lang='lat' dir='ltr'><strong>inolitae</strong></span> <span class='ocrx_word' id='word_1_104' title='bbox 783 2317 960 2403; x_wconf 85' lang='lat' dir='ltr'><strong>pubertatis</strong></span> <span class='ocrx_word' id='word_1_105' title='bbox 981 2316 1097 2402; x_wconf 89' lang='lat' dir='ltr'><strong>indoli,</strong></span> <span class='ocrx_word' id='word_1_106' title='bbox 1121 2317 1256 2384; x_wconf 90' lang='lat' dir='ltr'><strong>candido</strong></span> <span class='ocrx_word' id='word_1_107' title='bbox 1277 2318 1470 2402; x_wconf 79' lang='lat' dir='ltr'><strong>integritatis</strong></span> <span class='ocrx_word' id='word_1_108' title='bbox 1492 2318 1684 2384; x_wconf 83' lang='lat' dir='ltr'><strong>vestimento</strong></span> <span class='ocrx_word' id='word_1_109' title='bbox 1705 2316 1813 2384; x_wconf 89' lang='lat' dir='ltr'><strong>incor-</strong></span> 
     </span>
     <span class='ocr_line' id='line_1_15' title="bbox 632 2432 1812 2519; baseline 0.001 -21"><span class='ocrx_word' id='word_1_110' title='bbox 632 2437 746 2519; x_wconf 87' lang='lat' dir='ltr'><strong>ruptae</strong></span> <span class='ocrx_word' id='word_1_111' title='bbox 770 2432 889 2517; x_wconf 87' lang='lat' dir='ltr'><strong>adeqne</strong></span> <span class='ocrx_word' id='word_1_112' title='bbox 913 2432 1058 2499; x_wconf 89' lang='lat' dir='ltr'><strong>decorate</strong></span> <span class='ocrx_word' id='word_1_113' title='bbox 1080 2434 1272 2519; x_wconf 88' lang='lat' dir='ltr'><strong>caelestique</strong></span> <span class='ocrx_word' id='word_1_114' title='bbox 1294 2434 1429 2518; x_wconf 89' lang='lat' dir='ltr'><strong>gurgitis</strong></span> <span class='ocrx_word' id='word_1_115' title='bbox 1451 2434 1547 2518; x_wconf 75' lang='lat' dir='ltr'><strong>ends,</strong></span> <span class='ocrx_word' id='word_1_116' title='bbox 1570 2433 1634 2500; x_wconf 90' lang='lat' dir='ltr'><strong>late</strong></span> <span class='ocrx_word' id='word_1_117' title='bbox 1648 2434 1812 2499; x_wconf 82' lang='lat' dir='ltr'><strong>manantis</strong></span> 
     </span>
    </p>

    <p class='ocr_par' dir='ltr' id='par_1_4' title="bbox 632 2548 1812 2635">
     <span class='ocr_line' id='line_1_16' title="bbox 632 2548 1812 2635; baseline 0.001 -21"><span class='ocrx_word' id='word_1_118' title='bbox 632 2548 698 2614; x_wconf 80' lang='lat' dir='ltr'><strong>vivi</strong></span> <span class='ocrx_word' id='word_1_119' title='bbox 721 2553 753 2614; x_wconf 86' lang='lat' dir='ltr'><strong>et</strong></span> <span class='ocrx_word' id='word_1_120' title='bbox 775 2564 900 2634; x_wconf 87' lang='lat' dir='ltr'><strong>semper</strong></span> <span class='ocrx_word' id='word_1_121' title='bbox 922 2548 1144 2632; x_wconf 84' lang='lat' dir='ltr'><strong>habundantis,</strong></span> <span class='ocrx_word' id='word_1_122' title='bbox 1167 2555 1285 2635; x_wconf 75' lang='lat' dir='ltr'><strong>potate7</strong></span> <span class='ocrx_word' id='word_1_123' title='bbox 1308 2570 1373 2616; x_wconf 91' lang='lat' dir='ltr'><strong>non</strong></span> <span class='ocrx_word' id='word_1_124' title='bbox 1397 2549 1500 2617; x_wconf 91' lang='lat' dir='ltr'><strong>solnm</strong></span> <span class='ocrx_word' id='word_1_125' title='bbox 1516 2549 1672 2616; x_wconf 75' lang='lat' dir='ltr'><strong>exteriore</strong></span> <span class='ocrx_word' id='word_1_126' title='bbox 1686 2548 1812 2615; x_wconf 91' lang='lat' dir='ltr'><strong>littera·</strong></span> 
     </span>
    </p>

    <p class='ocr_par' dir='ltr' id='par_1_5' title="bbox 633 2662 1813 2733">
     <span class='ocr_line' id='line_1_17' title="bbox 633 2662 1813 2733; baseline -0.001 -3"><span class='ocrx_word' id='word_1_127' title='bbox 633 2682 705 2730; x_wconf 90' lang='lat' dir='ltr'><strong>rum</strong></span> <span class='ocrx_word' id='word_1_128' title='bbox 726 2662 832 2729; x_wconf 86' lang='lat' dir='ltr'><strong>studio</strong></span> <span class='ocrx_word' id='word_1_129' title='bbox 862 2664 1097 2730; x_wconf 90' lang='lat' dir='ltr'><strong>verumetiam</strong></span> <span class='ocrx_word' id='word_1_130' title='bbox 1126 2665 1277 2731; x_wconf 89' lang='lat' dir='ltr'><strong>interiore</strong></span> <span class='ocrx_word' id='word_1_131' title='bbox 1305 2664 1431 2733; x_wconf 75' lang='lat' dir='ltr'><strong>divinae</strong></span> <span class='ocrx_word' id='word_1_132' title='bbox 1461 2664 1611 2732; x_wconf 87' lang='lat' dir='ltr'><strong>scientiae</strong></span> <span class='ocrx_word' id='word_1_133' title='bbox 1640 2663 1712 2730; x_wconf 85' lang='lat' dir='ltr'><strong>luce</strong></span> <span class='ocrx_word' id='word_1_134' title='bbox 1738 2663 1813 2730; x_wconf 89' lang='lat' dir='ltr'><strong>illn-</strong></span> 
     </span>
    </p>

    <p class='ocr_par' dir='ltr' id='par_1_6' title="bbox 633 2778 1814 3097">
     <span class='ocr_line' id='line_1_18' title="bbox 633 2778 1812 2865; baseline 0 -20"><span class='ocrx_word' id='word_1_135' title='bbox 633 2783 733 2846; x_wconf 86' lang='lat' dir='ltr'><strong>strate</strong></span> <span class='ocrx_word' id='word_1_136' title='bbox 757 2778 823 2865; x_wconf 83' lang='lat' dir='ltr'>.N.,</span> <span class='ocrx_word' id='word_1_137' title='bbox 847 2778 965 2863; x_wconf 90' lang='lat' dir='ltr'><strong>absque</strong></span> <span class='ocrx_word' id='word_1_138' title='bbox 986 2780 1175 2865; x_wconf 81' lang='lat' dir='ltr'><strong>precedente</strong></span> <span class='ocrx_word' id='word_1_139' title='bbox 1197 2782 1383 2847; x_wconf 88' lang='lat' dir='ltr'><strong>meritorum</strong></span> <span class='ocrx_word' id='word_1_140' title='bbox 1407 2780 1607 2847; x_wconf 86' lang='lat' dir='ltr'><strong>adminiculo¹</strong></span> <span class='ocrx_word' id='word_1_141' title='bbox 1623 2778 1691 2863; x_wconf 84' lang='lat' dir='ltr'><strong>.·N.,</strong></span> <span class='ocrx_word' id='word_1_142' title='bbox 1716 2780 1812 2865; x_wconf 88' lang='lat' dir='ltr'><strong>spiri·</strong></span> 
     </span>
     <span class='ocr_line' id='line_1_19' title="bbox 633 2891 1814 2981; baseline -0.001 -20"><span class='ocrx_word' id='word_1_143' title='bbox 633 2894 708 2961; x_wconf 90' lang='lat' dir='ltr'><strong>talis</strong></span> <span class='ocrx_word' id='word_1_144' title='bbox 731 2892 827 2961; x_wconf 91' lang='lat' dir='ltr'><strong>officii</strong></span> <span class='ocrx_word' id='word_1_145' title='bbox 855 2892 1072 2961; x_wconf 87' lang='lat' dir='ltr'><strong>munificentia</strong></span> <span class='ocrx_word' id='word_1_146' title='bbox 1099 2894 1250 2981; x_wconf 86' lang='lat' dir='ltr'><strong>fungens,</strong></span> <span class='ocrx_word' id='word_1_147' title='bbox 1279 2896 1314 2963; x_wconf 93' lang='lat' dir='ltr'><strong>in</strong></span> <span class='ocrx_word' id='word_1_148' title='bbox 1344 2896 1488 2980; x_wconf 87' lang='lat' dir='ltr'><strong>angulari</strong></span> <span class='ocrx_word' id='word_1_149' title='bbox 1514 2894 1637 2981; x_wconf 86' lang='lat' dir='ltr'><strong>lapide,</strong></span> <span class='ocrx_word' id='word_1_150' title='bbox 1665 2891 1814 2961; x_wconf 75' lang='lat' dir='ltr'><strong>(ibristo¹</strong></span> 
     </span>
     <span class='ocr_line' id='line_1_20' title="bbox 633 3010 1161 3097; baseline -0.002 -20"><span class='ocrx_word' id='word_1_151' title='bbox 633 3010 797 3095; x_wconf 82' lang='lat' dir='ltr'><strong>videlicet,</strong></span> <span class='ocrx_word' id='word_1_152' title='bbox 822 3010 993 3097; x_wconf 91' lang='lat' dir='ltr'><strong>optabilem</strong></span> <span class='ocrx_word' id='word_1_153' title='bbox 1017 3010 1161 3077; x_wconf 88' lang='lat' dir='ltr'><strong>salutem.</strong></span> 
     </span>
    </p>

    <p class='ocr_par' dir='ltr' id='par_1_7' title="bbox 635 3124 1843 4601">
     <span class='ocr_line' id='line_1_21' title="bbox 723 3124 1814 3213; baseline 0 -20"><span class='ocrx_word' id='word_1_154' title='bbox 723 3126 839 3193; x_wconf 89' lang='lat' dir='ltr'><strong>Fateor</strong></span> <span class='ocrx_word' id='word_1_155' title='bbox 860 3127 986 3193; x_wconf 76' lang='lat' dir='ltr'><strong>earitmi</strong></span> <span class='ocrx_word' id='word_1_156' title='bbox 1008 3128 1147 3193; x_wconf 87' lang='lat' dir='ltr'><strong>vestrae:</strong></span> <span class='ocrx_word' id='word_1_157' title='bbox 1170 3133 1339 3213; x_wconf 89' lang='lat' dir='ltr'><strong>postquam</strong></span> <span class='ocrx_word' id='word_1_158' title='bbox 1359 3127 1533 3193; x_wconf 88' lang='lat' dir='ltr'><strong>Brittanice</strong></span> <span class='ocrx_word' id='word_1_159' title='bbox 1555 3125 1678 3192; x_wconf 88' lang='lat' dir='ltr'><strong>telluris</strong></span> <span class='ocrx_word' id='word_1_160' title='bbox 1701 3124 1814 3193; x_wconf 81' lang='lat' dir='ltr'><strong>inclita</strong></span> 
     </span>
     <span class='ocr_line' id='line_1_22' title="bbox 635 3242 1813 3342; baseline -0.002 -32"><span class='ocrx_word' id='word_1_161' title='bbox 635 3248 770 3330; x_wconf 84' lang='lat' dir='ltr'><strong>sceptra,</strong></span> <span class='ocrx_word' id='word_1_162' title='bbox 794 3242 901 3308; x_wconf 89' lang='lat' dir='ltr'><strong>divine</strong></span> <span class='ocrx_word' id='word_1_163' title='bbox 923 3242 1051 3327; x_wconf 89' lang='lat' dir='ltr'><strong>pietatis</strong></span> <span class='ocrx_word' id='word_1_164' title='bbox 1075 3243 1301 3310; x_wconf 84' lang='lat' dir='ltr'><strong>ammonitione</strong></span> <span class='ocrx_word' id='word_1_165' title='bbox 1322 3249 1360 3310; x_wconf 93' lang='lat' dir='ltr'><strong>ut</strong></span> <span class='ocrx_word' id='word_1_166' title='bbox 1381 3263 1453 3310; x_wconf 89' lang='lat' dir='ltr'><strong>reor</strong></span> <span class='ocrx_word' id='word_1_167' title='bbox 1475 3242 1595 3342; x_wconf 84' lang='lat' dir='ltr'><strong>saluin</strong></span> <span class='ocrx_word' id='word_1_168' title='bbox 1617 3245 1739 3325; x_wconf 75' lang='lat' dir='ltr'><strong>aeus,</strong></span> <span class='ocrx_word' id='word_1_169' title='bbox 1764 3243 1813 3308; x_wconf 88' lang='lat' dir='ltr'><strong>iu·</strong></span> 
     </span>
     <span class='ocr_line' id='line_1_23' title="bbox 635 3356 1812 3446; baseline -0.001 -21"><span class='ocrx_word' id='word_1_170' title='bbox 635 3360 725 3443; x_wconf 91' lang='lat' dir='ltr'><strong>giens</strong></span> <span class='ocrx_word' id='word_1_171' title='bbox 748 3357 888 3439; x_wconf 84' lang='lat' dir='ltr'><strong>deserui3</strong></span> <span class='ocrx_word' id='word_1_172' title='bbox 912 3356 1085 3441; x_wconf 89' lang='lat' dir='ltr'><strong>relictaque</strong></span> <span class='ocrx_word' id='word_1_173' title='bbox 1106 3358 1332 3424; x_wconf 84' lang='lat' dir='ltr'><strong>fecundissima</strong></span> <span class='ocrx_word' id='word_1_174' title='bbox 1353 3358 1469 3424; x_wconf 62' lang='lat' dir='ltr'><strong>naulis</strong></span> <span class='ocrx_word' id='word_1_175' title='bbox 1492 3358 1616 3446; x_wconf 88' lang='lat' dir='ltr'><strong>patriae</strong></span> <span class='ocrx_word' id='word_1_176' title='bbox 1637 3357 1746 3424; x_wconf 85' lang='lat' dir='ltr'><strong>insula</strong></span> <span class='ocrx_word' id='word_1_177' title='bbox 1770 3390 1812 3400; x_wconf 91' lang='lat'>-</span> 
     </span>
     <span class='ocr_line' id='line_1_24' title="bbox 636 3472 1813 3560; baseline 0 -21"><span class='ocrx_word' id='word_1_178' title='bbox 636 3494 732 3560; x_wconf 90' lang='lat' dir='ltr'><strong>quam</strong></span> <span class='ocrx_word' id='word_1_179' title='bbox 754 3472 866 3556; x_wconf 82' lang='lat' dir='ltr'><strong>glauca</strong></span> <span class='ocrx_word' id='word_1_180' title='bbox 887 3472 1063 3560; x_wconf 90' lang='lat' dir='ltr'><strong>spumantis</strong></span> <span class='ocrx_word' id='word_1_181' title='bbox 1078 3473 1176 3538; x_wconf 86' lang='lat' dir='ltr'><strong>maris</strong></span> <span class='ocrx_word' id='word_1_182' title='bbox 1192 3473 1308 3558; x_wconf 63' lang='lat' dir='ltr'><strong>cerula„</strong></span> <span class='ocrx_word' id='word_1_183' title='bbox 1329 3472 1523 3558; x_wconf 72' lang='lat' dir='ltr'><strong>indigential</strong></span> <span class='ocrx_word' id='word_1_184' title='bbox 1538 3472 1711 3560; x_wconf 88' lang='lat' dir='ltr'><strong>scopolosis</strong></span> <span class='ocrx_word' id='word_1_185' title='bbox 1725 3492 1813 3539; x_wconf 90' lang='lat' dir='ltr'><strong>mar·</strong></span> 
     </span>
     <span class='ocr_line' id='line_1_25' title="bbox 636 3586 1812 3675; baseline 0.001 -20"><span class='ocrx_word' id='word_1_186' title='bbox 636 3590 772 3675; x_wconf 79' lang='lat' dir='ltr'><strong>ginibus,</strong></span> <span class='ocrx_word' id='word_1_187' title='bbox 799 3588 939 3673; x_wconf 91' lang='lat' dir='ltr'><strong>undique</strong></span> <span class='ocrx_word' id='word_1_188' title='bbox 961 3586 1082 3653; x_wconf 91' lang='lat' dir='ltr'><strong>vallant</strong></span> <span class='ocrx_word' id='word_1_189' title='bbox 1105 3624 1147 3633; x_wconf 96' lang='lat'>-</span> <span class='ocrx_word' id='word_1_190' title='bbox 1171 3588 1353 3672; x_wconf 83' lang='lat' dir='ltr'><strong>fragilitatis</strong></span> <span class='ocrx_word' id='word_1_191' title='bbox 1375 3610 1465 3656; x_wconf 91' lang='lat' dir='ltr'><strong>meae</strong></span> <span class='ocrx_word' id='word_1_192' title='bbox 1487 3590 1632 3656; x_wconf 87' lang='lat' dir='ltr'><strong>conscius</strong></span> <span class='ocrx_word' id='word_1_193' title='bbox 1655 3594 1688 3655; x_wconf 88' lang='lat' dir='ltr'><strong>et</strong></span> <span class='ocrx_word' id='word_1_194' title='bbox 1711 3589 1812 3672; x_wconf 65' lang='lat' dir='ltr'><strong>seele-</strong></span> 
     </span>
     <span class='ocr_line' id='line_1_26' title="bbox 635 3703 1813 3791; baseline -0.001 -19"><span class='ocrx_word' id='word_1_195' title='bbox 635 3726 708 3773; x_wconf 91' lang='lat' dir='ltr'><strong>rum</strong></span> <span class='ocrx_word' id='word_1_196' title='bbox 731 3724 874 3771; x_wconf 86' lang='lat' dir='ltr'><strong>meorum</strong></span> <span class='ocrx_word' id='word_1_197' title='bbox 897 3703 1095 3789; x_wconf 89' lang='lat' dir='ltr'><strong>aliquatenus</strong></span> <span class='ocrx_word' id='word_1_198' title='bbox 1118 3710 1194 3771; x_wconf 89' lang='lat' dir='ltr'><strong>tunc</strong></span> <span class='ocrx_word' id='word_1_199' title='bbox 1216 3706 1433 3789; x_wconf 87' lang='lat' dir='ltr'><strong>reminiscens,</strong></span> <span class='ocrx_word' id='word_1_200' title='bbox 1456 3726 1520 3771; x_wconf 92' lang='lat' dir='ltr'><strong>una</strong></span> <span class='ocrx_word' id='word_1_201' title='bbox 1535 3725 1607 3771; x_wconf 88' lang='lat' dir='ltr'><strong>oum</strong></span> <span class='ocrx_word' id='word_1_202' title='bbox 1622 3704 1721 3771; x_wconf 88' lang='lat' dir='ltr'><strong>totius</strong></span> <span class='ocrx_word' id='word_1_203' title='bbox 1739 3724 1813 3791; x_wconf 91' lang='lat' dir='ltr'><strong>pro-</strong></span> 
     </span>
     <span class='ocr_line' id='line_1_27' title="bbox 636 3820 1812 3909; baseline -0.001 -21"><span class='ocrx_word' id='word_1_204' title='bbox 636 3822 825 3909; x_wconf 88' lang='lat' dir='ltr'><strong>pinquitatis</strong></span> <span class='ocrx_word' id='word_1_205' title='bbox 846 3838 936 3886; x_wconf 90' lang='lat' dir='ltr'><strong>meae</strong></span> <span class='ocrx_word' id='word_1_206' title='bbox 956 3820 1184 3905; x_wconf 88' lang='lat' dir='ltr'><strong>propemodum</strong></span> <span class='ocrx_word' id='word_1_207' title='bbox 1203 3826 1330 3887; x_wconf 83' lang='lat' dir='ltr'><strong>caterva</strong></span> <span class='ocrx_word' id='word_1_208' title='bbox 1344 3820 1471 3888; x_wconf 80' lang='lat' dir='ltr'><strong>Christo</strong></span> <span class='ocrx_word' id='word_1_209' title='bbox 1491 3822 1636 3888; x_wconf 80' lang='lat' dir='ltr'><strong>favente·</strong></span> <span class='ocrx_word' id='word_1_210' title='bbox 1656 3821 1812 3888; x_wconf 75' lang='lat' dir='ltr'><strong>fervenu’s</strong></span> 
     </span>
     <span class='ocr_line' id='line_1_28' title="bbox 636 3934 1813 4021; baseline 0 -18"><span class='ocrx_word' id='word_1_211' title='bbox 636 3936 856 4021; x_wconf 82' lang='lat' dir='ltr'><strong>ingruentibus</strong></span> <span class='ocrx_word' id='word_1_212' title='bbox 879 3934 984 4021; x_wconf 91' lang='lat' dir='ltr'><strong>pelagi</strong></span> <span class='ocrx_word' id='word_1_213' title='bbox 1006 3935 1143 4003; x_wconf 90' lang='lat' dir='ltr'><strong>molibus</strong></span> <span class='ocrx_word' id='word_1_214' title='bbox 1166 3942 1381 4021; x_wconf 82' lang='lat' dir='ltr'><strong>transvectus,</strong></span> <span class='ocrx_word' id='word_1_215' title='bbox 1410 3937 1503 4003; x_wconf 87' lang='lat' dir='ltr'><strong>huius</strong></span> <span class='ocrx_word' id='word_1_216' title='bbox 1530 3937 1671 4021; x_wconf 87' lang='lat' dir='ltr'><strong>regionis</strong></span> <span class='ocrx_word' id='word_1_217' title='bbox 1690 3937 1813 4020; x_wconf 84' lang='lat' dir='ltr'><strong>margi·</strong></span> 
     </span>
     <span class='ocr_line' id='line_1_29' title="bbox 638 4047 1813 4140; baseline 0 -21"><span class='ocrx_word' id='word_1_218' title='bbox 638 4072 711 4119; x_wconf 91' lang='lat' dir='ltr'><strong>nem</strong></span> <span class='ocrx_word' id='word_1_219' title='bbox 735 4050 940 4139; x_wconf 82' lang='lat' dir='ltr'><strong>applicuisse,</strong></span> <span class='ocrx_word' id='word_1_220' title='bbox 969 4051 1132 4135; x_wconf 62' lang='lat' dir='ltr'><strong>gratulans</strong></span> <span class='ocrx_word' id='word_1_221' title='bbox 1155 4058 1300 4119; x_wconf 78' lang='lat' dir='ltr'><strong>sotorum</strong></span> <span class='ocrx_word' id='word_1_222' title='bbox 1322 4072 1451 4140; x_wconf 89' lang='lat' dir='ltr'><strong>compos</strong></span> <span class='ocrx_word' id='word_1_223' title='bbox 1473 4047 1703 4139; x_wconf 70' lang='lat' dir='ltr'><strong>tripudiabam</strong></span> <span class='ocrx_word' id='word_1_224' title='bbox 1727 4052 1813 4119; x_wconf 89' lang='lat' dir='ltr'><strong>limi·</strong></span> 
     </span>
     <span class='ocr_line' id='line_1_30' title="bbox 638 4166 1813 4253; baseline 0.002 -20"><span class='ocrx_word' id='word_1_225' title='bbox 638 4167 792 4251; x_wconf 89' lang='lat' dir='ltr'><strong>nibusque</strong></span> <span class='ocrx_word' id='word_1_226' title='bbox 814 4166 978 4233; x_wconf 91' lang='lat' dir='ltr'><strong>beatorum</strong></span> <span class='ocrx_word' id='word_1_227' title='bbox 1001 4168 1230 4253; x_wconf 88' lang='lat' dir='ltr'><strong>apostolorum,</strong></span> <span class='ocrx_word' id='word_1_228' title='bbox 1257 4168 1409 4235; x_wconf 88' lang='lat' dir='ltr'><strong>orationis</strong></span> <span class='ocrx_word' id='word_1_229' title='bbox 1432 4168 1697 4245; x_wconf 75' lang='lat' dir='ltr'><strong>causa&#39;3demcndi</strong></span> <span class='ocrx_word' id='word_1_230' title='bbox 1718 4169 1813 4234; x_wconf 88' lang='lat' dir='ltr'><strong>innn-</strong></span> 
     </span>
     <span class='ocr_line' id='line_1_31' title="bbox 638 4282 1812 4377; baseline 0 -28"><span class='ocrx_word' id='word_1_231' title='bbox 638 4304 727 4351; x_wconf 89' lang='lat' dir='ltr'><strong>mera</strong></span> <span class='ocrx_word' id='word_1_232' title='bbox 747 4282 945 4370; x_wconf 88' lang='lat' dir='ltr'><strong>piaculorum</strong></span> <span class='ocrx_word' id='word_1_233' title='bbox 967 4302 1109 4351; x_wconf 92' lang='lat' dir='ltr'><strong>meorum</strong></span> <span class='ocrx_word' id='word_1_234' title='bbox 1124 4284 1276 4377; x_wconf 72' lang='lat' dir='ltr'><strong>pondera,</strong></span> <span class='ocrx_word' id='word_1_235' title='bbox 1299 4285 1459 4371; x_wconf 85' lang='lat' dir='ltr'><strong>pergendo</strong></span> <span class='ocrx_word' id='word_1_236' title='bbox 1475 4305 1526 4351; x_wconf 91' lang='lat' dir='ltr'><strong>me</strong></span> <span class='ocrx_word' id='word_1_237' title='bbox 1540 4284 1726 4369; x_wconf 84' lang='lat' dir='ltr'><strong>satagebam</strong></span> <span class='ocrx_word' id='word_1_238' title='bbox 1739 4304 1812 4370; x_wconf 91' lang='lat' dir='ltr'><strong>pre-</strong></span> 
     </span>
     <span class='ocr_line' id='line_1_32' title="bbox 638 4396 1813 4487; baseline -0.001 -21"><span class='ocrx_word' id='word_1_239' title='bbox 638 4404 778 4481; x_wconf 84' lang='lat' dir='ltr'><strong>sentare3</strong></span> <span class='ocrx_word' id='word_1_240' title='bbox 802 4398 907 4484; x_wconf 89' lang='lat' dir='ltr'><strong>ibique</strong></span> <span class='ocrx_word' id='word_1_241' title='bbox 930 4398 1051 4465; x_wconf 88' lang='lat' dir='ltr'><strong>cunctis</strong></span> <span class='ocrx_word' id='word_1_242' title='bbox 1075 4396 1247 4465; x_wconf 86' lang='lat' dir='ltr'><strong>adfinitatis</strong></span> <span class='ocrx_word' id='word_1_243' title='bbox 1270 4420 1359 4467; x_wconf 89' lang='lat' dir='ltr'><strong>meae</strong></span> <span class='ocrx_word' id='word_1_244' title='bbox 1381 4402 1567 4487; x_wconf 89' lang='lat' dir='ltr'><strong>propinquis</strong></span> <span class='ocrx_word' id='word_1_245' title='bbox 1581 4399 1813 4487; x_wconf 89' lang='lat' dir='ltr'><strong>propemodum</strong></span> 
     </span>
     <span class='ocr_line' id='line_1_33' title="bbox 638 4514 1843 4601; baseline 0 -20"><span class='ocrx_word' id='word_1_246' title='bbox 638 4514 732 4599; x_wconf 91' lang='lat' dir='ltr'><strong>longo</strong></span> <span class='ocrx_word' id='word_1_247' title='bbox 756 4516 871 4601; x_wconf 89' lang='lat' dir='ltr'><strong>quietis</strong></span> <span class='ocrx_word' id='word_1_248' title='bbox 901 4535 1011 4582; x_wconf 90' lang='lat' dir='ltr'><strong>somno</strong></span> <span class='ocrx_word' id='word_1_249' title='bbox 1039 4514 1176 4601; x_wconf 83' lang='lat' dir='ltr'><strong>sopitis&#39;‚</strong></span> <span class='ocrx_word' id='word_1_250' title='bbox 1205 4514 1290 4582; x_wconf 89' lang='lat' dir='ltr'><strong>solus</strong></span> <span class='ocrx_word' id='word_1_251' title='bbox 1318 4517 1353 4582; x_wconf 92' lang='lat' dir='ltr'><strong>in</strong></span> <span class='ocrx_word' id='word_1_252' title='bbox 1381 4516 1473 4583; x_wconf 88' lang='lat' dir='ltr'><strong>huius</strong></span> <span class='ocrx_word' id='word_1_253' title='bbox 1502 4516 1591 4583; x_wconf 84' lang='lat' dir='ltr'><strong>exilii</strong></span> <span class='ocrx_word' id='word_1_254' title='bbox 1620 4515 1812 4598; x_wconf 70' lang='lat' dir='ltr'><strong>calamitate,</strong></span> <span class='ocrx_word' id='word_1_255' title='bbox 1840 4546 1843 4549; x_wconf 76' lang='lat'>-</span> 
     </span>
    </p>
   </div>
   <div class='ocr_carea' id='block_1_3' title="bbox 639 4674 1801 4815">
    <p class='ocr_par' dir='ltr' id='par_1_8' title="bbox 639 4674 1801 4815">
     <span class='ocr_line' id='line_1_34' title="bbox 712 4674 1801 4735; baseline 0.001 -15"><span class='ocrx_word' id='word_1_256' title='bbox 712 4688 732 4720; x_wconf 85' lang='lat' dir='ltr'><strong>a.</strong></span> <span class='ocrx_word' id='word_1_257' title='bbox 753 4692 782 4720; x_wconf 73' lang='lat' dir='ltr'><strong>ex</strong></span> <span class='ocrx_word' id='word_1_258' title='bbox 800 4676 822 4721; x_wconf 80' lang='lat' dir='ltr'><em>V</em></span> <span class='ocrx_word' id='word_1_259' title='bbox 831 4676 911 4722; x_wconf 81' lang='grc' dir='ltr'><strong>38υ-</strong></span> <span class='ocrx_word' id='word_1_260' title='bbox 922 4675 977 4720; x_wconf 83' lang='grc' dir='ltr'>39υ.</span> <span class='ocrx_word' id='word_1_261' title='bbox 1000 4676 1053 4723; x_wconf 68' lang='lat' dir='ltr'><strong>Sira</strong></span> <span class='ocrx_word' id='word_1_262' title='bbox 1069 4676 1178 4720; x_wconf 73' lang='lat' dir='ltr'><strong>lemmate.</strong></span> <span class='ocrx_word' id='word_1_263' title='bbox 1241 4674 1264 4721; x_wconf 93' lang='lat' dir='ltr'><strong>b.</strong></span> <span class='ocrx_word' id='word_1_264' title='bbox 1281 4674 1366 4723; x_wconf 75' lang='lat' dir='ltr'><strong>Christi</strong></span> <span class='ocrx_word' id='word_1_265' title='bbox 1380 4679 1484 4735; x_wconf 85' lang='lat' dir='ltr'><strong>comptae</strong></span> <span class='ocrx_word' id='word_1_266' title='bbox 1499 4676 1609 4723; x_wconf 82' lang='lat' dir='ltr'><strong>cellarum</strong></span> <span class='ocrx_word' id='word_1_267' title='bbox 1622 4676 1650 4723; x_wconf 83' lang='lat' dir='ltr'><strong>V.</strong></span> <span class='ocrx_word' id='word_1_268' title='bbox 1712 4689 1732 4722; x_wconf 75' lang='lat' dir='ltr'><strong>a</strong></span> <span class='ocrx_word' id='word_1_269' title='bbox 1750 4688 1801 4721; x_wconf 81' lang='lat' dir='ltr'><strong>com</strong></span> 
     </span>
     <span class='ocr_line' id='line_1_35' title="bbox 639 4753 1532 4815; baseline 0.004 -16"><span class='ocrx_word' id='word_1_270' title='bbox 639 4754 697 4800; x_wconf 85' lang='lat' dir='ltr'><strong>miso</strong></span> <span class='ocrx_word' id='word_1_271' title='bbox 716 4755 743 4800; x_wconf 75' lang='lat' dir='ltr'><strong>V.</strong></span> <span class='ocrx_word' id='word_1_272' title='bbox 821 4753 844 4800; x_wconf 90' lang='lat' dir='ltr'><strong>d.</strong></span> <span class='ocrx_word' id='word_1_273' title='bbox 865 4754 976 4799; x_wconf 82' lang='lat' dir='ltr'><strong>iniientia</strong></span> <span class='ocrx_word' id='word_1_274' title='bbox 994 4753 1020 4799; x_wconf 84' lang='lat' dir='ltr'><strong>V.</strong></span> <span class='ocrx_word' id='word_1_275' title='bbox 1069 4774 1071 4781; x_wconf 59' lang='lat'><strong><em>¹</em></strong></span> <span class='ocrx_word' id='word_1_276' title='bbox 1099 4768 1119 4800; x_wconf 84' lang='lat' dir='ltr'><strong>e.</strong></span> <span class='ocrx_word' id='word_1_277' title='bbox 1140 4753 1231 4802; x_wconf 80' lang='lat' dir='ltr'><strong>labante</strong></span> <span class='ocrx_word' id='word_1_278' title='bbox 1249 4756 1277 4803; x_wconf 85' lang='lat' dir='ltr'><strong>V.</strong></span> <span class='ocrx_word' id='word_1_279' title='bbox 1354 4756 1487 4815; x_wconf 80' lang='lat' dir='ltr'><strong>isospitis</strong></span> <span class='ocrx_word' id='word_1_280' title='bbox 1504 4757 1532 4803; x_wconf 83' lang='lat' dir='ltr'><strong>V.</strong></span> 
     </span>
    </p>
   </div>
   <div class='ocr_carea' id='block_1_4' title="bbox 646 4852 1009 4928">
    <p class='ocr_par' dir='ltr' id='par_1_9' title="bbox 646 4852 1009 4928">
     <span class='ocr_line' id='line_1_36' title="bbox 646 4852 1009 4928; baseline -0.003 -16"><span class='ocrx_word' id='word_1_281' title='bbox 646 4852 648 4859; x_wconf 75' lang='grc'>’</span> <span class='ocrx_word' id='word_1_282' title='bbox 712 4860 736 4912; x_wconf 94' lang='grc'><strong>1.</strong></span> <span class='ocrx_word' id='word_1_283' title='bbox 759 4857 794 4912; x_wconf 88' lang='lat' dir='ltr'><strong>V.</strong></span> <span class='ocrx_word' id='word_1_284' title='bbox 814 4856 914 4928; x_wconf 82' lang='lat' dir='ltr'><strong>Ephcs.</strong></span> <span class='ocrx_word' id='word_1_285' title='bbox 928 4858 953 4926; x_wconf 79' lang='lat'><strong>2,</strong></span> <span class='ocrx_word' id='word_1_286' title='bbox 966 4858 1009 4911; x_wconf 82' lang='lat'><strong>20.</strong></span> 
     </span>
    </p>
   </div>
   <div class='ocr_carea' id='block_1_5' title="bbox 0 0 2185 6034">
    <p class='ocr_par' dir='ltr' id='par_1_10' title="bbox 0 0 2185 6034">
     <span class='ocr_line' id='line_1_37' title="bbox 0 0 2185 6034; baseline 0 0"><span class='ocrx_word' id='word_1_287' title='bbox 0 0 2185 6034; x_wconf 95' lang='lat' dir='ltr'><strong> </strong></span> 
     </span>
    </p>
   </div>
  </div>
 </body>
</html>
