4342 6034
545 775 626 824 vrrs
649 775 803 824 sescum
826 775 1087 824 sncumsusoom
1108 775 1306 824 uooosnnu
1442 757 1508 822 639

347 913 404 980 Vix
425 935 496 982 cum
517 916 615 984 verbs
634 915 766 998 finisset,
790 919 945 984 mnoituto
967 915 1105 984 clamore
1127 916 1168 983 ob
1190 915 1318 983 sceleris
1334 916 1508 982 uomtotem
1527 923 1598 978 1169

347 1036 376 1096 ot
394 1031 620 1099 immanissime
642 1032 836 1100 infidelitatis
858 1033 1022 1098 raritatem
1045 1051 1155 1098 omnes
1177 1037 1318 1118 strepere
1337 1051 1509 1116 omnesque
1535 995 1593 1042 ⁰*

345 1147 502 1214 soederori
524 1148 706 1234 glomeratis
729 1168 840 1235 cepere
862 1148 1074 1214 tumultubus:
1102 1149 1130 1213 0
1148 1172 1212 1235 pro
1233 1149 1343 1232 offae!
1362 1154 1410 1213 et:
1433 1149 1507 1214 Mo·

344 1265 463 1330 &atur
485 1268 797 1354 emendanturque!
819 1265 881 1330 Re·
900 1279 973 1332 seat
992 1268 1102 1331 morea
1117 1277 1147 1330 et
1158 1268 1208 1330 rei
1220 1278 1294 1330 suns
1308 1267 1478 1330 maiestatis
1485 1273 1507 1343 ¹,

345 1383 398 1464 qai
426 1381 480 1446 lece
507 1393 776 1468 presumpserant.
822 1379 865 1446 Et
892 1380 1106 1464 geminabant.
1203 1378 1343 1444 Tandem
1371 1378 1509 1445 elamore

343 1494 457 1580 sedato,
480 1502 647 1584 postquam
670 1496 803 1562 domnus
818 1496 991 1582 imperator
1006 1515 1026 1562 a
1040 1515 1073 1560 se
1090 1495 1181 1560 buius
1197 1495 1387 1580 suspicionis
1400 1500 1509 1560 notam

342 1609 545 1696 absterserat,
575 1613 749 1678 adversarii
772 1611 847 1696 Dei,
875 1611 971 1678 luridi
994 1610 1078 1694 ora',
1107 1611 1142 1675 in
1164 1609 1304 1676 medium
1325 1610 1509 1696 responsuri

341 1725 508 1810 ducuntur3
531 1728 645 1794 faeiem
668 1729 753 1794 enim
775 1728 916 1813 ipsorum
940 1726 1057 1812 pallor,
1088 1724 1226 1791 suffosus
1247 1725 1362 1791 rubore
1384 1745 1422 1790 ao
1443 1729 1509 1790 tre·

340 1861 441 1927 more,
471 1843 662 1910 obsederat
702 1841 783 1921 Quid
806 1843 1095 1926 contradicerent,
1122 1841 1233 1907 miseri
1254 1861 1318 1906 non
1340 1839 1508 1906 habebant

341 1955 416 2042 Sed,
445 1959 633 2044 quibusdam
661 1959 831 2024 innitentes
859 1957 1047 2044 calumpniis
1069 1993 1113 2004 -
1138 1978 1157 2022 a
1182 1956 1379 2042 principibus
1406 1955 1510 2040 pressi

339 2071 473 2157 silentio,
498 2075 574 2158 quia
594 2074 656 2140 hiis
678 2073 850 2140 mendaciis
873 2073 960 2140 loeus
983 2093 1047 2139 non
1063 2080 1132 2139 erat
1147 2109 1188 2120 -—
1205 2071 1314 2156 quales
1329 2070 1509 2157 principum

339 2189 497 2274 totiusque
512 2191 598 2255 curie
613 2190 805 2256 invectiones
821 2188 1006 2271 detulerint3
1030 2209 1126 2274 quam
1140 2187 1264 2254 trucesd
1278 2187 1412 2252 intuitus
1426 2185 1510 2252 iero-

337 2323 449 2389 eesque
479 2305 768 2372 animadversiones
797 2306 920 2391 experti
957 2305 1053 2386 siut·;
1086 2309 1205 2388 quanto
1232 2303 1369 2369 ludibrio
1398 2301 1508 2385 babiti,

337 2420 508 2507 qualesque
537 2421 754 2488 damnationes
786 2422 818 2486 in
846 2441 880 2486 se
909 2439 1004 2507 super
1032 2425 1100 2485 tam
1129 2418 1308 2485 detestabili
1330 2419 1509 2484 temeritate

336 2555 393 2602 sua
422 2538 596 2618 audieriut3
628 2543 744 2622 quanto
773 2537 893 2622 pudore
916 2535 1035 2619 affecti,
1066 2540 1280 2620 aconspeetn
1302 2533 1389 2600 curie
1409 2551 1510 2618 usque

333 2651 367 2718 in
396 2653 591 2736 erastinum,
623 2653 738 2718 iterum
769 2651 933 2735 audiendi,
969 2651 1085 2718 sublati
1113 2650 1247 2731 fuednt3
1282 2648 1510 2735 quantumque¹

332 2766 441 2836 domni
456 2767 637 2853 Magantini
659 2769 723 2834 oris
745 2767 879 2850 gratiam
904 2773 936 2832 et
958 2767 1099 2852 corporis
1121 2766 1308 2848 dignitatem
1330 2773 1363 2832 et
1385 2765 1510 2848 elegan-

332 2883 410 2950 tiam
435 2889 547 2968 gestus
570 2885 670 2970 ipsius
693 2883 988 2967 observantiamque
1011 2881 1178 2948 verborum
1202 2901 1331 2947 suornm
1348 2887 1381 2946 et
1395 2881 1511 2964 grand-

332 3019 387 3066 eve
417 3021 480 3067 sue
508 3001 601 3066 etatis
629 2999 838 3066 reverentiam
861 2999 1001 3066 universi
1024 2997 1250 3083 obstupebant,
1279 2995 1421 3064 hostibus
1444 2997 1511 3062 suis

331 3115 544 3198 devoventes3
560 3120 593 3182 et
607 3135 736 3202 presens
752 3122 820 3182 etas
836 3121 868 3182 et
883 3121 1047 3183 secutura·
1059 3118 1165 3199 potest
1178 3114 1316 3179 retinere
1329 3113 1510 3198 posteritas.

420 3232 498 3300 Hiis
528 3251 601 3316 ergo
625 3251 682 3318 pro
706 3231 856 3298 tribunali
880 3231 1036 3313 decursis,
1065 3229 1252 3296 commmim
1273 3234 1371 3294 ruunt
1392 3227 1512 3314 prinei·

329 3369 397 3436 pes,
422 3367 521 3415 suum
544 3347 658 3414 domno
682 3345 865 3430 Mogontino
889 3345 1056 3413 offerentes
1078 3345 1263 3432 hospitium.

421 3463 631 3532 validissima
659 3481 793 3546 namque
822 3462 984 3529 obsidione
1010 3461 1115 3527 medio
1142 3461 1255 3528 hiemis
1278 3464 1420 3545 tempore
1442 3479 1511 3525 am·

328 3581 437 3648 bierat
461 3581 596 3646 domnus
618 3581 791 3666 imperator
813 3576 970 3662 quoddam
993 3577 1242 3643 munitissimum
1264 3575 1354 3642 ltalie
1369 3575 1509 3662 opidum,

329 3696 450 3764 Creme
467 3696 609 3777 nomine;
634 3714 836 3779 aggeresque,
859 3692 968 3776 valles,
986 3692 1235 3778 propugnacula,
1251 3691 1376 3775 arietes,
1390 3691 1511 3758 moobi·

327 3833 388 3880 nas
414 3819 450 3880 et
474 3811 581 3878 omnia
604 3810 797 3878 edificiorum
820 3815 979 3876 tormenta
1000 3813 1112 3874 contra
1132 3810 1238 3895 ipsum
1261 3809 1296 3874 iu
1309 3827 1422 3893 gmum
1438 3827 1510 3893 pre·

326 3934 508 3996 struxerat.
542 3925 779 4012 Ediderautqne
800 3928 848 3992 sui
872 3925 913 3992 ad
934 3924 1085 3990 hiemales
1107 3924 1226 3991 imbres
1240 3923 1450 4010 horroresque
1464 3923 1511 3990 al-

326 4047 438 4129 gentis
464 4044 574 4110 brume
598 4043 759 4126 eruendos,
783 4041 927 4108 omnibus
946 4041 1073 4106 circiter
1095 4040 1135 4106 ad
1150 4041 1260 4107 decem
1273 4039 1413 4107 miliaria
1427 4040 1512 4107 circa

327 4159 489 4243 abrosisl,
514 4177 707 4244 quecumque
730 4157 907 4244 mappalia,
929 4155 1079 4243 paleariis
1102 4156 1453 4242 circumpendentibus¹.

422 4276 480 4343 Ad
508 4274 565 4342 beo
592 4275 689 4360 igitur
717 4273 854 4360 hospitia
881 4292 998 4340 novum
1026 4271 1185 4358 hospitem
1213 4273 1329 4338 curiosi
1350 4272 1511 4359 principes

324 4393 485 4461 sertatim
512 4390 676 4457 vocabant
712 4390 917 4474 Obtinuitque
946 4409 1018 4455 oum
1049 4387 1182 4454 illustris
1212 4386 1375 4454 Comedus
1405 4407 1510 4454 eomes

323 4510 499 4598 palatinus
512 4507 602 4592 lieni,
625 4507 888 4594 imperatorisque
910 4525 1094 4591 germanus3
1118 4510 1152 4571 et
1171 4503 1247 4590 quia
1267 4504 1400 4570 vicinior
1414 4503 1511 4588 eurio,

403 4739 427 4771 a.
452 4722 566 4769 maiestati
582 4725 604 4768 1.
666 4721 690 4767 b.
709 4720 819 4767 luridiors
835 4737 892 4765 corr.
906 4722 928 4765 ἡ
944 4719 1055 4766 lucidiora
1066 4722 1088 4776 1,
1104 4717 1173 4766 luridi
1189 4731 1230 4764 ors
1239 4719 1262 4764 2.
1324 4730 1344 4763 e.
1360 4715 1509 4763 obddmstl.

323 4806 348 4852 d.
371 4801 473 4852 corneis
489 4805 511 4860 1,
526 4803 635 4850 naeus.
705 4815 726 4847 e.
746 4801 837 4846 suutl.
907 4798 1135 4858 tqusnunqssa
1205 4811 1226 4856 g.
1241 4798 1323 4844 uenti
1336 4799 1359 4843 1.
1424 4795 1448 4843 h.
1469 4795 1510 4842 ob·

322 4885 389 4933 rosis
409 4886 434 4940 1,
453 4881 542 4930 abrosis
558 4885 580 4928 Ἰ.
658 4881 673 4927 'a
694 4879 848 4940 psudmfibus
863 4879 947 4926 eiraum
963 4881 985 4934 1,
1002 4880 1024 4924 2.
