4342 6034
573 766 779 815 wmmnunns
800 766 880 813 vrrs
903 764 929 812 s.
946 764 1123 813 norun-ern
1146 763 1259 814 cmv
1432 747 1499 815 stt

349 906 563 995 superstitionis
585 905 818 973 multitudinem
835 906 952 993 pabulo
967 910 1114 975 aeternae
1128 905 1373 993 praedicationis
1387 904 1498 975 reficit
1518 917 1571 972 '11⁹

347 1022 470 1109 dumque
493 1022 701 1089 desiderantis
723 1028 869 1109 repente·
891 1028 1030 1091 mentm
1052 1028 1245 1110 spontaneus
1268 1022 1371 1109 operis
1389 1042 1500 1107 sequo-

346 1144 419 1205 retur
439 1136 565 1205 effectus
589 1144 622 1207 et
641 1140 748 1207 votiva
761 1138 1009 1226 praedistinatae
1024 1138 1186 1205 doctrinae
1200 1137 1267 1221 lux,
1289 1136 1416 1205 domino
1431 1137 1499 1206 Deo

345 1253 541 1341 dispensante,
564 1254 759 1339 claresceret,
782 1254 947 1341 Carliquel
971 1254 1059 1321 ducis
1081 1254 1210 1337 gloriosi
1231 1274 1327 1341 super
1346 1251 1500 1321 fresones

343 1369 511 1437 roboratum
534 1376 618 1439 esset
638 1372 823 1458 imperium,
846 1371 911 1437 iam
933 1371 1047 1437 bucina
1069 1369 1213 1436 caelestis
1234 1369 1323 1437 verbi
1344 1369 1502 1457 increpuit

343 1490 378 1568 st,
397 1485 647 1571 praedicatorum
669 1488 854 1555 adveniente
876 1486 1005 1573 superni
1026 1486 1109 1553 roris
1130 1485 1309 1567 fertilitate,
1334 1505 1395 1551 vox
1416 1486 1499 1553 into·

342 1602 401 1667 nuit
425 1601 501 1687 Dei,
538 1608 570 1669 et
596 1603 678 1671 iam·
705 1624 764 1691 per
785 1601 1038 1685 willibrordum,
1067 1602 1172 1669 virum
1199 1600 1427 1686 venerabilem,
1463 1620 1500 1669 ac
1528 1636 1543 1649 ·›

341 1723 547 1805 cooperatores
573 1719 639 1785 eius
661 1724 854 1805 propagatus
877 1724 925 1785 est
947 1737 1060 1785 sermo.
1107 1716 1170 1784 Sed
1192 1718 1267 1803 quia
1286 1716 1408 1783 messed
1430 1716 1500 1803 qui·

340 1832 402 1899 dens
427 1834 529 1901 multa
554 1834 715 1921 operarios
737 1836 839 1901 inesse
861 1830 997 1921 paucos¹
1018 1839 1189 1917 cerneret·,
1218 1837 1344 1921 sanctus
1366 1832 1418 1898 hic
1439 1831 1500 1899 Dei

338 1946 465 2017 famulus
496 1955 680 2037 cooperator
709 1950 805 2017 etiam
831 1950 933 2015 factus
962 1956 1010 2017 est
1037 1970 1097 2036 per
1125 1955 1190 2017 tres
1216 1949 1373 2017 instanter
1401 1968 1499 2015 annos
1517 1960 1660 2015 ula-'suu

337 2062 524 2133 Willibrordi
547 2065 788 2153 archiepiscopi3
818 2066 1015 2151 multumque
1042 2066 1076 2131 in
1099 2064 1224 2132 Christo
1246 2064 1408 2149 laborans,
1436 2082 1500 2129 non

336 2200 462 2266 parvum
490 2180 626 2249 Domino
653 2180 821 2268 populum,
850 2180 1017 2249 desudetis
1046 2180 1248 2250 delubrorum
1274 2180 1357 2247 fanis
1385 2184 1418 2247 et
1444 2199 1499 2247 ox·

335 2298 456 2365 dructis
479 2297 699 2365 aecclesiarum
722 2296 878 2382 oratoriis,
904 2298 1047 2385 praefato
1068 2295 1225 2385 pontifici‘
1247 2295 1422 2385 opitulante
1444 2294 1499 2365 ud·

336 2414 467 2499 quisivit

414 2529 497 2599 Cum
524 2549 598 2597 vero
622 2547 762 2595 summus
785 2527 837 2595 hie
858 2534 1025 2599 senuerat¹
1044 2528 1190 2615 pontifex
1212 2533 1244 2595 at
1266 2527 1378 2595 aetads
1400 2526 1499 2615 pluri-

335 2645 388 2711 mis
409 2643 621 2731 gravabatur'¹
644 2644 745 2729 aunis,
769 2644 922 2729 decrevit,
946 2645 1041 2711 otiam
1064 2649 1251 2729 suggerente
1273 2643 1498 2731 discipulorum

335 2767 435 2845 coetu,
471 2766 509 2827 ut
536 2759 686 2827 solacium
716 2759 797 2827 tanti
824 2758 1002 2827 ministerii¹
1036 2781 1113 2827 suae
1139 2760 1318 2847 decrepitae
1345 2760 1499 2827 senectuti

334 2874 528 2963 praevideret
550 2882 582 2943 et
603 2872 728 2941 fidelem
757 2874 795 2941 de
823 2895 923 2961 parva
951 2876 1192 2959 congregatione
1218 2876 1322 2941 virum
1351 2874 1498 2961 elegeret,

334 2992 383 3078 qni
402 2998 493 3061 tanto
516 3010 662 3079 praeesse
683 2991 839 3077 potuisset
852 2990 979 3078 populo.
1013 2992 1186 3077 Accitoque
1200 2990 1260 3057 hoc
1272 2989 1353 3057 Deik
1367 2990 1496 3075 famulo,

333 3109 460 3177 salutari
482 3128 555 3175 eum
576 3108 783 3175 instructione
805 3108 984 3175 admonuit:
1007 3113 1044 3175 ut
1066 3106 1255 3195 episcopalis
1277 3106 1395 3193 quippe
1415 3106 1498 3191 regi·

333 3225 421 3291 minis
445 3225 620 3313 susciperet
641 3224 784 3309 gradum,
808 3224 849 3290 et'
865 3223 906 3289 ad
920 3223 1093 3309 regendum
1106 3222 1168 3290 Dei
1181 3221 1335 3311 populum
1348 3222 1410 3289 sibi
1425 3221 1498 3289 sub·

333 3342 459 3409 veniret
505 3340 566 3420 Qui
588 3341 693 3425 etiam,
717 3339 878 3407 humiliter
899 3345 1029 3427 repente
1051 3358 1219 3427 respuens,
1241 3338 1371 3405 minime
1393 3358 1429 3407 se
1450 3338 1498 3404 di-

332 3472 424 3539 gnum
447 3476 517 3524 ease
540 3456 739 3551 episcopatus
762 3456 861 3540 mado
881 3455 1051 3538 referebat3
1076 3460 1117 3540 et
1139 3474 1181 3521 ne
1195 3455 1257 3523 sibi
1271 3460 1380 3521 tantae
1396 3454 1499 3538 digni·

332 3574 402 3639 tatis
424 3572 589 3659 fastigium
612 3571 840 3641 adolescentiae
862 3570 963 3638 adhuc
979 3572 1013 3637 in
1029 3572 1121 3637 annis
1136 3572 1306 3638 constituto
1320 3570 1496 3659 inponeret,

332 3686 514 3775 deprecatus
538 3694 601 3771 ast,
625 3694 666 3774 et
690 3688 839 3774 quoniam
862 3688 1115 3774 quinquagesimi
1134 3688 1210 3755 anni
1224 3688 1314 3755 iuxta
1329 3686 1498 3755 muonicas

331 3805 526 3873 recdtndinis
548 3824 693 3871 normam
715 3804 849 3871 necdum
877 3802 970 3891 plene
996 3804 1153 3891 reciperet
1180 3809 1333 3889 aetatem,
1363 3808 1497 3871 testum

332 3926 390 4003 est3
418 3929 456 3988 nt
485 3921 572 3988 omni
601 3940 635 3987 se
663 3920 789 4009 penitus
817 3920 1028 3987 excusationis
1055 3920 1315 4005 tergiversatione
1342 3918 1382 3987 ab
1403 3918 1497 3988 huius

330 4037 470 4119 gradus·
497 4036 682 4105 celsitudine
715 4034 895 4103 declinarat
940 4034 1124 4103 Praedictus
1156 4037 1264 4123 itaquo
1295 4041 1363 4101 tam
1395 4035 1497 4101 sancti

330 4153 508 4237 praeconii²
530 4154 673 4240 pontifex
694 4152 828 4241 placidis
849 4150 939 4219 illurn
960 4151 1065 4219 verbis
1086 4153 1272 4239 increpavit,
1300 4157 1333 4219 et
1353 4149 1497 4235 diligam

331 4286 400 4337 eum
422 4289 500 4337 cura
521 4269 562 4337 ad
584 4269 676 4337 huius
698 4268 853 4357 propositi
874 4268 1008 4353 gradum
1029 4268 1208 4353 instigavit,
1230 4266 1403 4355 populique
1423 4265 1497 4334 sut

400 4522 422 4556 ι.
443 4510 537 4571 apres
552 4510 579 4557 t.
671 4508 694 4555 b.
715 4525 772 4555 corr.
788 4511 811 4555 fa
827 4506 945 4567 Garoliqua
961 4510 994 4565 A;
1015 4506 1134 4567 Garaiique
1150 4509 1177 4553 B.
1271 4519 1291 4553 a.
1311 4506 1336 4553 et
1349 4505 1395 4552 iam
1409 4522 1453 4550 οι.
1469 4507 1496 4553 l'.

331 4586 408 4637 dura
496 4602 594 4649 ,mesra
609 4590 638 4646 A,
655 4590 683 4636 B.
761 4602 781 4635 e.
801 4586 908 4634 cernebat
923 4590 950 4635 A.
1028 4586 1044 4633 f.
1065 4586 1173 4647 pontifice
1188 4589 1217 4633 A.
1293 4598 1315 4644 g.
1337 4584 1451 4631 nmium
1465 4587 1494 4643 A,

331 4672 436 4716 nunant
451 4671 479 4717 B.
560 4668 583 4715 lr.
605 4670 736 4729 munietur
749 4670 778 4716 A.
859 4666 874 4715 t
895 4666 1007 4715 ministerf
1022 4668 1048 4724 F,
1068 4666 1190 4713 ministerii
1204 4668 1238 4723 A,
1253 4667 1282 4712 B.
1360 4662 1386 4710 k.
1406 4662 1498 4712 hnic!

329 4748 809 4807 mhocdai5hosd113hnisdsi8.
870 4747 992 4795 1.οωὶ
1054 4760 1084 4794 nu.
1105 4745 1219 4805 mar.
1280 4742 1432 4805 apronia

400 4864 427 4919 1.
451 4862 642 4935 maaser.
