4342 6034
546 798 627 843 visa
648 796 804 845 saroam
824 796 1087 845 ancumnrscorr
1110 796 1306 845 moounrnu
1442 778 1508 843 673

340 938 384 1004 ris
412 935 573 1021 suffultus,
600 938 787 1024 perveniens
811 942 987 1005 -octavo
1015 938 1064 1003 sui
1092 937 1387 1024 metropolitanatus
1416 957 1508 1022 anno,
1537 946 1607 1001 1160

341 1052 404 1119 ianr
431 1054 608 1137 grandevus
637 1059 669 1121 et
690 1054 803 1140 plenus
825 1055 964 1139 dierum,
993 1052 1148 1137 gloriosus
1171 1058 1204 1120 et
1225 1054 1356 1120 decorus
1379 1054 1413 1119 in
1436 1072 1509 1119 con·
1525 1019 1616 1066 Μ

341 1174 450 1255 spectu
478 1170 622 1256 Domini,
656 1171 875 1255 Maguntinam
904 1170 1068 1237 ecclesiam
1098 1171 1148 1235 oui
1176 1174 1303 1256 preerat
1331 1170 1370 1235 ab
1400 1170 1509 1256 impiis

340 1304 467 1350 suorum
496 1286 610 1353 civium
641 1288 763 1373 eripere
784 1286 893 1353 volens
914 1284 1072 1369 faucibus,
1103 1285 1247 1351 ultimam
1271 1286 1320 1351 sui
1342 1285 1511 1352 sacerdotii

340 1400 453 1466 stolam
475 1400 585 1469 lavans
607 1404 641 1469 in
664 1403 817 1486 sanguine
832 1402 916 1487 agni,
940 1400 1095 1488 aperfida
1110 1401 1201 1487 plebe
1217 1402 1353 1483 occisus3
1376 1402 1508 1467 infulam

340 1522 526 1602 perpetuam
548 1538 568 1583 a
590 1518 717 1585 domiuo
741 1518 811 1597 lesu
834 1517 976 1601 Christo,
1004 1538 1063 1604 pro
1093 1516 1180 1583 cuius
1204 1517 1322 1583 bonore
1344 1518 1509 1605 proprium

340 1634 524 1715 sanguinem
550 1634 647 1718 fudit,
676 1654 759 1700 anno
787 1634 944 1700 dominice
966 1633 1192 1700 incarnationis
1214 1632 1382 1698 millesimo
1406 1637 1510 1698 cente·

340 1748 419 1812 simo
447 1750 643 1833 sexagesimo
665 1753 707 1815 8·
728 1750 860 1817 Kalend.
885 1750 957 1817 lulii
983 1749 1119 1816 feliciter
1142 1754 1174 1815 ct
1195 1747 1330 1815 fideliter
1353 1754 1402 1815 est
1424 1766 1509 1814 assc-

339 1868 440 1929 cutus.

426 1979 518 2046 Nunc
541 1987 645 2047 autem
668 1982 802 2068 profana
823 1988 857 2048 et
877 1980 1028 2067 pestilens
1051 1980 1220 2046 multitudo
1243 1978 1445 2063 blaguntina‚
1474 1984 1510 2045 ut

338 2096 497 2182 copiosius
524 2096 605 2162 iram
628 2096 688 2163 Dei
717 2104 749 2164 et
777 2098 918 2163 omnium
947 2101 1126 2163 sanctorum
1151 2102 1183 2163 et
1205 2102 1390 2163 cunctorum
1412 2095 1509 2163 bono·

338 2232 409 2276 rum
432 2212 595 2279 bominum
617 2212 730 2299 super*
753 2234 787 2281 se
809 2218 1011 2300 provocaret,
1035 2212 1073 2278 de
1096 2213 1168 2299 ipsa
1190 2212 1337 2297 ecclesia,
1361 2212 1415 2278 ubi
1438 2230 1510 2277 cunr

339 2326 436 2413 impie
470 2334 502 2393 et
528 2328 700 2395 inhumane
728 2330 981 2413 interemerant,
1011 2334 1170 2394 mortuum
1200 2333 1232 2394 et
1261 2332 1425 2395 enecatum
1452 2346 1511 2413 per

339 2442 450 2527 pedes,
479 2449 641 2528 tamquam
663 2465 790 2529 canem,
820 2448 854 2511 in
875 2446 1000 2512 foveam
1023 2444 1182 2529 quandam
1204 2442 1382 2531 platearum
1404 2448 1511 2509 uane-

339 2564 422 2624 ruut.
457 2558 502 2625 Et
523 2560 753 2627 subsannantes
776 2562 815 2645 ei,
838 2563 1041 2645 iurantesque
1057 2580 1115 2645 per
1130 2560 1303 2646 impietatis
1318 2559 1509 2645 nequitiam:

340 2674 423 2757 quod
444 2674 499 2741 ille
521 2674 741 2761 mortificator,
771 2696 869 2743 senex
891 2678 1063 2763 pessimus,
1086 2696 1248 2761 nunquam
1272 2676 1371 2742 emori
1393 2680 1509 2762 posset

340 2788 436 2855 immo
460 2792 617 2875 quendam
633 2792 831 2878 capellanum
847 2812 939 2859 suum
954 2791 1016 2858 sibi
1031 2792 1183 2875 similem,¹
1201 2812 1266 2857 non
1281 2792 1396 2877 ipsum,
1419 2792 1511 2874 iugu-

340 2904 493 2988 laasent‘3
523 2909 638 2973 iterum
660 2908 821 2974 irruerunt
842 2908 876 2973 in
898 2908 1012 2993 ipsum.
1048 2907 1163 2974 intima
1186 2908 1306 2991 cordis,
1330 2907 1510 2992 ventrisque

339 3022 435 3087 totius
458 3022 563 3105 gelida
584 3024 760 3109 penetralia
782 3024 882 3110 ipsius
905 3044 963 3110 per
985 3023 1083 3107 gladii
1100 3025 1249 3089 sevientis
1265 3023 1510 3089 animadversio·

339 3154 411 3203 nem
433 3139 556 3223 rimati,
586 3140 829 3224 circumquaque
852 3140 1026 3221 concisum,
1056 3160 1128 3205 eum
1152 3140 1271 3223 denuo,
1301 3140 1510 3224 quantumin

340 3251 433 3337 ipsis,
469 3254 606 3320 occisum
642 3256 832 3322 occiderunt.
876 3254 919 3321 Et
951 3256 1064 3321 exinde
1092 3256 1210 3320 nudum
1239 3262 1272 3321 et
1299 3255 1508 3336 inhumatum,

339 3368 529 3436 miserabili·
552 3372 662 3438 funere
685 3371 846 3438 volucrum
866 3365 1113 3456 latrantiumque
1128 3372 1240 3437 rostris
1256 3372 1453 3455 trahendum,
1477 3372 1510 3437 in

340 3500 506 3552 cavearum
542 3506 751 3573 agrorumque
781 3488 937 3553 borrenda
962 3464 1182 3573 inoptataque‘
1211 3487 1379 3554 solitudine
1408 3486 1510 3553 solum

340 3604 372 3663 et
391 3600 647 3688 inexequiatum⁸
669 3602 880 3683 dimittentes3
908 3623 966 3688 per
989 3603 1130 3668 triduum
1154 3604 1348 3690 sepulturam
1371 3604 1403 3669 iu
1427 3609 1509 3670 esta-
1529 3620 1678 3667 rana-ae

340 3714 380 3780 tis
402 3716 474 3803 ipso
495 3716 642 3801 flagranti
664 3720 788 3785 fervore
811 3719 871 3785 sibi
894 3725 1097 3801 negaverunt.

427 3832 492 3900 Sed
519 3835 587 3901 sine
614 3834 766 3920 publicis*
796 3834 937 3918 exequiis
959 3833 1103 3900 Christus
1135 3837 1298 3901 martirem
1326 3854 1417 3901 suurn
1446 3854 1510 3900 non

340 3946 469 4017 dimisit
509 3951 591 4016 Nam
618 3951 653 4015 in
680 3950 750 4036 ipso
778 3950 973 4015 imminentis
1001 3952 1103 4015 noctis
1133 3952 1275 4035 silentio,
1306 3951 1389 4035 quod
1418 3970 1509 4017 suum

340 4070 413 4146 post
439 4066 560 4132 obitum
589 4066 810 4152 peremptorie*
834 4066 1019 4133 succedebat
1042 4066 1105 4131 diei
1114 4062 1133 4149 ¹,
1169 4066 1416 4133 circumstabant
1438 4088 1508 4133 eum

341 4196 515 4267 pauperum
535 4183 703 4248 viduarum
724 4182 917 4268 pupillorum
939 4181 1213 4267 orphanorumque
1233 4183 1402 4249 multitudo
1417 4183 1509 4248 innu-

341 4310 443 4381 mera,
473 4317 552 4383 quos
579 4318 705 4385 semper
733 4299 819 4364 victu
847 4298 1026 4381 vestituque
1054 4297 1172 4379 alebat3
1209 4299 1376 4385 ymnidicis
1406 4298 1508 4364 choris

411 4541 433 4575 ι.
453 4532 528 4578 dovr.
544 4532 566 4587 l,
582 4532 605 4577 ἵ.
679 4530 702 4575 b.
723 4546 767 4575 om.
783 4532 805 4575 2.
881 4542 902 4576 c.
922 4529 1063 4575 interiment
1079 4530 1101 4575 1.
1172 4527 1356 4585 dingulassent
1371 4531 1455 4587 scripsi
1465 4545 1509 4588 pro

343 4602 494 4661 *domums
508 4612 531 4666 1,
546 4612 569 4658 2.
662 4624 682 4656 a.
702 4609 831 4655 miserabile
847 4611 869 4655 1.
955 4608 972 4655 f.
994 4610 1140 4668 inoptatuquc
1156 4611 1238 4668 scripsi
1251 4624 1294 4667 pro
1309 4608 1431 4667 ineptaque
1448 4610 1469 4665 l,
1486 4608 1508 4653 2.

343 4692 363 4737 8·
381 4684 557 4749 inexaquitatunr
573 4690 596 4747 1,
611 4689 778 4749 inercquiatunr
794 4691 816 4735 2.
901 4688 924 4734 b
946 4686 1036 4749 pudicis
1053 4689 1074 4733 1.
1161 4686 1176 4732 i.
1197 4688 1349 4747 peremptorie
1365 4690 1448 4748 scripsi
1465 4704 1508 4748 pro

343 4771 456 4827 vapta
473 4770 495 4825 1,
510 4770 622 4829 perempti
639 4770 661 4815 2.

412 4889 437 4941 1.
458 4889 515 4945 ie.
534 4905 569 4944 ea
585 4895 674 4959 nocta,
692 4903 764 4959 quae
780 4889 853 4943 iuter
869 4888 942 4944 diem
961 4889 997 4943 24
1015 4894 1043 4943 et
1062 4890 1097 4943 25
1116 4904 1151 4943 m.
1164 4889 1235 4943 lunii
1253 4889 1416 4943 intercessit.

385 4982 463 5039 uine,
479 4989 623 5033 anasum
638 4989 677 5033 ιιι.
1260 4987 1295 5041 43
