4342 6034
554 790 759 839 wmnmanm
781 792 862 839 vrrs
884 790 911 841 s.
928 791 1104 841 normann
1126 792 1201 842 oar.
1218 793 1258 843 111
1420 776 1487 843 437

410 930 478 999 111·.
522 930 594 998 Ad*
620 931 799 1016 generalem
826 953 901 1017 ergo
932 932 1102 1001 cottidiano
1124 932 1398 1020 contemplationis
1421 935 1489 1003 eius

334 1048 454 1115 formam
481 1053 514 1115 et
539 1047 721 1115 diuturnam
742 1048 955 1136 parsimoniae
978 1050 1204 1117 continentiam
1227 1070 1331 1117 sermo
1355 1070 1376 1117 a
1395 1051 1488 1119 nobis

332 1163 454 1229 moetus
472 1162 699 1251 aliquantisper
714 1164 901 1249 dirivatnr⁶;
926 1166 1051 1255 nuper
1066 1165 1206 1250 singulos
1222 1185 1362 1251 quosque
1379 1186 1488 1234 aecen-

331 1300 376 1345 sus
397 1279 543 1347 sublimia
564 1279 657 1346 buius
680 1281 782 1347 saneti
796 1282 857 1347 viri
876 1300 973 1369 opera
986 1281 1175 1369 propensius
1189 1281 1402 1368 conpendiosa
1417 1303 1490 1349 ner-

330 1395 429 1463 borum
457 1395 588 1464 raritate
617 1414 826 1482 exequamur,
855 1398 1056 1482 studiumque
1077 1397 1163 1463 ritae
1184 1398 1372 1483 per-omnia
1394 1418 1488 1467 vene·

329 1510 427 1579 rabilis
454 1512 557 1579 saneti
579 1510 731 1579 Bonifatii
753 1512 899 1581 subtilius
922 1512 1100 1599 indagando
1123 1532 1368 1599 prosequamur;
1398 1518 1435 1579 ut
1457 1519 1489 1581 et

329 1646 418 1711 aequa
438 1626 615 1695 libraminis
638 1627 853 1695 moderatione
876 1628 1037 1715 exemplar
1059 1628 1151 1695 nobis
1172 1628 1368 1695 aeternitatis
1384 1634 1417 1695 et
1429 1650 1488 1715 per

317 1748 388 1813 ,tens
423 1740 480 1809 fiat
513 1742 703 1829 apostolieae
737 1743 921 1811 eruditionis
954 1764 1075 1811 norma.
1121 1743 1182 1823 Qui
1215 1764 1272 1831 per
1306 1750 1487 1813 sanemrum

327 1858 472 1945 exempla,
497 1858 644 1925 arduam·
660 1858 803 1927 caelestis
826 1860 1060 1945 intellegentiae
1083 1859 1228 1925 semitam
1248 1858 1382 1926 feliciter
1396 1880 1487 1927 soan-

326 1974 394 2041 dens
422 1994 460 2041 ao
487 1974 651 2061 praevium
679 1974 805 2063 populis
833 1975 982 2043 ducatum
1010 1975 1183 2063 praebens,
1213 1979 1339 2063 portam
1366 1976 1487 2043 domini

325 2088 377 2157 Dei
398 2092 510 2175 nostri,
534 2110 628 2176 quam
650 2090 727 2163 iusti
749 2090 922 2175 intrabunt,
945 2091 1014 2177 ipse
1036 2092 1197 2174 ingressus
1220 2092 1353 2177 apernit
1388 2091 1431 2157 Et
1446 2092 1486 2159 ab

324 2205 450 2275 infantia
472 2226 531 2273 sna
551 2227 652 2292 usqne
675 2206 715 2273 ad
738 2206 930 2295 decrepitam
953 2208 1066 2275 aetatis
1089 2212 1282 2273 senectutem
1298 2208 1485 2293 praeterito

323 2342 386 2388 rum
406 2342 472 2390 nou
493 2322 694 2391 mediocriter
716 2328 844 2409 patrum
866 2324 1056 2411 sapientiam
1071 2324 1215 2389 imitatas
1234 2308 1298 2406 est3
1321 2324 1397 2390 dum
1411 2346 1485 2411 pro·

323 2438 481 2523 phetarnm
508 2438 624 2523 ingiter
652 2442 684 2505 et
711 2438 925 2525 apostolorum
953 2438 1066 2523 verba,
1102 2438 1175 2505 stilo
1204 2440 1383 2507 sanctitatis
1411 2461 1485 2509 con-

323 2554 447 2641 scripta,
477 2560 510 2621 et
531 2554 700 2638 gloriosam
723 2560 900 2641 martyrum
921 2554 1118 2641 passionem,
1140 2554 1320 2623 litterarum
1342 2557 1485 2644 apicibus

322 2668 477 2754 insertam,
500 2669 556 2737 sed
577 2674 610 2737 ot
631 2670 846 2755 euangelicam
869 2670 989 2737 domiui
1003 2670 1065 2737 Dei
1084 2672 1186 2739 nostri
1200 2673 1403 2740 traditionem
1418 2680 1485 2741 oet

322 2784 391 2869 tidie
407 2784 650 2853 commendabat
663 2786 844 2869 memoriae,
868 2790 900 2852 et
914 2786 1085 2853 seoundum
1101 2787 1289 2873 apostolum,
1313 2790 1380 2856 sive
1394 2810 1485 2858 man-

321 2900 461 2969 ducasset
482 2902 549 2969 siue
571 2901 703 2969 bibisset
725 2902 791 2969 sive
814 2901 898 2967 aliud
922 2901 1042 2986 aliquid
1065 2903 1180 2986 egisset
1188 2899 1206 2986 ¹,
1233 2902 1337 2970 laudis
1359 2926 1485 2993 semper

321 3018 515 3102 praeconium
547 3023 579 3085 et
608 3017 719 3085 denote
745 3017 907 3101 fastigium
934 3016 1131 3103 iubilationis
1160 3024 1226 3085 tam
1254 3025 1361 3087 mente
1389 3042 1483 3105 quam

320 3134 407 3201 etiam
436 3154 492 3201 ore
521 3133 721 3220 persolvebat
742 3132 825 3217 Deo,
854 3134 945 3199 iuxta
969 3132 1049 3199 illud
1070 3133 1315 3223 psalmigraphi:
1344 3138 1483 3204 Benedi-

320 3273 381 3315 com
395 3252 574 3318 Dominam
595 3254 630 3316 aia
653 3255 740 3317 omni
761 3264 912 3339 tempora
935 3273 1056 3338 ecanper
1079 3252 1149 3317 loos
1173 3254 1239 3317 eiua
1260 3255 1296 3317 aba
1319 3276 1372 3318 ore
1387 3249 1482 3320 Μ’.

319 3362 491 3434 intumum
517 3366 601 3433 enim
624 3367 853 3453 scripturarum
876 3366 994 3433 exarsit
1017 3366 1190 3451 desiderio,
1218 3372 1254 3432 ut
1276 3368 1363 3435 omni
1385 3389 1420 3435 se
1433 3370 1483 3435 in·

319 3483 449 3549 tentione
465 3502 574 3549 earum
588 3482 765 3549 imitatione
780 3487 812 3549 et
827 3482 986 3549 auditione
1001 3482 1109 3569 sepius
1123 3482 1342 3566 coniungeret3
1359 3489 1392 3550 et
1402 3506 1483 3570 qnae

319 3596 352 3664 ob
378 3599 554 3665 summm
581 3598 769 3685 populorum
792 3598 970 3685 conscripta
992 3602 1080 3682 sunt,
1108 3598 1179 3684 ipse
1201 3599 1319 3685 quippe
1341 3600 1483 3686 populie‘

318 3712 392 3779 mira
416 3712 534 3799 eloquii
556 3713 809 3781 dissertitudine⁸
832 3719 863 3780 et
886 3713 1107 3780 sollertissima
1127 3713 1353 3801 parabularum
1375 3716 1481 3783 adeer-

317 3826 395 3895 tione
417 3830 586 3898 efficaciter
607 3828 818 3917 praedicando
840 3830 987 3896 retexuit
1023 3828 1082 3895 (lui
1103 3828 1168 3897 tale
1188 3830 1386 3899 discretionis
1400 3838 1481 3899 tem

317 3952 530 4027 paramentum
551 3946 669 4029 inerat,
698 3945 751 4013 ut'·
775 3950 808 4013 et
829 3946 942 4029 vigorii
965 3944 1173 4031 correptionis
1195 3948 1420 4033 mansuetudo,
1449 3953 1482 4015 et

317 4060 398 4143 rigor
418 4061 664 4149 praedicationis
686 4060 939 4129 mansuetudini¹
961 4082 1024 4127 non
1048 4060 1185 4142 deerat';
1214 4062 1287 4146 sed,
1312 4083 1406 4147 quem
1428 4086 1481 4131 ze-

316 4172 360 4243 las
382 4177 589 4247 manderem
605 4177 737 4261 vigoris,
765 4178 971 4245 mansuetudo
994 4175 1179 4261 mitigabat¹¹
1202 4178 1329 4245 amoris.
1363 4178 1480 4247 Diviti-

382 4334 402 4366 a.
426 4320 506 4377 Quod
527 4320 681 4367 doctrinae
701 4319 816 4367 verbum
837 4320 969 4367 omnibns
989 4318 1162 4379 praeberet,
1186 4322 1215 4365 et
1234 4320 1310 4379 quod
1329 4320 1404 4368 hana
1423 4336 1480 4369 non

317 4410 363 4444 aao
384 4403 449 4447 anta
465 4402 577 4460 tempus
593 4400 700 4446 aetatis
717 4398 842 4446 arbitrio
858 4400 1031 4459 arripuerat
1056 4402 1122 4455 lla.
1185 4398 1208 4445 b.
1229 4399 1276 4446 Sed
1291 4402 1320 4446 B.
1383 4414 1404 4446 e.
1420 4419 1478 4447 con.

317 4478 464 4526 isderlratnr
474 4484 501 4525 ,4.
563 4479 586 4525 d.
601 4477 666 4526 tdB.
728 4492 749 4525 a.
764 4478 858 4525 arduum
875 4482 965 4525 carata
980 4478 1074 4525 arduam
1084 4481 1114 4534 ῖς
1130 4478 1223 4524 arduam
1232 4483 1262 4535 A,
1273 4481 1300 4525 B.
1362 4479 1479 4527 sm.

317 4567 336 4612 a·
355 4556 512 4605 disarfitudine
528 4562 556 4605 A.
636 4558 659 4605 lr.
679 4560 707 4604 ut
721 4574 765 4604 cra.
780 4560 809 4605 B.
886 4558 901 4604 i.
923 4558 999 4616 vigera
1015 4562 1042 4615 F,
1058 4560 1091 4614 B,
1111 4559 1185 4615 rigori
1199 4561 1227 4604 A.
1304 4557 1328 4603 h
1348 4560 1478 4606 mansuetu-

318 4634 365 4681 dine
374 4640 400 4694 Ρ,
415 4638 583 4685 mansuetudini
593 4642 621 4695 A,
632 4640 659 4685 B.
737 4637 753 4684 l
774 4637 865 4684 deesset
877 4642 905 4695 A,
921 4640 950 4685 B.
1027 4652 1056 4683 nr.
1078 4638 1249 4694 accenderetl’,
1265 4636 1400 4685 accenderat
1410 4642 1439 4694 A,
1449 4641 1477 4685 B.

318 4726 338 4759 n.
355 4716 466 4776 mitigarat
480 4720 508 4763 B.

383 4806 406 4857 1.
429 4804 444 4861 1
457 4802 578 4859 Corinth.
592 4805 635 4873 10,
647 4805 696 4859 31:
716 4802 803 4874 ,Sive
815 4818 881 4873 ergo
894 4802 1066 4859 manducatis
1078 4802 1137 4859 sire
1148 4802 1243 4859 bibitis
1254 4804 1314 4859 aire
1326 4802 1400 4858 aliud
1412 4803 1479 4874 quid

318 4884 407 4963 mitis,
425 4892 517 4949 omnia
534 4892 563 4948 in
579 4892 696 4963 gloriam
712 4892 765 4948 Dei
782 4890 895 4949 taeita“.
985 4894 1012 4947 2.
1034 4891 1080 4949 Pe.
1093 4891 1137 4963 33,
1149 4892 1176 4948 2.
