<?xml version="1.0" encoding="UTF-8"?>
<!DOCTYPE html PUBLIC "-//W3C//DTD XHTML 1.0 Transitional//EN"
    "http://www.w3.org/TR/xhtml1/DTD/xhtml1-transitional.dtd">
<html xmlns="http://www.w3.org/1999/xhtml" xml:lang="en" lang="en">
 <head>
  <title>
</title>
<meta http-equiv="Content-Type" content="text/html;charset=utf-8" />
  <meta name='ocr-system' content='tesseract 3.04.00' />
  <meta name='ocr-capabilities' content='ocr_page ocr_carea ocr_par ocr_line ocrx_word'/>
</head>
<body>
  <div class='ocr_page' id='page_1' title='image "./monumentamogunt00lulgoog/monumentamogunt00lulgoog_0206.png"; bbox 0 0 4342 6034; ppageno 0'>
   <div class='ocr_carea' id='block_1_1' title="bbox 527 916 601 1035">
    <p class='ocr_par' dir='ltr' id='par_1_1' title="bbox 527 916 601 1035">
     <span class='ocr_line' id='line_1_1' title="bbox 537 916 589 970; baseline 0.019 -1"><span class='ocrx_word' id='word_1_1' title='bbox 537 916 589 970; x_wconf 82' lang='grc'>748</span> 
     </span>
     <span class='ocr_line' id='line_1_2' title="bbox 527 988 601 1035; baseline -0.014 0"><span class='ocrx_word' id='word_1_2' title='bbox 527 988 580 1035; x_wconf 73' lang='lat' dir='ltr'>nei.</span> <span class='ocrx_word' id='word_1_3' title='bbox 591 990 601 1034; x_wconf 87' lang='lat'>1</span> 
     </span>
    </p>
   </div>
   <div class='ocr_carea' id='block_1_2' title="bbox 626 749 1545 813">
    <p class='ocr_par' dir='ltr' id='par_1_2' title="bbox 626 749 1545 813">
     <span class='ocr_line' id='line_1_3' title="bbox 626 749 1545 813; baseline -0.005 -2"><span class='ocrx_word' id='word_1_4' title='bbox 626 749 686 813; x_wconf 82' lang='lat'>188</span> <span class='ocrx_word' id='word_1_5' title='bbox 872 765 898 809; x_wconf 87' lang='lat' dir='ltr'>s.</span> <span class='ocrx_word' id='word_1_6' title='bbox 916 764 1093 810; x_wconf 69' lang='lat' dir='ltr'>nomadum</span> <span class='ocrx_word' id='word_1_7' title='bbox 1115 764 1158 808; x_wconf 77' lang='lat' dir='ltr'>aa</span> <span class='ocrx_word' id='word_1_8' title='bbox 1180 763 1283 809; x_wconf 42' lang='lat' dir='ltr'>nanim</span> <span class='ocrx_word' id='word_1_9' title='bbox 1304 761 1492 809; x_wconf 76' lang='lat' dir='ltr'>aeramnae</span> <span class='ocrx_word' id='word_1_10' title='bbox 1514 762 1545 807; x_wconf 85' lang='lat' dir='ltr'>ea</span> 
     </span>
    </p>
   </div>
   <div class='ocr_carea' id='block_1_3' title="bbox 623 902 1925 991">
    <p class='ocr_par' dir='ltr' id='par_1_3' title="bbox 623 902 1925 991">
     <span class='ocr_line' id='line_1_4' title="bbox 623 902 1925 991; baseline -0.006 -18"><span class='ocrx_word' id='word_1_11' title='bbox 623 906 774 973; x_wconf 86' lang='lat' dir='ltr'>aecclesia</span> <span class='ocrx_word' id='word_1_12' title='bbox 797 904 951 971; x_wconf 91' lang='lat' dir='ltr'>catholica</span> <span class='ocrx_word' id='word_1_13' title='bbox 974 905 1029 971; x_wconf 90' lang='lat' dir='ltr'>sed</span> <span class='ocrx_word' id='word_1_14' title='bbox 1051 924 1110 991; x_wconf 93' lang='lat' dir='ltr'>per</span> <span class='ocrx_word' id='word_1_15' title='bbox 1131 904 1270 987; x_wconf 77' lang='lat' dir='ltr'>agrestia</span> <span class='ocrx_word' id='word_1_16' title='bbox 1291 902 1375 987; x_wconf 85' lang='lat' dir='ltr'>loca,</span> <span class='ocrx_word' id='word_1_17' title='bbox 1397 922 1456 989; x_wconf 92' lang='lat' dir='ltr'>per</span> <span class='ocrx_word' id='word_1_18' title='bbox 1478 902 1573 969; x_wconf 88' lang='lat' dir='ltr'>cellas</span> <span class='ocrx_word' id='word_1_19' title='bbox 1594 903 1794 986; x_wconf 83' lang='lat' dir='ltr'>rusticorum,</span> <span class='ocrx_word' id='word_1_20' title='bbox 1924 905 1925 944; x_wconf 67' lang='lat' dir='ltr'>r</span> 
     </span>
    </p>
   </div>
   <div class='ocr_carea' id='block_1_4' title="bbox 621 1019 1796 1569">
    <p class='ocr_par' dir='ltr' id='par_1_4' title="bbox 621 1019 1796 1569">
     <span class='ocr_line' id='line_1_5' title="bbox 621 1019 1793 1107; baseline -0.003 -19"><span class='ocrx_word' id='word_1_21' title='bbox 621 1023 676 1089; x_wconf 92' lang='lat' dir='ltr'>ubi</span> <span class='ocrx_word' id='word_1_22' title='bbox 699 1040 805 1088; x_wconf 90' lang='lat' dir='ltr'>eornm</span> <span class='ocrx_word' id='word_1_23' title='bbox 830 1021 980 1107; x_wconf 84' lang='lat' dir='ltr'>imperita</span> <span class='ocrx_word' id='word_1_24' title='bbox 995 1020 1133 1086; x_wconf 90' lang='lat' dir='ltr'>stultitia</span> <span class='ocrx_word' id='word_1_25' title='bbox 1148 1019 1243 1085; x_wconf 91' lang='lat' dir='ltr'>celari</span> <span class='ocrx_word' id='word_1_26' title='bbox 1259 1020 1441 1105; x_wconf 87' lang='lat' dir='ltr'>episcopos·</span> <span class='ocrx_word' id='word_1_27' title='bbox 1455 1019 1568 1105; x_wconf 65' lang='lat' dir='ltr'>possit,</span> <span class='ocrx_word' id='word_1_28' title='bbox 1590 1024 1793 1105; x_wconf 84' lang='lat' dir='ltr'>perpetrant3</span> 
     </span>
     <span class='ocr_line' id='line_1_6' title="bbox 621 1133 1795 1221; baseline -0.003 -18"><span class='ocrx_word' id='word_1_29' title='bbox 621 1158 680 1203; x_wconf 92' lang='lat' dir='ltr'>nee</span> <span class='ocrx_word' id='word_1_30' title='bbox 701 1136 796 1203; x_wconf 90' lang='lat' dir='ltr'>fidem</span> <span class='ocrx_word' id='word_1_31' title='bbox 819 1136 1006 1201; x_wconf 80' lang='lat' dir='ltr'><strong>catholicam</strong></span> <span class='ocrx_word' id='word_1_32' title='bbox 1029 1135 1163 1221; x_wconf 80' lang='lat' dir='ltr'>paganis</span> <span class='ocrx_word' id='word_1_33' title='bbox 1185 1135 1379 1220; x_wconf 69' lang='lat' dir='ltr'>praedicant</span> <span class='ocrx_word' id='word_1_34' title='bbox 1401 1154 1460 1199; x_wconf 88' lang='lat' dir='ltr'>nec</span> <span class='ocrx_word' id='word_1_35' title='bbox 1481 1134 1545 1219; x_wconf 91' lang='lat' dir='ltr'>ipsi</span> <span class='ocrx_word' id='word_1_36' title='bbox 1566 1133 1661 1200; x_wconf 82' lang='lat' dir='ltr'>iidem</span> <span class='ocrx_word' id='word_1_37' title='bbox 1676 1141 1795 1200; x_wconf 86' lang='lat' dir='ltr'>rectam</span> 
     </span>
     <span class='ocr_line' id='line_1_7' title="bbox 622 1250 1796 1337; baseline -0.002 -19"><span class='ocrx_word' id='word_1_38' title='bbox 622 1253 753 1333; x_wconf 84' lang='lat' dir='ltr'>habent3</span> <span class='ocrx_word' id='word_1_39' title='bbox 778 1250 833 1317; x_wconf 90' lang='lat' dir='ltr'>sed</span> <span class='ocrx_word' id='word_1_40' title='bbox 856 1271 914 1317; x_wconf 89' lang='lat' dir='ltr'>nec</span> <span class='ocrx_word' id='word_1_41' title='bbox 937 1252 1008 1337; x_wconf 86' lang='lat' dir='ltr'>ipsa</span> <span class='ocrx_word' id='word_1_42' title='bbox 1031 1250 1221 1336; x_wconf 78' lang='lat' dir='ltr'>sollempnia</span> <span class='ocrx_word' id='word_1_43' title='bbox 1241 1250 1354 1333; x_wconf 84' lang='lat' dir='ltr'>verba,</span> <span class='ocrx_word' id='word_1_44' title='bbox 1378 1270 1459 1334; x_wconf 91' lang='lat' dir='ltr'>quae</span> <span class='ocrx_word' id='word_1_45' title='bbox 1479 1251 1697 1336; x_wconf 90' lang='lat' dir='ltr'>unusquisque</span> <span class='ocrx_word' id='word_1_46' title='bbox 1719 1251 1796 1317; x_wconf 90' lang='lat' dir='ltr'>cati·</span> 
     </span>
     <span class='ocr_line' id='line_1_8' title="bbox 623 1364 1795 1451; baseline -0.001 -17"><span class='ocrx_word' id='word_1_47' title='bbox 623 1369 782 1451; x_wconf 84' lang='lat' dir='ltr'>cuminus,</span> <span class='ocrx_word' id='word_1_48' title='bbox 813 1368 840 1433; x_wconf 90' lang='lat' dir='ltr'>si</span> <span class='ocrx_word' id='word_1_49' title='bbox 868 1367 940 1433; x_wconf 86' lang='lat' dir='ltr'>talis</span> <span class='ocrx_word' id='word_1_50' title='bbox 970 1366 1082 1432; x_wconf 89' lang='lat' dir='ltr'>aetatis</span> <span class='ocrx_word' id='word_1_51' title='bbox 1106 1370 1155 1431; x_wconf 89' lang='lat' dir='ltr'>est</span> <span class='ocrx_word' id='word_1_52' title='bbox 1177 1366 1300 1431; x_wconf 89' lang='lat' dir='ltr'>utiam</span> <span class='ocrx_word' id='word_1_53' title='bbox 1321 1364 1517 1431; x_wconf 86' lang='lat' dir='ltr'>intellectum</span> <span class='ocrx_word' id='word_1_54' title='bbox 1540 1365 1671 1451; x_wconf 83' lang='lat' dir='ltr'>haheat,</span> <span class='ocrx_word' id='word_1_55' title='bbox 1701 1386 1795 1433; x_wconf 87' lang='lat' dir='ltr'>sensu</span> 
     </span>
     <span class='ocr_line' id='line_1_9' title="bbox 623 1481 1796 1569; baseline -0.001 -19"><span class='ocrx_word' id='word_1_56' title='bbox 623 1485 726 1551; x_wconf 88' lang='lat' dir='ltr'>cordis</span> <span class='ocrx_word' id='word_1_57' title='bbox 750 1484 799 1550; x_wconf 88' lang='lat' dir='ltr'>sui</span> <span class='ocrx_word' id='word_1_58' title='bbox 821 1483 983 1569; x_wconf 79' lang='lat' dir='ltr'>percipere</span> <span class='ocrx_word' id='word_1_59' title='bbox 1007 1487 1039 1547; x_wconf 90' lang='lat' dir='ltr'>et</span> <span class='ocrx_word' id='word_1_60' title='bbox 1061 1482 1253 1565; x_wconf 77' lang='lat' dir='ltr'>intellegere,</span> <span class='ocrx_word' id='word_1_61' title='bbox 1276 1500 1336 1547; x_wconf 88' lang='lat' dir='ltr'>neo</span> <span class='ocrx_word' id='word_1_62' title='bbox 1358 1481 1472 1547; x_wconf 91' lang='lat' dir='ltr'>docent</span> <span class='ocrx_word' id='word_1_63' title='bbox 1491 1502 1550 1549; x_wconf 89' lang='lat' dir='ltr'>nec</span> <span class='ocrx_word' id='word_1_64' title='bbox 1571 1482 1742 1567; x_wconf 71' lang='lat' dir='ltr'>quaerent*</span> <span class='ocrx_word' id='word_1_65' title='bbox 1757 1482 1796 1549; x_wconf 90' lang='lat' dir='ltr'>ab</span> 
     </span>
    </p>
   </div>
   <div class='ocr_carea' id='block_1_5' title="bbox 624 1581 1925 1685">
    <p class='ocr_par' dir='ltr' id='par_1_5' title="bbox 624 1581 1925 1685">
     <span class='ocr_line' id='line_1_10' title="bbox 624 1581 1925 1685; baseline -0.001 -19"><span class='ocrx_word' id='word_1_66' title='bbox 624 1601 685 1684; x_wconf 90' lang='lat' dir='ltr'>eis,</span> <span class='ocrx_word' id='word_1_67' title='bbox 719 1619 796 1684; x_wconf 90' lang='lat' dir='ltr'>quos</span> <span class='ocrx_word' id='word_1_68' title='bbox 827 1598 989 1685; x_wconf 86' lang='lat' dir='ltr'>baptizare</span> <span class='ocrx_word' id='word_1_69' title='bbox 1019 1597 1150 1680; x_wconf 86' lang='lat' dir='ltr'>debent,</span> <span class='ocrx_word' id='word_1_70' title='bbox 1177 1597 1211 1662; x_wconf 93' lang='lat' dir='ltr'>id</span> <span class='ocrx_word' id='word_1_71' title='bbox 1239 1602 1288 1663; x_wconf 90' lang='lat' dir='ltr'>est</span> <span class='ocrx_word' id='word_1_72' title='bbox 1314 1595 1605 1663; x_wconf 81' lang='lat' dir='ltr'>abrenuntiatione⁰</span> <span class='ocrx_word' id='word_1_73' title='bbox 1632 1602 1745 1663; x_wconf 84' lang='lat' dir='ltr'>satane</span> <span class='ocrx_word' id='word_1_74' title='bbox 1766 1603 1797 1665; x_wconf 90' lang='lat' dir='ltr'>et</span> <span class='ocrx_word' id='word_1_75' title='bbox 1924 1581 1925 1648; x_wconf 74' lang='grc' dir='ltr'>Ῐ</span> 
     </span>
    </p>
   </div>
   <div class='ocr_carea' id='block_1_6' title="bbox 621 1710 1801 3887">
    <p class='ocr_par' dir='ltr' id='par_1_6' title="bbox 621 1710 1801 3887">
     <span class='ocr_line' id='line_1_11' title="bbox 623 1710 1796 1799; baseline -0.003 -16"><span class='ocrx_word' id='word_1_76' title='bbox 623 1721 742 1797; x_wconf 82' lang='lat' dir='ltr'>cetera3</span> <span class='ocrx_word' id='word_1_77' title='bbox 772 1715 828 1781; x_wconf 89' lang='lat' dir='ltr'>sed</span> <span class='ocrx_word' id='word_1_78' title='bbox 851 1734 952 1799; x_wconf 89' lang='lat' dir='ltr'>neque</span> <span class='ocrx_word' id='word_1_79' title='bbox 979 1712 1159 1796; x_wconf 73' lang='lat' dir='ltr'>signaculal</span> <span class='ocrx_word' id='word_1_80' title='bbox 1182 1712 1284 1778; x_wconf 90' lang='lat' dir='ltr'>crucis</span> <span class='ocrx_word' id='word_1_81' title='bbox 1306 1710 1425 1779; x_wconf 80' lang='lat' dir='ltr'>Christi</span> <span class='ocrx_word' id='word_1_82' title='bbox 1448 1732 1501 1778; x_wconf 91' lang='lat' dir='ltr'>eos</span> <span class='ocrx_word' id='word_1_83' title='bbox 1523 1713 1687 1796; x_wconf 78' lang='lat' dir='ltr'>munium,</span> <span class='ocrx_word' id='word_1_84' title='bbox 1716 1732 1796 1798; x_wconf 89' lang='lat' dir='ltr'>qnae</span> 
     </span>
     <span class='ocr_line' id='line_1_12' title="bbox 621 1828 1797 1919; baseline -0.004 -20"><span class='ocrx_word' id='word_1_85' title='bbox 621 1832 810 1919; x_wconf 88' lang='lat' dir='ltr'>praeoedere</span> <span class='ocrx_word' id='word_1_86' title='bbox 840 1830 955 1897; x_wconf 86' lang='lat' dir='ltr'>debent</span> <span class='ocrx_word' id='word_1_87' title='bbox 984 1829 1194 1915; x_wconf 84' lang='lat' dir='ltr'>baptismum3</span> <span class='ocrx_word' id='word_1_88' title='bbox 1233 1828 1289 1893; x_wconf 90' lang='lat' dir='ltr'>sed</span> <span class='ocrx_word' id='word_1_89' title='bbox 1318 1848 1376 1894; x_wconf 92' lang='lat' dir='ltr'>nec</span> <span class='ocrx_word' id='word_1_90' title='bbox 1411 1828 1550 1913; x_wconf 85' lang='lat' dir='ltr'>aliquam</span> <span class='ocrx_word' id='word_1_91' title='bbox 1577 1828 1797 1895; x_wconf 86' lang='lat' dir='ltr'>credulitatem</span> 
     </span>
     <span class='ocr_line' id='line_1_13' title="bbox 622 1943 1798 2029; baseline -0.003 -15"><span class='ocrx_word' id='word_1_92' title='bbox 622 1949 716 2015; x_wconf 88' lang='lat' dir='ltr'>unius</span> <span class='ocrx_word' id='word_1_93' title='bbox 739 1948 865 2014; x_wconf 78' lang='lat' dir='ltr'>deitatis</span> <span class='ocrx_word' id='word_1_94' title='bbox 890 1950 921 2011; x_wconf 90' lang='lat' dir='ltr'>et</span> <span class='ocrx_word' id='word_1_95' title='bbox 944 1950 1072 2011; x_wconf 81' lang='lat' dir='ltr'>sanctae</span> <span class='ocrx_word' id='word_1_96' title='bbox 1096 1944 1262 2009; x_wconf 80' lang='lat' dir='ltr'>Trinitatis</span> <span class='ocrx_word' id='word_1_97' title='bbox 1284 1943 1412 2027; x_wconf 83' lang='lat' dir='ltr'>docent,</span> <span class='ocrx_word' id='word_1_98' title='bbox 1442 1964 1546 2028; x_wconf 90' lang='lat' dir='ltr'>neque</span> <span class='ocrx_word' id='word_1_99' title='bbox 1568 1944 1609 2010; x_wconf 90' lang='lat' dir='ltr'>ab</span> <span class='ocrx_word' id='word_1_100' title='bbox 1631 1946 1679 2010; x_wconf 88' lang='lat' dir='ltr'>eis</span> <span class='ocrx_word' id='word_1_101' title='bbox 1702 1964 1798 2029; x_wconf 85' lang='lat' dir='ltr'>quae·</span> 
     </span>
     <span class='ocr_line' id='line_1_14' title="bbox 622 2058 1798 2147; baseline -0.005 -16"><span class='ocrx_word' id='word_1_102' title='bbox 622 2064 723 2147; x_wconf 57' lang='lat' dir='ltr'>renel,</span> <span class='ocrx_word' id='word_1_103' title='bbox 746 2069 782 2129; x_wconf 88' lang='lat' dir='ltr'>ut</span> <span class='ocrx_word' id='word_1_104' title='bbox 805 2062 897 2129; x_wconf 92' lang='lat' dir='ltr'>corde</span> <span class='ocrx_word' id='word_1_105' title='bbox 921 2062 1051 2127; x_wconf 84' lang='lat' dir='ltr'>credant</span> <span class='ocrx_word' id='word_1_106' title='bbox 1074 2060 1114 2125; x_wconf 91' lang='lat' dir='ltr'>ad</span> <span class='ocrx_word' id='word_1_107' title='bbox 1136 2059 1291 2125; x_wconf 88' lang='lat' dir='ltr'>iustitiam</span> <span class='ocrx_word' id='word_1_108' title='bbox 1315 2065 1348 2125; x_wconf 91' lang='lat' dir='ltr'>et</span> <span class='ocrx_word' id='word_1_109' title='bbox 1374 2061 1438 2125; x_wconf 89' lang='lat' dir='ltr'>oris</span> <span class='ocrx_word' id='word_1_110' title='bbox 1467 2060 1621 2126; x_wconf 85' lang='lat' dir='ltr'>confessio</span> <span class='ocrx_word' id='word_1_111' title='bbox 1649 2058 1708 2125; x_wconf 88' lang='lat' dir='ltr'>liat</span> <span class='ocrx_word' id='word_1_112' title='bbox 1734 2060 1798 2125; x_wconf 90' lang='lat' dir='ltr'>illis</span> 
     </span>
     <span class='ocr_line' id='line_1_15' title="bbox 623 2174 1798 2260; baseline -0.003 -14"><span class='ocrx_word' id='word_1_113' title='bbox 623 2182 655 2246; x_wconf 90' lang='lat' dir='ltr'>in</span> <span class='ocrx_word' id='word_1_114' title='bbox 680 2174 846 2258; x_wconf 82' lang='lat' dir='ltr'>salutem¹3</span> <span class='ocrx_word' id='word_1_115' title='bbox 877 2178 934 2242; x_wconf 88' lang='lat' dir='ltr'>hos</span> <span class='ocrx_word' id='word_1_116' title='bbox 964 2177 1071 2260; x_wconf 86' lang='lat' dir='ltr'>itaque</span> <span class='ocrx_word' id='word_1_117' title='bbox 1101 2176 1265 2241; x_wconf 89' lang='lat' dir='ltr'>ministros</span> <span class='ocrx_word' id='word_1_118' title='bbox 1294 2180 1424 2241; x_wconf 89' lang='lat' dir='ltr'>satanae</span> <span class='ocrx_word' id='word_1_119' title='bbox 1447 2181 1480 2242; x_wconf 94' lang='lat' dir='ltr'>et</span> <span class='ocrx_word' id='word_1_120' title='bbox 1500 2195 1566 2241; x_wconf 92' lang='lat' dir='ltr'>non</span> <span class='ocrx_word' id='word_1_121' title='bbox 1588 2175 1708 2241; x_wconf 83' lang='lat' dir='ltr'>Christi</span> <span class='ocrx_word' id='word_1_122' title='bbox 1728 2176 1798 2242; x_wconf 91' lang='lat' dir='ltr'>uhi-</span> 
     </span>
     <span class='ocr_line' id='line_1_16' title="bbox 624 2291 1798 2380; baseline -0.003 -18"><span class='ocrx_word' id='word_1_123' title='bbox 624 2316 757 2380; x_wconf 91' lang='lat' dir='ltr'>cumque</span> <span class='ocrx_word' id='word_1_124' title='bbox 780 2292 969 2380; x_wconf 81' lang='lat' dir='ltr'>reppereris,</span> <span class='ocrx_word' id='word_1_125' title='bbox 994 2292 1156 2357; x_wconf 77' lang='lat' dir='ltr'>carissime</span> <span class='ocrx_word' id='word_1_126' title='bbox 1179 2291 1281 2375; x_wconf 85' lang='lat' dir='ltr'>nobis,</span> <span class='ocrx_word' id='word_1_127' title='bbox 1305 2296 1475 2375; x_wconf 77' lang='lat' dir='ltr'>aggregato</span> <span class='ocrx_word' id='word_1_128' title='bbox 1497 2292 1686 2378; x_wconf 78' lang='lat' dir='ltr'>provinciali</span> <span class='ocrx_word' id='word_1_129' title='bbox 1701 2298 1735 2359; x_wconf 93' lang='lat' dir='ltr'>et</span> <span class='ocrx_word' id='word_1_130' title='bbox 1747 2312 1798 2358; x_wconf 89' lang='lat' dir='ltr'>sa·</span> 
     </span>
     <span class='ocr_line' id='line_1_17' title="bbox 623 2407 1798 2492; baseline -0.003 -14"><span class='ocrx_word' id='word_1_131' title='bbox 623 2410 775 2479; x_wconf 89' lang='lat' dir='ltr'>cerdotali</span> <span class='ocrx_word' id='word_1_132' title='bbox 804 2409 953 2492; x_wconf 81' lang='lat' dir='ltr'>collegio,</span> <span class='ocrx_word' id='word_1_133' title='bbox 983 2408 1069 2473; x_wconf 92' lang='lat' dir='ltr'>omni</span> <span class='ocrx_word' id='word_1_134' title='bbox 1096 2408 1190 2473; x_wconf 93' lang='lat' dir='ltr'>modo</span> <span class='ocrx_word' id='word_1_135' title='bbox 1219 2407 1327 2473; x_wconf 87' lang='lat' dir='ltr'>devita</span> <span class='ocrx_word' id='word_1_136' title='bbox 1354 2411 1387 2473; x_wconf 92' lang='lat' dir='ltr'>et</span> <span class='ocrx_word' id='word_1_137' title='bbox 1414 2428 1435 2472; x_wconf 89' lang='lat' dir='ltr'>a</span> <span class='ocrx_word' id='word_1_138' title='bbox 1462 2408 1649 2475; x_wconf 88' lang='lat' dir='ltr'>sacerdotali</span> <span class='ocrx_word' id='word_1_139' title='bbox 1679 2407 1798 2475; x_wconf 91' lang='lat' dir='ltr'>honore</span> 
     </span>
     <span class='ocr_line' id='line_1_18' title="bbox 624 2523 1797 2615; baseline -0.003 -22"><span class='ocrx_word' id='word_1_140' title='bbox 624 2529 782 2615; x_wconf 85' lang='lat' dir='ltr'>privatos,</span> <span class='ocrx_word' id='word_1_141' title='bbox 806 2526 865 2591; x_wconf 88' lang='lat' dir='ltr'>sub</span> <span class='ocrx_word' id='word_1_142' title='bbox 887 2524 997 2607; x_wconf 82' lang='lat' dir='ltr'>regula</span> <span class='ocrx_word' id='word_1_143' title='bbox 1019 2523 1204 2590; x_wconf 88' lang='lat' dir='ltr'>monachica</span> <span class='ocrx_word' id='word_1_144' title='bbox 1225 2528 1258 2591; x_wconf 91' lang='lat' dir='ltr'>et</span> <span class='ocrx_word' id='word_1_145' title='bbox 1279 2524 1457 2609; x_wconf 87' lang='lat' dir='ltr'>penitentia</span> <span class='ocrx_word' id='word_1_146' title='bbox 1478 2524 1676 2608; x_wconf 86' lang='lat' dir='ltr'>summissos,</span> <span class='ocrx_word' id='word_1_147' title='bbox 1698 2524 1797 2590; x_wconf 82' lang='lat' dir='ltr'>ritem</span> 
     </span>
     <span class='ocr_line' id='line_1_19' title="bbox 623 2638 1798 2724; baseline -0.001 -16"><span class='ocrx_word' id='word_1_148' title='bbox 623 2642 714 2708; x_wconf 89' lang='lat' dir='ltr'>finire</span> <span class='ocrx_word' id='word_1_149' title='bbox 738 2641 914 2707; x_wconf 87' lang='lat' dir='ltr'>ordinabis:</span> <span class='ocrx_word' id='word_1_150' title='bbox 938 2646 989 2724; x_wconf 83' lang='lat' dir='ltr'>ut,</span> <span class='ocrx_word' id='word_1_151' title='bbox 1020 2659 1115 2705; x_wconf 90' lang='lat' dir='ltr'>carne</span> <span class='ocrx_word' id='word_1_152' title='bbox 1137 2638 1261 2723; x_wconf 85' lang='lat' dir='ltr'>afflicti,</span> <span class='ocrx_word' id='word_1_153' title='bbox 1286 2639 1473 2724; x_wconf 86' lang='lat' dir='ltr'>quandoque</span> <span class='ocrx_word' id='word_1_154' title='bbox 1497 2638 1538 2706; x_wconf 93' lang='lat' dir='ltr'>ad</span> <span class='ocrx_word' id='word_1_155' title='bbox 1560 2641 1644 2706; x_wconf 87' lang='lat' dir='ltr'>riam</span> <span class='ocrx_word' id='word_1_156' title='bbox 1666 2640 1798 2707; x_wconf 86' lang='lat' dir='ltr'>redeant</span> 
     </span>
     <span class='ocr_line' id='line_1_20' title="bbox 623 2754 1797 2839; baseline -0.002 -14"><span class='ocrx_word' id='word_1_157' title='bbox 623 2758 821 2825; x_wconf 87' lang='lat' dir='ltr'>rectitudinis</span> <span class='ocrx_word' id='word_1_158' title='bbox 845 2760 893 2839; x_wconf 88' lang='lat' dir='ltr'>et,</span> <span class='ocrx_word' id='word_1_159' title='bbox 917 2756 944 2821; x_wconf 93' lang='lat' dir='ltr'>si</span> <span class='ocrx_word' id='word_1_160' title='bbox 972 2754 1065 2822; x_wconf 90' lang='lat' dir='ltr'>corde</span> <span class='ocrx_word' id='word_1_161' title='bbox 1093 2755 1299 2839; x_wconf 87' lang='lat' dir='ltr'>crediderint,</span> <span class='ocrx_word' id='word_1_162' title='bbox 1323 2756 1388 2821; x_wconf 90' lang='lat' dir='ltr'>oris</span> <span class='ocrx_word' id='word_1_163' title='bbox 1414 2775 1524 2822; x_wconf 91' lang='lat' dir='ltr'>eorum</span> <span class='ocrx_word' id='word_1_164' title='bbox 1545 2776 1622 2823; x_wconf 87' lang='lat' dir='ltr'>uera</span> <span class='ocrx_word' id='word_1_165' title='bbox 1644 2757 1797 2824; x_wconf 84' lang='lat' dir='ltr'>confessio</span> 
     </span>
     <span class='ocr_line' id='line_1_21' title="bbox 623 2871 1798 2959; baseline 0 -20"><span class='ocrx_word' id='word_1_166' title='bbox 623 2874 687 2940; x_wconf 90' lang='lat' dir='ltr'>illis</span> <span class='ocrx_word' id='word_1_167' title='bbox 710 2873 767 2939; x_wconf 90' lang='lat' dir='ltr'>fiat</span> <span class='ocrx_word' id='word_1_168' title='bbox 789 2874 823 2939; x_wconf 91' lang='lat' dir='ltr'>in</span> <span class='ocrx_word' id='word_1_169' title='bbox 846 2873 996 2954; x_wconf 81' lang='lat' dir='ltr'>salutem3</span> <span class='ocrx_word' id='word_1_170' title='bbox 1021 2872 1047 2937; x_wconf 91' lang='lat' dir='ltr'>si</span> <span class='ocrx_word' id='word_1_171' title='bbox 1070 2891 1145 2937; x_wconf 83' lang='lat' dir='ltr'>vero</span> <span class='ocrx_word' id='word_1_172' title='bbox 1168 2891 1231 2937; x_wconf 93' lang='lat' dir='ltr'>non</span> <span class='ocrx_word' id='word_1_173' title='bbox 1254 2871 1373 2938; x_wconf 83' lang='lat' dir='ltr'>fuerint</span> <span class='ocrx_word' id='word_1_174' title='bbox 1387 2874 1541 2956; x_wconf 84' lang='lat' dir='ltr'>conversi,</span> <span class='ocrx_word' id='word_1_175' title='bbox 1563 2878 1620 2938; x_wconf 89' lang='lat' dir='ltr'>tua</span> <span class='ocrx_word' id='word_1_176' title='bbox 1633 2874 1798 2959; x_wconf 88' lang='lat' dir='ltr'>predican-</span> 
     </span>
     <span class='ocr_line' id='line_1_22' title="bbox 624 2987 1798 3077; baseline -0.001 -21"><span class='ocrx_word' id='word_1_177' title='bbox 624 2992 665 3056; x_wconf 88' lang='lat' dir='ltr'>tis</span> <span class='ocrx_word' id='word_1_178' title='bbox 688 3010 751 3056; x_wconf 89' lang='lat' dir='ltr'>non</span> <span class='ocrx_word' id='word_1_179' title='bbox 775 2992 877 3077; x_wconf 90' lang='lat' dir='ltr'>periet</span> <span class='ocrx_word' id='word_1_180' title='bbox 898 2990 1029 3055; x_wconf 89' lang='lat' dir='ltr'>institia.</span> <span class='ocrx_word' id='word_1_181' title='bbox 1065 2987 1204 3053; x_wconf 91' lang='lat' dir='ltr'>Habebis</span> <span class='ocrx_word' id='word_1_182' title='bbox 1228 2987 1323 3071; x_wconf 82' lang='lat' dir='ltr'>enim,</span> <span class='ocrx_word' id='word_1_183' title='bbox 1346 2987 1549 3055; x_wconf 75' lang='lat' dir='ltr'>solatiantem</span> <span class='ocrx_word' id='word_1_184' title='bbox 1567 2994 1600 3055; x_wconf 87' lang='lat' dir='ltr'>ta</span> <span class='ocrx_word' id='word_1_185' title='bbox 1617 2994 1727 3055; x_wconf 89' lang='lat' dir='ltr'>contra</span> <span class='ocrx_word' id='word_1_186' title='bbox 1743 3010 1798 3055; x_wconf 89' lang='lat' dir='ltr'>ne·</span> 
     </span>
     <span class='ocr_line' id='line_1_23' title="bbox 626 3103 1799 3192; baseline 0.001 -21"><span class='ocrx_word' id='word_1_187' title='bbox 626 3107 759 3192; x_wconf 89' lang='lat' dir='ltr'>quitiam</span> <span class='ocrx_word' id='word_1_188' title='bbox 781 3106 1033 3189; x_wconf 76' lang='lat' dir='ltr'>malignantium,</span> <span class='ocrx_word' id='word_1_189' title='bbox 1058 3108 1240 3169; x_wconf 89' lang='lat' dir='ltr'>sauctorum</span> <span class='ocrx_word' id='word_1_190' title='bbox 1255 3103 1470 3189; x_wconf 89' lang='lat' dir='ltr'>apostolomm</span> <span class='ocrx_word' id='word_1_191' title='bbox 1486 3109 1519 3171; x_wconf 93' lang='lat' dir='ltr'>et</span> <span class='ocrx_word' id='word_1_192' title='bbox 1533 3111 1710 3172; x_wconf 89' lang='lat' dir='ltr'>ceterorum</span> <span class='ocrx_word' id='word_1_193' title='bbox 1725 3125 1799 3192; x_wconf 88' lang='lat' dir='ltr'>pro·</span> 
     </span>
     <span class='ocr_line' id='line_1_24' title="bbox 626 3219 1798 3307; baseline 0.001 -20"><span class='ocrx_word' id='word_1_194' title='bbox 626 3222 778 3288; x_wconf 91' lang='lat' dir='ltr'>babilium</span> <span class='ocrx_word' id='word_1_195' title='bbox 801 3228 929 3307; x_wconf 90' lang='lat' dir='ltr'>patrum</span> <span class='ocrx_word' id='word_1_196' title='bbox 952 3220 1136 3287; x_wconf 86' lang='lat' dir='ltr'>canonicam</span> <span class='ocrx_word' id='word_1_197' title='bbox 1159 3220 1364 3286; x_wconf 86' lang='lat' dir='ltr'>sanctionem.</span> <span class='ocrx_word' id='word_1_198' title='bbox 1401 3219 1587 3288; x_wconf 81' lang='lat' dir='ltr'>Confortare</span> <span class='ocrx_word' id='word_1_199' title='bbox 1607 3222 1725 3307; x_wconf 87' lang='lat' dir='ltr'>itaque,</span> <span class='ocrx_word' id='word_1_200' title='bbox 1748 3242 1798 3289; x_wconf 92' lang='lat' dir='ltr'>re-</span> 
     </span>
     <span class='ocr_line' id='line_1_25' title="bbox 626 3334 1800 3422; baseline -0.001 -19"><span class='ocrx_word' id='word_1_201' title='bbox 626 3338 845 3403; x_wconf 86' lang='lat' dir='ltr'>verentissime</span> <span class='ocrx_word' id='word_1_202' title='bbox 866 3337 960 3419; x_wconf 85' lang='lat' dir='ltr'>mihi,</span> <span class='ocrx_word' id='word_1_203' title='bbox 993 3342 1025 3402; x_wconf 91' lang='lat' dir='ltr'>et</span> <span class='ocrx_word' id='word_1_204' title='bbox 1052 3334 1200 3422; x_wconf 87' lang='lat' dir='ltr'>praevale</span> <span class='ocrx_word' id='word_1_205' title='bbox 1228 3336 1263 3401; x_wconf 92' lang='lat' dir='ltr'>in</span> <span class='ocrx_word' id='word_1_206' title='bbox 1284 3336 1354 3419; x_wconf 82' lang='lat' dir='ltr'>lege</span> <span class='ocrx_word' id='word_1_207' title='bbox 1374 3337 1410 3402; x_wconf 93' lang='lat' dir='ltr'>in</span> <span class='ocrx_word' id='word_1_208' title='bbox 1438 3337 1602 3421; x_wconf 78' lang='lat' dir='ltr'>euangelio</span> <span class='ocrx_word' id='word_1_209' title='bbox 1625 3337 1745 3403; x_wconf 86' lang='lat' dir='ltr'>Christi</span> <span class='ocrx_word' id='word_1_210' title='bbox 1767 3343 1800 3403; x_wconf 91' lang='lat' dir='ltr'>et</span> 
     </span>
     <span class='ocr_line' id='line_1_26' title="bbox 626 3452 1799 3540; baseline 0 -22"><span class='ocrx_word' id='word_1_211' title='bbox 626 3452 861 3539; x_wconf 88' lang='lat' dir='ltr'>praedicatione</span> <span class='ocrx_word' id='word_1_212' title='bbox 890 3452 1062 3519; x_wconf 88' lang='lat' dir='ltr'>catholicae</span> <span class='ocrx_word' id='word_1_213' title='bbox 1091 3471 1129 3517; x_wconf 92' lang='lat' dir='ltr'>ec</span> <span class='ocrx_word' id='word_1_214' title='bbox 1156 3452 1366 3518; x_wconf 80' lang='lat' dir='ltr'>orthodoxae·</span> <span class='ocrx_word' id='word_1_215' title='bbox 1387 3452 1478 3536; x_wconf 85' lang='lat' dir='ltr'>fidei3</span> <span class='ocrx_word' id='word_1_216' title='bbox 1507 3453 1583 3539; x_wconf 89' lang='lat' dir='ltr'>quia</span> <span class='ocrx_word' id='word_1_217' title='bbox 1609 3454 1683 3540; x_wconf 85' lang='lat' dir='ltr'>ipse</span> <span class='ocrx_word' id='word_1_218' title='bbox 1703 3452 1799 3537; x_wconf 84' lang='lat' dir='ltr'>glori·</span> 
     </span>
     <span class='ocr_line' id='line_1_27' title="bbox 627 3566 1801 3656; baseline 0.002 -23"><span class='ocrx_word' id='word_1_219' title='bbox 627 3566 747 3635; x_wconf 81' lang='lat' dir='ltr'>licebit&#39;</span> <span class='ocrx_word' id='word_1_220' title='bbox 775 3572 815 3634; x_wconf 91' lang='lat' dir='ltr'>te.</span> <span class='ocrx_word' id='word_1_221' title='bbox 863 3568 1037 3634; x_wconf 86' lang='lat' dir='ltr'>Tribulatio</span> <span class='ocrx_word' id='word_1_222' title='bbox 1065 3568 1150 3634; x_wconf 88' lang='lat' dir='ltr'>euim</span> <span class='ocrx_word' id='word_1_223' title='bbox 1179 3569 1320 3653; x_wconf 88' lang='lat' dir='ltr'>corporis</span> <span class='ocrx_word' id='word_1_224' title='bbox 1347 3570 1448 3637; x_wconf 90' lang='lat' dir='ltr'>nostri</span> <span class='ocrx_word' id='word_1_225' title='bbox 1479 3568 1663 3656; x_wconf 82' lang='lat' dir='ltr'>temporalis</span> <span class='ocrx_word' id='word_1_226' title='bbox 1692 3574 1742 3635; x_wconf 91' lang='lat' dir='ltr'>est</span> <span class='ocrx_word' id='word_1_227' title='bbox 1769 3576 1801 3635; x_wconf 93' lang='lat' dir='ltr'>et</span> 
     </span>
     <span class='ocr_line' id='line_1_28' title="bbox 627 3680 1801 3773; baseline 0.002 -24"><span class='ocrx_word' id='word_1_228' title='bbox 627 3684 723 3751; x_wconf 87' lang='lat' dir='ltr'>finem</span> <span class='ocrx_word' id='word_1_229' title='bbox 746 3684 855 3765; x_wconf 83' lang='lat' dir='ltr'>habet3</span> <span class='ocrx_word' id='word_1_230' title='bbox 886 3684 1030 3770; x_wconf 90' lang='lat' dir='ltr'>probatio</span> <span class='ocrx_word' id='word_1_231' title='bbox 1055 3688 1162 3749; x_wconf 89' lang='lat' dir='ltr'>autem</span> <span class='ocrx_word' id='word_1_232' title='bbox 1185 3680 1301 3769; x_wconf 85' lang='lat' dir='ltr'>spem².</span> <span class='ocrx_word' id='word_1_233' title='bbox 1349 3686 1430 3773; x_wconf 76' lang='lat' dir='ltr'>Spes</span> <span class='ocrx_word' id='word_1_234' title='bbox 1452 3708 1525 3751; x_wconf 85' lang='lat' dir='ltr'>vero</span> <span class='ocrx_word' id='word_1_235' title='bbox 1547 3710 1612 3752; x_wconf 81' lang='lat' dir='ltr'>noa</span> <span class='ocrx_word' id='word_1_236' title='bbox 1635 3687 1801 3771; x_wconf 76' lang='lat' dir='ltr'>confundit</span> 
     </span>
     <span class='ocr_line' id='line_1_29' title="bbox 628 3800 1801 3887; baseline 0.002 -21"><span class='ocrx_word' id='word_1_237' title='bbox 628 3808 663 3866; x_wconf 91' lang='lat' dir='ltr'>ut</span> <span class='ocrx_word' id='word_1_238' title='bbox 686 3802 731 3867; x_wconf 89' lang='lat' dir='ltr'>ait</span> <span class='ocrx_word' id='word_1_239' title='bbox 754 3800 923 3887; x_wconf 85' lang='lat' dir='ltr'>apostolus,</span> <span class='ocrx_word' id='word_1_240' title='bbox 948 3805 1025 3887; x_wconf 80' lang='lat' dir='ltr'>quie</span> <span class='ocrx_word' id='word_1_241' title='bbox 1048 3805 1165 3867; x_wconf 70' lang='lat' dir='ltr'>careae</span> <span class='ocrx_word' id='word_1_242' title='bbox 1180 3803 1246 3867; x_wconf 83' lang='lat' dir='ltr'>Dei</span> <span class='ocrx_word' id='word_1_243' title='bbox 1266 3802 1385 3887; x_wconf 55' lang='lat' dir='ltr'>delirae</span> <span class='ocrx_word' id='word_1_244' title='bbox 1408 3815 1453 3867; x_wconf 81' lang='lat' dir='ltr'>eet</span> <span class='ocrx_word' id='word_1_245' title='bbox 1473 3805 1508 3866; x_wconf 80' lang='lat' dir='ltr'>in</span> <span class='ocrx_word' id='word_1_246' title='bbox 1522 3802 1670 3867; x_wconf 72' lang='lat' dir='ltr'>cordibae</span> <span class='ocrx_word' id='word_1_247' title='bbox 1683 3806 1801 3868; x_wconf 63' lang='lat' dir='ltr'>noeais</span> 
     </span>
    </p>
   </div>
   <div class='ocr_carea' id='block_1_7' title="bbox 627 3912 1800 4350">
    <p class='ocr_par' dir='ltr' id='par_1_7' title="bbox 627 3912 1800 4350">
     <span class='ocr_line' id='line_1_30' title="bbox 627 3912 1800 4005; baseline 0.001 -22"><span class='ocrx_word' id='word_1_248' title='bbox 627 3941 686 4005; x_wconf 83' lang='lat' dir='ltr'>per·</span> <span class='ocrx_word' id='word_1_249' title='bbox 710 3916 1033 4004; x_wconf 63' lang='lat' dir='ltr'>spiritualemque</span> <span class='ocrx_word' id='word_1_250' title='bbox 1056 3920 1227 4004; x_wconf 81' lang='lat' dir='ltr'>qaidataa</span> <span class='ocrx_word' id='word_1_251' title='bbox 1250 3931 1295 3983; x_wconf 79' lang='lat' dir='ltr'>eat</span> <span class='ocrx_word' id='word_1_252' title='bbox 1315 3912 1433 3983; x_wconf 78' lang='lat' dir='ltr'>noba&#39;e&#39;.</span> <span class='ocrx_word' id='word_1_253' title='bbox 1480 3916 1556 3995; x_wconf 85' lang='lat' dir='ltr'>Quis</span> <span class='ocrx_word' id='word_1_254' title='bbox 1583 3937 1720 4003; x_wconf 89' lang='lat' dir='ltr'>namque</span> <span class='ocrx_word' id='word_1_255' title='bbox 1742 3938 1800 3984; x_wconf 88' lang='lat' dir='ltr'>nos</span> 
     </span>
     <span class='ocr_line' id='line_1_31' title="bbox 629 4030 1799 4119; baseline 0.003 -21"><span class='ocrx_word' id='word_1_256' title='bbox 629 4032 849 4119; x_wconf 64' lang='lat' dir='ltr'>separabitssa</span> <span class='ocrx_word' id='word_1_257' title='bbox 878 4033 1009 4099; x_wconf 88' lang='lat' dir='ltr'>caritate</span> <span class='ocrx_word' id='word_1_258' title='bbox 1032 4032 1171 4099; x_wconf 87' lang='lat' dir='ltr'>Christi?</span> <span class='ocrx_word' id='word_1_259' title='bbox 1199 4032 1382 4099; x_wconf 78' lang='lat' dir='ltr'>tribulatio?</span> <span class='ocrx_word' id='word_1_260' title='bbox 1410 4054 1451 4098; x_wconf 93' lang='lat' dir='ltr'>an</span> <span class='ocrx_word' id='word_1_261' title='bbox 1479 4030 1660 4117; x_wconf 72' lang='lat' dir='ltr'>angustat*</span> <span class='ocrx_word' id='word_1_262' title='bbox 1688 4040 1721 4101; x_wconf 89' lang='lat' dir='ltr'>et</span> <span class='ocrx_word' id='word_1_263' title='bbox 1747 4054 1799 4101; x_wconf 89' lang='lat' dir='ltr'>ce-</span> 
     </span>
     <span class='ocr_line' id='line_1_32' title="bbox 627 4144 1800 4234; baseline 0.003 -21"><span class='ocrx_word' id='word_1_264' title='bbox 627 4154 705 4214; x_wconf 90' lang='lat' dir='ltr'>tera.</span> <span class='ocrx_word' id='word_1_265' title='bbox 741 4148 784 4213; x_wconf 85' lang='lat' dir='ltr'>Et</span> <span class='ocrx_word' id='word_1_266' title='bbox 813 4148 840 4213; x_wconf 90' lang='lat' dir='ltr'>si</span> <span class='ocrx_word' id='word_1_267' title='bbox 869 4148 1035 4232; x_wconf 85' lang='lat' dir='ltr'>deieimnr‚</span> <span class='ocrx_word' id='word_1_268' title='bbox 1064 4149 1193 4231; x_wconf 68' lang='lat' dir='ltr'>fratem,</span> <span class='ocrx_word' id='word_1_269' title='bbox 1222 4168 1286 4214; x_wconf 90' lang='lat' dir='ltr'>non</span> <span class='ocrx_word' id='word_1_270' title='bbox 1314 4144 1481 4234; x_wconf 84' lang='lat' dir='ltr'>perimns‘.</span> <span class='ocrx_word' id='word_1_271' title='bbox 1516 4148 1722 4216; x_wconf 84' lang='lat' dir='ltr'>Conferamus</span> <span class='ocrx_word' id='word_1_272' title='bbox 1745 4171 1800 4216; x_wconf 88' lang='lat' dir='ltr'>an·</span> 
     </span>
     <span class='ocr_line' id='line_1_33' title="bbox 629 4264 1799 4350; baseline 0.004 -21"><span class='ocrx_word' id='word_1_273' title='bbox 629 4269 693 4329; x_wconf 81' lang='lat' dir='ltr'>tem</span> <span class='ocrx_word' id='word_1_274' title='bbox 722 4268 854 4329; x_wconf 91' lang='lat' dir='ltr'>mortem</span> <span class='ocrx_word' id='word_1_275' title='bbox 885 4264 956 4331; x_wconf 88' lang='lat' dir='ltr'>lesu</span> <span class='ocrx_word' id='word_1_276' title='bbox 984 4266 1017 4329; x_wconf 94' lang='lat' dir='ltr'>in</span> <span class='ocrx_word' id='word_1_277' title='bbox 1045 4282 1177 4350; x_wconf 90' lang='lat' dir='ltr'>corpore</span> <span class='ocrx_word' id='word_1_278' title='bbox 1204 4270 1328 4348; x_wconf 85' lang='lat' dir='ltr'>nostro,</span> <span class='ocrx_word' id='word_1_279' title='bbox 1357 4265 1404 4330; x_wconf 72' lang='lat' dir='ltr'>uti</span> <span class='ocrx_word' id='word_1_280' title='bbox 1427 4265 1494 4330; x_wconf 83' lang='lat' dir='ltr'>vita</span> <span class='ocrx_word' id='word_1_281' title='bbox 1515 4265 1586 4332; x_wconf 91' lang='lat' dir='ltr'>lesu</span> <span class='ocrx_word' id='word_1_282' title='bbox 1613 4266 1648 4331; x_wconf 90' lang='lat' dir='ltr'>in</span> <span class='ocrx_word' id='word_1_283' title='bbox 1670 4266 1723 4333; x_wconf 90' lang='lat' dir='ltr'>die</span> <span class='ocrx_word' id='word_1_284' title='bbox 1745 4267 1799 4334; x_wconf 89' lang='lat' dir='ltr'>ad·</span> 
     </span>
    </p>
   </div>
   <div class='ocr_carea' id='block_1_8' title="bbox 629 4432 1798 4720">
    <p class='ocr_par' dir='ltr' id='par_1_8' title="bbox 629 4432 1798 4720">
     <span class='ocr_line' id='line_1_34' title="bbox 702 4432 1798 4495; baseline 0.003 -17"><span class='ocrx_word' id='word_1_285' title='bbox 702 4446 723 4478; x_wconf 79' lang='lat' dir='ltr'>a.</span> <span class='ocrx_word' id='word_1_286' title='bbox 748 4432 861 4492; x_wconf 85' lang='lat' dir='ltr'>episcopis</span> <span class='ocrx_word' id='word_1_287' title='bbox 884 4450 940 4479; x_wconf 82' lang='lat' dir='ltr'>cerr.</span> <span class='ocrx_word' id='word_1_288' title='bbox 957 4436 979 4478; x_wconf 80' lang='grc' dir='ltr'>ἰιι</span> <span class='ocrx_word' id='word_1_289' title='bbox 1001 4432 1121 4492; x_wconf 85' lang='lat' dir='ltr'>episcopos</span> <span class='ocrx_word' id='word_1_290' title='bbox 1145 4436 1184 4489; x_wconf 86' lang='lat' dir='ltr'>M,·</span> <span class='ocrx_word' id='word_1_291' title='bbox 1205 4432 1320 4493; x_wconf 82' lang='lat' dir='ltr'>episcopis</span> <span class='ocrx_word' id='word_1_292' title='bbox 1341 4436 1367 4481; x_wconf 87' lang='lat' dir='ltr'>C.</span> <span class='ocrx_word' id='word_1_293' title='bbox 1479 4434 1502 4480; x_wconf 92' lang='lat' dir='ltr'>h.</span> <span class='ocrx_word' id='word_1_294' title='bbox 1527 4452 1583 4481; x_wconf 81' lang='lat' dir='ltr'>cerr.</span> <span class='ocrx_word' id='word_1_295' title='bbox 1599 4438 1621 4481; x_wconf 78' lang='grc' dir='ltr'>ἰιι</span> <span class='ocrx_word' id='word_1_296' title='bbox 1643 4439 1754 4495; x_wconf 81' lang='lat' dir='ltr'>quaerunt</span> <span class='ocrx_word' id='word_1_297' title='bbox 1773 4440 1798 4484; x_wconf 82' lang='lat' dir='ltr'>C.</span> 
     </span>
     <span class='ocr_line' id='line_1_35' title="bbox 630 4511 1798 4573; baseline 0 -12"><span class='ocrx_word' id='word_1_298' title='bbox 630 4528 649 4561; x_wconf 85' lang='lat' dir='ltr'>o.</span> <span class='ocrx_word' id='word_1_299' title='bbox 671 4512 867 4559; x_wconf 79' lang='lat' dir='ltr'>abrenuntiatione</span> <span class='ocrx_word' id='word_1_300' title='bbox 884 4516 910 4560; x_wconf 82' lang='lat' dir='ltr'>C.</span> <span class='ocrx_word' id='word_1_301' title='bbox 988 4512 1010 4559; x_wconf 90' lang='lat' dir='ltr'>d.</span> <span class='ocrx_word' id='word_1_302' title='bbox 1032 4531 1089 4559; x_wconf 81' lang='lat' dir='ltr'>corr.</span> <span class='ocrx_word' id='word_1_303' title='bbox 1105 4516 1127 4558; x_wconf 82' lang='lat' dir='ltr'>in</span> <span class='ocrx_word' id='word_1_304' title='bbox 1144 4512 1260 4571; x_wconf 76' lang='lat' dir='ltr'>signaculo</span> <span class='ocrx_word' id='word_1_305' title='bbox 1279 4516 1304 4561; x_wconf 79' lang='lat' dir='ltr'>C.</span> <span class='ocrx_word' id='word_1_306' title='bbox 1382 4526 1402 4558; x_wconf 84' lang='lat' dir='ltr'>e.</span> <span class='ocrx_word' id='word_1_307' title='bbox 1423 4511 1480 4559; x_wconf 91' lang='lat' dir='ltr'>ordo</span> <span class='ocrx_word' id='word_1_308' title='bbox 1496 4513 1569 4563; x_wconf 74' lang='lat' dir='ltr'>doxae</span> <span class='ocrx_word' id='word_1_309' title='bbox 1586 4518 1619 4561; x_wconf 79' lang='grc' dir='ltr'>Μ.</span> <span class='ocrx_word' id='word_1_310' title='bbox 1696 4515 1713 4561; x_wconf 82' lang='lat' dir='ltr'>l.</span> <span class='ocrx_word' id='word_1_311' title='bbox 1733 4516 1798 4573; x_wconf 80' lang='lat' dir='ltr'>glori·</span> 
     </span>
     <span class='ocr_line' id='line_1_36' title="bbox 629 4592 1798 4653; baseline 0 -14"><span class='ocrx_word' id='word_1_312' title='bbox 629 4593 707 4639; x_wconf 80' lang='lat' dir='ltr'>doerit</span> <span class='ocrx_word' id='word_1_313' title='bbox 723 4596 763 4648; x_wconf 82' lang='grc' dir='ltr'>Μ,</span> <span class='ocrx_word' id='word_1_314' title='bbox 780 4610 836 4637; x_wconf 82' lang='lat' dir='ltr'>corr.</span> <span class='ocrx_word' id='word_1_315' title='bbox 854 4595 876 4638; x_wconf 72' lang='grc' dir='ltr'>ιιι</span> <span class='ocrx_word' id='word_1_316' title='bbox 892 4592 1028 4651; x_wconf 78' lang='lat' dir='ltr'>gleriflmhit</span> <span class='ocrx_word' id='word_1_317' title='bbox 1045 4596 1070 4641; x_wconf 87' lang='lat' dir='ltr'>C.</span> <span class='ocrx_word' id='word_1_318' title='bbox 1135 4606 1156 4651; x_wconf 79' lang='lat' dir='ltr'>g.</span> <span class='ocrx_word' id='word_1_319' title='bbox 1177 4595 1292 4653; x_wconf 78' lang='lat' dir='ltr'>separarit</span> <span class='ocrx_word' id='word_1_320' title='bbox 1309 4598 1347 4649; x_wconf 82' lang='lat' dir='ltr'>M,</span> <span class='ocrx_word' id='word_1_321' title='bbox 1364 4610 1420 4640; x_wconf 80' lang='lat' dir='ltr'>cerr.</span> <span class='ocrx_word' id='word_1_322' title='bbox 1436 4596 1459 4639; x_wconf 77' lang='grc' dir='ltr'>ιιι</span> <span class='ocrx_word' id='word_1_323' title='bbox 1476 4594 1628 4653; x_wconf 69' lang='lat' dir='ltr'>separabile.</span> <span class='ocrx_word' id='word_1_324' title='bbox 1690 4594 1714 4642; x_wconf 77' lang='lat' dir='ltr'>la</span> <span class='ocrx_word' id='word_1_325' title='bbox 1729 4596 1798 4643; x_wconf 70' lang='lat' dir='ltr'>trac.</span> 
     </span>
     <span class='ocr_line' id='line_1_37' title="bbox 630 4674 806 4720; baseline 0 -1"><span class='ocrx_word' id='word_1_326' title='bbox 630 4674 645 4720; x_wconf 84' lang='lat' dir='ltr'>i</span> <span class='ocrx_word' id='word_1_327' title='bbox 666 4676 689 4719; x_wconf 86' lang='lat' dir='ltr'>et</span> <span class='ocrx_word' id='word_1_328' title='bbox 706 4674 762 4719; x_wconf 81' lang='lat' dir='ltr'>edd.</span> <span class='ocrx_word' id='word_1_329' title='bbox 780 4676 806 4720; x_wconf 82' lang='lat' dir='ltr'>C.</span> 
     </span>
    </p>
   </div>
   <div class='ocr_carea' id='block_1_9' title="bbox 630 4776 1798 4936">
    <p class='ocr_par' dir='ltr' id='par_1_9' title="bbox 630 4776 1798 4936">
     <span class='ocr_line' id='line_1_38' title="bbox 703 4776 1798 4849; baseline 0 -17"><span class='ocrx_word' id='word_1_330' title='bbox 703 4778 727 4832; x_wconf 91' lang='lat'>1.</span> <span class='ocrx_word' id='word_1_331' title='bbox 745 4777 780 4833; x_wconf 91' lang='lat' dir='ltr'>V.</span> <span class='ocrx_word' id='word_1_332' title='bbox 799 4776 877 4832; x_wconf 90' lang='lat' dir='ltr'>Rom.</span> <span class='ocrx_word' id='word_1_333' title='bbox 891 4778 933 4847; x_wconf 87' lang='lat'>10,</span> <span class='ocrx_word' id='word_1_334' title='bbox 949 4779 990 4832; x_wconf 91' lang='lat'>10.</span> <span class='ocrx_word' id='word_1_335' title='bbox 1054 4779 1079 4831; x_wconf 81' lang='lat'>2.</span> <span class='ocrx_word' id='word_1_336' title='bbox 1099 4778 1177 4833; x_wconf 85' lang='lat' dir='ltr'>Rom.</span> <span class='ocrx_word' id='word_1_337' title='bbox 1189 4778 1215 4848; x_wconf 80' lang='lat'>5,</span> <span class='ocrx_word' id='word_1_338' title='bbox 1227 4780 1253 4832; x_wconf 88' lang='lat'>4.</span> <span class='ocrx_word' id='word_1_339' title='bbox 1316 4777 1342 4831; x_wconf 79' lang='lat'>3.</span> <span class='ocrx_word' id='word_1_340' title='bbox 1366 4778 1521 4847; x_wconf 66' lang='lat' dir='ltr'>Remini.</span> <span class='ocrx_word' id='word_1_341' title='bbox 1582 4780 1607 4832; x_wconf 79' lang='lat'>4.</span> <span class='ocrx_word' id='word_1_342' title='bbox 1626 4778 1705 4834; x_wconf 88' lang='lat' dir='ltr'>Rom.</span> <span class='ocrx_word' id='word_1_343' title='bbox 1717 4780 1743 4849; x_wconf 84' lang='lat'>8,</span> <span class='ocrx_word' id='word_1_344' title='bbox 1756 4779 1798 4834; x_wconf 80' lang='lat'>35.</span> 
     </span>
     <span class='ocr_line' id='line_1_39' title="bbox 630 4864 908 4936; baseline 0.004 -16"><span class='ocrx_word' id='word_1_345' title='bbox 630 4864 656 4920; x_wconf 81' lang='lat'>5.</span> <span class='ocrx_word' id='word_1_346' title='bbox 681 4868 698 4921; x_wconf 83' lang='lat'><strong>2</strong></span> <span class='ocrx_word' id='word_1_347' title='bbox 711 4866 831 4922; x_wconf 87' lang='lat' dir='ltr'>Corinth.</span> <span class='ocrx_word' id='word_1_348' title='bbox 843 4866 869 4936; x_wconf 88' lang='lat'>4,</span> <span class='ocrx_word' id='word_1_349' title='bbox 883 4868 908 4921; x_wconf 83' lang='lat'>9.</span> 
     </span>
    </p>
   </div>
   <div class='ocr_carea' id='block_1_10' title="bbox 0 0 2190 6034">
    <p class='ocr_par' dir='ltr' id='par_1_10' title="bbox 0 0 2190 6034">
     <span class='ocr_line' id='line_1_40' title="bbox 0 0 2190 6034; baseline 0 0"><span class='ocrx_word' id='word_1_350' title='bbox 0 0 2190 6034; x_wconf 95' lang='lat' dir='ltr'> </span> 
     </span>
    </p>
   </div>
  </div>
 </body>
</html>
