4342 6034
776 740 857 788 VITA
878 740 1073 789 anauahen
1095 740 1122 787 11

473 882 560 948 sanis
582 880 755 963 cautelam,
778 880 853 947 lesia
877 880 1053 949 adhibendo
1077 882 1244 951 medelam.

471 996 558 1081 Ergo
580 1016 712 1063 manas
736 996 847 1063 didicit
868 997 1022 1082 breviter,
1046 999 1130 1083 quod
1152 998 1276 1086 phisica
1297 998 1384 1082 dicit,

471 1112 668 1199 perspiciens
690 1131 801 1179 musas
822 1117 984 1197 naturac·‚
1006 1133 1057 1180 res
1080 1115 1142 1183 sihi
1164 1114 1306 1198 clausas3

470 1248 534 1295 non
557 1233 594 1294 ut
613 1228 705 1295 lucra
724 1230 807 1295 ferat
829 1229 881 1295 rol
904 1250 980 1316 opes
1002 1230 1063 1296 hoc
1085 1230 1196 1299 ordine
1219 1235 1341 1317 querat,

395 1362 451 1409 sou
473 1353 523 1411 set
545 1344 620 1430 quia
642 1344 810 1411 derorum
832 1344 933 1411 voluit
954 1346 987 1411 vi
1008 1366 1139 1413 noscere
1163 1366 1283 1415 verum.

516 1460 700 1545 Ingeniosus
722 1460 773 1527 vel
795 1461 955 1529 studiosus
977 1467 1053 1529 tunc
1075 1462 1159 1531 rodit
1180 1464 1296 1550 hospes

471 1581 505 1643 et
526 1578 682 1643 sociorum
705 1581 774 1643 tota
796 1596 925 1643 suorum
949 1579 1058 1645 concio
1081 1598 1200 1665 sospes.

472 1692 542 1777 Sic,
565 1693 646 1759 duce
668 1692 809 1777 Christo,
832 1700 941 1763 rectus
965 1695 1005 1762 ab
1026 1696 1089 1762 isto
1111 1692 1219 1762 Monte
1242 1695 1369 1781 quietus

472 1810 589 1893 tendit,
612 1809 718 1875 ameni
739 1809 848 1877 littora
869 1810 949 1878 Rani
971 1813 1074 1879 visere
1096 1812 1188 1896 letus,

391 1944 449 1993 aro
471 1926 586 2012 hospes
608 1925 776 2010 honestus,
799 1933 905 1994 monte
926 1928 1105 2013 modestus,
1128 1926 1221 1995 corde
1243 1927 1409 2011 benignus,

472 2042 588 2127 dulcis,
611 2042 780 2127 amandus,
804 2049 931 2129 pectore
954 2042 1104 2128 blandus,
1128 2062 1259 2131 corpore
1282 2044 1405 2129 dignas.

472 2157 572 2237 Quom
595 2160 774 2225 venientem
796 2159 864 2225 sive
885 2164 1047 2246 petentan
1070 2158 1175 2245 patria
1197 2180 1273 2227 rura

473 2274 599 2361 qnando
621 2274 787 2359 videbant,
809 2274 876 2341 leta
897 2275 1033 2343 ruebant
1053 2277 1183 2360 agmina
1203 2276 1307 2364 plura.

474 2391 568 2459 Hunc
588 2391 735 2459 meliores
759 2397 792 2457 ct
813 2392 953 2459 seniores
974 2392 1188 2479 excipiebant,

392 2528 449 2575 arc
473 2508 696 2575 omonicoram
718 2508 770 2575 vol
791 2507 944 2575 laicorum
966 2514 1042 2575 vota
1063 2508 1258 2595 strepebant

473 2623 585 2691 Presul
606 2624 761 2691 honorem*
780 2630 857 2690 tunc
879 2629 911 2691 et
934 2644 1075 2691 amorem
1097 2625 1160 2691 fert
1182 2624 1329 2711 patrueli,

474 2740 568 2827 plura
589 2739 760 2825 loquendo,
785 2738 879 2826 plura
900 2739 1057 2806 monendo
1079 2760 1156 2807 voca
1179 2739 1275 2807 fideli.

516 2856 600 2924 Hinc
622 2876 757 2944 parvum
778 2874 946 2921 numerum
967 2854 1074 2923 Phcbo
1097 2856 1243 2925 volvente
1267 2857 1390 2924 dierum

474 2994 512 3041 ac
533 2972 731 3040 adolescente
753 2972 858 3059 patria
879 2972 1008 3055 regione
1029 2978 1187 3057 manente,

394 3110 450 3159 sao
473 3090 581 3178 presul
602 3089 834 3172 A(delhertus),
859 3088 898 3154 de
921 3086 1040 3155 Christi
1061 3109 1192 3155 munere
1215 3094 1329 3173 certus,

473 3208 631 3295 proiciens
652 3206 766 3290 fragile
785 3225 903 3291 corpus
912 3200 931 3289 ¹,
953 3204 1095 3271 turbavit
1119 3204 1209 3290 ovile,

473 3324 525 3391 cui
548 3323 627 3390 hone
649 3320 783 3388 virendo
805 3328 947 3408 preerat,
971 3324 1063 3407 quasi
1085 3328 1194 3409 pastor
1218 3322 1345 3404 alendo;

475 3439 616 3507 turbarit
637 3438 772 3522 clerum,
795 3436 922 3503 dentem
946 3439 1104 3505 contraria
1127 3458 1243 3522 rerum,

474 3576 495 3623 a
516 3545 652 3623 dominis
675 3561 778 3621 terrae
800 3554 915 3621 metuit
937 3552 1034 3639 quae¹
1056 3554 1197 3641 plurima
1218 3554 1311 3621 ferre.

398 3691 452 3741 aaa
521 3672 578 3740 Set
599 3671 776 3739 desolatum
798 3690 914 3754 magno
936 3676 1028 3756 patre
1051 3670 1269 3757 pontificatum

474 3788 619 3856 Christus
640 3788 812 3855 Adelherto
835 3787 937 3869 dedit3
960 3787 1020 3853 hoc
1041 3787 1157 3853 herede
1178 3790 1314 3873 reperto,

474 3906 530 3992 qui
551 3905 733 3973 cathedram
754 3910 879 3989 regeret
900 3903 951 3969 vel
972 3904 1044 3969 iura
1065 3903 1176 3971 relicta
1198 3907 1329 3971 teneret.

472 4022 558 4107 Ergo
581 4022 741 4109 prioratus
763 4020 855 4104 cleri,
877 4040 949 4087 cnm
972 4018 1064 4105 plebe
1086 4025 1227 4103 vocatus,

473 4140 672 4224 miliciaeque
694 4138 804 4223 decus,
826 4136 918 4205 fieret
938 4156 1108 4203 consensus
1130 4140 1167 4200 ut
1190 4156 1299 4220 equus,

401 4276 453 4325 seo
476 4257 586 4324 ordine
608 4255 758 4323 sederunt
779 4258 812 4321 et
833 4274 971 4321 consona
992 4252 1089 4320 verba
1112 4251 1283 4333 dederunt3
1330 4310 1333 4317 .

473 4373 526 4440 hic
548 4376 581 4440 et
602 4376 762 4459 pastores,
786 4370 952 4439 cathedras
974 4368 1166 4436 moderando
1189 4368 1338 4452 minores,

476 4491 531 4577 qui
552 4488 719 4573 suffragari
741 4488 888 4555 dicuutur
910 4494 944 4555 et
965 4485 1113 4553 auxiliari
1238 4532 1242 4541 -

434 4660 607 4707 auhsne.

435 4766 461 4821 1.
484 4762 681 4820 Adelbcrtnsl
703 4762 822 4833 archiep.
845 4760 914 4817 obiit
935 4762 1004 4817 1137
1021 4760 1082 4816 lua.
1101 4760 1144 4815 23.
1171 4756 1206 4815 V.
1225 4756 1347 4812 Annales
1365 4755 1393 4811 S.
1411 4752 1536 4810 Disihodi

353 4856 444 4914 1132.
534 4856 560 4909 2.
582 4869 622 4909 sc.
640 4853 783 4909 contraria

406 4950 488 5006 rani.
503 4953 646 4998 arenosum
660 4953 700 4997 111.
794 4957 800 4978 ¹
1286 4946 1323 4999 38
