4342 6034
693 754 865 801 vencnum
887 754 967 799 vrrs
989 752 1161 800 sunnonis
1440 734 1506 803 023

346 898 465 985 pridem
495 896 652 963 subiectus
673 873 827 982 prebuit,
855 893 997 961 subditos
1026 894 1087 961 sibi
1114 894 1229 961 hstes
1255 895 1318 980 ipsi
1341 900 1373 961 et
1394 896 1506 963 ceteris

346 1014 526 1081 monasterii
547 1012 705 1099 prioribus
725 1010 857 1097 prebere
871 1010 1018 1076 instituit
1053 1010 1209 1097 Exemplo
1224 1011 1364 1078 caritatis
1379 1008 1507 1077 affectus

346 1129 503 1197 incitabat.
537 1127 638 1195 Omne
664 1127 807 1193 divinum
835 1124 971 1192 officium
995 1126 1072 1193 adeo
1096 1126 1508 1214 accommodabilem

345 1246 438 1328 done,
461 1243 545 1330 quod
567 1242 782 1327 negligenterb
795 1242 1009 1309 inordinatum
1032 1242 1112 1308 nihil
1128 1244 1162 1308 in
1176 1242 1237 1310 Dei
1252 1242 1380 1309 servitio
1395 1242 1507 1309 dereli-

345 1360 428 1447 quid,
447 1360 522 1425 dum
536 1358 707 1425 famulatus
722 1363 878 1424 amatores
896 1356 935 1423 ad
949 1357 1076 1423 laudem
1090 1358 1152 1424 Dei
1167 1357 1382 1444 quamplures
1398 1376 1507 1441 aggre-

343 1481 473 1560 gaverat
492 1476 616 1541 batres.
651 1472 799 1540 Preterea
820 1474 1042 1558 cuiuscumque
1063 1473 1167 1559 operis
1184 1472 1318 1541 artifices
1333 1472 1374 1539 ad
1387 1474 1508 1540 utilitu-

343 1597 406 1658 tem
421 1591 552 1658 ecclesie
566 1590 773 1675 conquisivit·
783 1595 826 1673 et,
840 1588 904 1655 illis
919 1589 1097 1655 necessaria
1112 1594 1143 1655 et
1156 1589 1279 1675 promia
1288 1589 1507 1674 ministrando,

343 1706 467 1773 illorum
491 1706 611 1773 artibus
633 1725 672 1772 er
695 1704 906 1771 ecclesiastiea
926 1704 1048 1770 familia
1070 1704 1149 1771 alios
1170 1704 1330 1771 manarit.
1365 1704 1453 1771 lutus
1476 1710 1509 1772 et

342 1822 428 1905 ioris,
453 1827 579 1907 apertos
601 1826 711 1890 tenens
734 1820 849 1905 oculos,
873 1821 957 1886 circa
979 1840 1086 1887 curam
1110 1820 1170 1897 sibi
1193 1818 1345 1887 creditam
1367 1825 1404 1886 ut
1417 1825 1508 1907 pater

342 1936 480 2003 familias
501 1938 639 2023 prudens
661 1936 821 2021 vigilabat.
855 1936 927 2021 lpse
949 1940 982 2002 et
1003 1937 1052 2002 sui
1073 1934 1135 2002 lide
1155 1936 1191 2001 'et
1211 1937 1344 2002 veritate
1367 1942 1399 2002 et
1413 1936 1508 2002 dilec-

343 2052 427 2118 tione
450 2058 483 2118 et
502 2088 545 2099 -—
566 2072 624 2140 per
645 2052 723 2118 illud
746 2072 839 2117 omne
859 2056 986 2138 tempus
1000 2088 1044 2098 —
1058 2052 1185 2135 frugum
1208 2057 1294 2119 terre
1314 2050 1508 2117 habundanti

342 2168 505 2235 fertilitate
520 2173 552 2234 et
565 2168 653 2254 pacis
668 2166 906 2253 tranquillitate,
928 2166 1064 2233 Domino
1079 2172 1250 2254 prestante,
1273 2168 1375 2235 securi
1389 2168 1507 2235 uixere.

343 2284 501 2363 Quantum
524 2284 590 2350 suis
613 2288 645 2349 et
665 2284 799 2349 fratrum
822 2283 987 2369 stipendiis
1010 2304 1175 2369 superesse
1196 2284 1309 2370 potuit
1332 2284 1508 2371 peregrinis

343 2406 374 2466 et
398 2399 579 2487 hospitibus
602 2399 715 2486 partiri
737 2418 800 2464 non
823 2398 954 2465 distulit
988 2399 1041 2465 Ad
1062 2399 1121 2465 heo
1142 2400 1296 2483 indigenti
1318 2400 1431 2484 cuique
1451 2400 1508 2465 tri-

342 2514 410 2582 buit
436 2515 609 2583 seouudum
637 2511 831 2601 apostolum¹
852 2534 923 2580 cum
952 2515 1039 2581 omni
1059 2514 1220 2581 hilaritate
1243 2521 1275 2581 et
1296 2514 1507 2601 simplicitate,

343 2630 491 2716 quioquid
512 2631 624 2717 potnit
691 2630 787 2715 Ergo,
811 2636 843 2697 et
864 2631 947 2697 sicut
967 2629 1099 2697 hilarem
1123 2630 1263 2697 datorem
1279 2630 1365 2697 Deus
1389 2626 1508 2715 diligit·

343 2752 373 2813 et
387 2752 425 2813 ut
439 2768 481 2814 ex
496 2746 735 2834 precedentibus
749 2746 871 2813 meritis
886 2746 969 2811 dona
983 2766 1108 2832 semper
1123 2752 1277 2831 augentur
1290 2742 1408 2830 insuat
1432 2747 1506 2812 dum

341 2863 421 2929 torte
442 2862 572 2929 interim
595 2862 692 2929 abbas
714 2860 963 2928 Heresieldeusis
985 2862 1063 2929 obiit
1084 2862 1212 2946 mundo,
1235 2862 1269 2927 in
1292 2862 1396 2929 locum
1411 2862 1506 2947 illius,

341 2978 468 3047 iubente
492 2977 638 3062 Domino,
661 2976 778 3044 electus
801 2981 834 3043 et
854 2976 1042 3043 substitutus
1065 2974 1466 3045 corniculantium.
1525 2982 1593 3037 1031

429 3093 512 3161 Cum
533 3094 640 3178 itaque
663 3092 758 3159 simul
779 3092 813 3158 iu
835 3092 956 3159 duobus
979 3092 1118 3159 ecclesiis
1139 3094 1190 3159 vir
1211 3093 1272 3160 Dei
1294 3094 1419 3179 providi
1440 3112 1508 3160 reo-

343 3210 418 3276 toris
451 3210 637 3293 iungeretur
668 3206 788 3292 officio,
820 3213 951 3295 propter
977 3208 1192 3276 excellentiam
1221 3208 1350 3277 maioris
1379 3208 1509 3276 ecclesie

343 3326 441 3411 priori
461 3345 528 3391 non
548 3325 654 3391 minus
675 3323 859 3391 intendebat
879 3324 935 3391 sed
957 3326 1043 3391 omui
1057 3325 1161 3392 studio
1176 3325 1258 3392 dont
1272 3325 1360 3411 prius
1376 3324 1507 3409 vigilare

344 3441 516 3526 satagebat
550 3439 652 3506 hlaior
679 3440 774 3506 etiam
802 3440 934 3507 eeclesia
960 3442 1076 3507 minori
1104 3440 1183 3507 nihil
1210 3442 1331 3525 nocuit,
1356 3420 1507 3507 ‘minora

344 3557 463 3624 maiore
491 3555 577 3622 illius
606 3556 745 3622 animum
773 3576 838 3621 nou
860 3556 983 3623 avertit
1018 3556 1108 3624 Hanc
1130 3562 1163 3623 et
1183 3557 1269 3623 illam
1294 3558 1339 3623 sic
1361 3557 1508 3643 dispone·

344 3672 406 3757 bat,
429 3678 477 3757 ut,
502 3672 577 3737 dum
598 3673 632 3737 in
654 3692 719 3738 una
740 3677 824 3738 esset
845 3677 1024 3759 occupatus,
1047 3673 1086 3740 ab
1109 3672 1209 3740 altera
1223 3674 1348 3760 penitus
1363 3678 1446 3741 esset
1459 3674 1509 3739 in-

345 3786 472 3855 divisus.
512 3786 601 3854 Bona
622 3807 728 3874 opera,
751 3788 822 3873 quis
844 3789 877 3853 in
899 3789 1020 3855 minore
1042 3794 1116 3855 aute
1138 3789 1315 3873 sudaverat,
1338 3788 1509 3855 secundum

346 3904 515 3991 ampliores
543 3908 688 3989 sumptus
710 3904 840 3969 maioris
863 3902 993 3971 ecclesie
1015 3905 1202 3971 omnimodis
1226 3905 1378 3992 ampliare
1399 3904 1509 3971 lauda—

345 4018 399 4086 bili
420 4020 578 4087 desiderio
607 4019 783 4086 anhelabat.
824 4018 885 4086 Die
906 4026 1062 4105 noctuque
1083 4021 1237 4087 bonorum
1261 4028 1384 4087 actuum
1406 4020 1508 4087 lucer·

345 4155 418 4203 nam
439 4140 552 4203 tenens
573 4136 608 4202 in
628 4135 785 4220 manibus,
808 4136 894 4202 riam
916 4135 1059 4219 tonant
1081 4156 1140 4223 per
1163 4156 1257 4221 quam
1279 4156 1355 4221 grex
1378 4134 1507 4203 Domini

415 4292 436 4325 a
457 4279 655 4338 circumspectu.
741 4276 764 4325 b.
783 4276 909 4335 neglieuter
924 4295 943 4323 c.
1025 4290 1045 4323 a
1064 4274 1193 4338 adquesiuit
1207 4296 1227 4325 o.
1309 4278 1331 4325 d.
1352 4278 1410 4324 riam
1425 4278 1507 4325 honam

348 4358 437 4407 addidi.
461 4362 500 4415 Gt.
516 4360 599 4422 3303.
609 4359 632 4415 0,
643 4359 685 4405 86:
704 4360 741 4415 ,et
756 4358 851 4405 ostende
867 4358 901 4404 sis
916 4358 975 4404 riam
990 4356 1084 4414 bonam,
1103 4370 1228 4418 perquam
1242 4356 1379 4405 ambulout'.
1406 4361 1508 4405 Μαιω-

347 4438 401 4484 lach
417 4439 543 4486 addiderat
556 4440 624 4485 viam.

415 4534 441 4589 1.
463 4534 542 4589 Rom.
558 4535 600 4603 12,
611 4535 644 4589 8:
669 4532 737 4604 „qui
758 4530 854 4587 tribuit
870 4532 899 4587 in
916 4530 1090 4602 simplicitate
1103 4562 1135 4571 -
1148 4532 1195 4601 qni
1213 4532 1356 4587 miseretur
1372 4532 1400 4587 in
1418 4530 1506 4587 hilari·

348 4621 432 4677 10ωῆ
557 4623 582 4677 2.
608 4620 762 4678 icoriuth.
779 4623 804 4690 9,
818 4622 848 4676 i:
877 4619 1010 4691 „hilarem
1037 4621 1109 4675 enim
1137 4620 1258 4677 datorem
1285 4619 1374 4691 diligit
1399 4619 1505 4675 Deusl.

349 4709 372 4763 3.
396 4708 437 4765 Gi
456 4712 474 4765 2
491 4709 611 4767 Corinth.
628 4712 711 4781 9,1o.
798 4710 825 4765 4.
851 4708 974 4764 hunoldo
997 4707 1091 4763 abbati
1113 4708 1299 4764 Herateldeusi
1321 4722 1376 4764 nou
1400 4712 1506 4765 mortuo

349 4798 395 4853 sed
412 4799 519 4855 deiecto
536 4800 669 4856 suecessit
686 4816 711 4854 a
724 4800 792 4854 1031
811 4798 910 4855 Bardo.
937 4798 971 4854 V.
987 4797 1085 4853 hunsl.
1098 4798 1273 4853 Hildesheim.
1287 4798 1354 4853 1031
1373 4800 1402 4852 et
1413 4798 1505 4853 Vitam

349 4884 499 4943 lteinwerci
516 4904 540 4943 o.
553 4890 606 4944 010
623 4888 705 4955 (lion
717 4887 809 4943 Germ.
821 4886 870 4943 SS.
882 4887 922 4941 Ill
935 4886 969 4941 98
981 4890 1010 4941 et
1020 4886 1061 4940 XI
1074 4888 1145 4953 156).
