4342 6034
656 775 844 825 semrom
866 774 1098 825 uocusrnrnn
1119 776 1152 823 ee
1422 759 1488 825 417

410 914 471 985 see
491 915 551 983 boc
572 915 692 985 malum
713 916 781 1002 regi
803 922 911 985 nostro
933 916 1012 985 bene
1033 916 1138 984 aterni
1158 920 1358 985 murentur
1379 916 1415 985 in
1434 917 1579 985 luo-1193

329 1052 405 1101 num.
449 1031 530 1099 Nam
552 1032 648 1100 iudex
668 1032 866 1101 innocentiae
889 1032 975 1100 Deus
997 1032 1094 1100 laciet
1113 1032 1149 1099 iu
1169 1033 1315 1119 proximo
1337 1031 1489 1101 iudicium

328 1148 465 1215 binnam
492 1148 641 1235 patienti,
675 1148 771 1215 faciet
798 1148 1047 1241 misericordiam
1075 1148 1231 1215 Dominus
1259 1148 1377 1217 cbristo
1404 1168 1462 1216 suo
1470 1145 1489 1216 ¹.

328 1262 410 1331 Zslus
425 1263 554 1331 Domini
576 1264 772 1332 exercituum
793 1264 889 1331 faciet
903 1260 998 1346 boo²3
1022 1269 1055 1331 et
1068 1264 1170 1331 soient
1183 1285 1303 1351 omnes,
1327 1265 1402 1351 quia
1417 1270 1492 1333 sunt

326 1378 469 1467 reliquiae
495 1380 617 1447 homini
644 1374 800 1468 psoilioo³.
846 1380 998 1465 Domine,
1027 1380 1061 1447 in
1091 1380 1208 1447 virtute
1237 1386 1294 1449 tua
1321 1380 1491 1449 laetabitur

326 1491 405 1578 rex⁴3
432 1496 536 1563 iustus
563 1496 603 1563 de
632 1496 778 1581 angustia
802 1515 860 1562 suc
881 1490 1101 1579 liberabitur⁵3
1131 1496 1223 1564 cadet
1245 1484 1351 1565 autern
1372 1497 1490 1584 impius

326 1607 548 1697 illaqueent
571 1632 664 1699 quem
687 1611 832 1696 tetendit
855 1616 887 1678 et
908 1611 943 1678 in
965 1612 1115 1679 verticem
1138 1612 1240 1699 ipsius
1254 1613 1406 1700 iniquitas
1422 1615 1490 1681 eius

326 1722 511 1795 descendet'.

404 1842 430 1911 0
458 1842 571 1927 rubigo
599 1844 776 1911 animarum
804 1844 954 1927 auaritic3
990 1844 1122 1911 otinea
1150 1844 1292 1911 cordium
1319 1843 1489 1931 cupiditas,

325 1978 397 2044 quae
411 1959 466 2027 ‘sic
487 1958 630 2027 homines
654 1960 845 2044 excaecasti,
873 1966 923 2045 ut,
947 1959 1008 2027 Dei
1031 1964 1064 2027 et
1084 1960 1275 2027 iudiciorum
1297 1961 1365 2027 eius
1387 1960 1489 2046 obliti,

324 2094 417 2161 neque
438 2096 516 2143 suae
537 2080 705 2163 parcerent
726 2076 850 2143 animae
872 2096 974 2162 neque
987 2076 1101 2143 famae.
1137 2075 1348 2145 Consumetur
1362 2076 1490 2161 quidem

324 2192 466 2277 pecunia3
490 2192 547 2259 sed
568 2197 644 2258 nota
665 2192 854 2279 proditionis
876 2212 941 2259 non
963 2190 1129 2259 delebitur.
1164 2192 1260 2259 Tanti
1280 2191 1409 2261 sceleris
1430 2192 1491 2259 im·

324 2306 452 2373 manitas
476 2306 670 2375 derivabitur
693 2307 733 2375 ad
755 2312 914 2395 posteros,
943 2312 975 2375 ct
1001 2308 1036 2375 in
1058 2328 1163 2392 ungue
1186 2308 1389 2375 adamantino
1412 2307 1491 2375 baec

323 2421 466 2509 iniquitas
495 2418 695 2490 scribetur'⁸.
730 2422 804 2491 Filii
831 2422 1037 2512 plorationisl
1061 2430 1207 2492 aeternae
1234 2444 1300 2491 non
1328 2424 1367 2491 de
1389 2422 1491 2491 fiscali

324 2540 454 2623 anno,
483 2559 547 2605 non
570 2538 609 2605 de
631 2538 787 2607 thesauris
810 2538 969 2625 regalibus
991 2540 1069 2608 hacc
1093 2540 1267 2629 accipiunt,
1290 2540 1347 2607 sed
1369 2540 1410 2608 de
1432 2560 1491 2628 pa·

323 2654 463 2721 trimonio
487 2652 648 2739 crucifixi,
670 2654 710 2723 de
732 2656 959 2723 sustentatione
981 2676 1168 2743 pauperum,
1191 2654 1231 2722 de
1253 2655 1420 2723 viduamm
1441 2656 1490 2723 la-

323 2771 432 2855 crimis,
457 2770 497 2837 de
519 2771 695 2838 substantia
716 2772 950 2857 religiosorum,
974 2770 1013 2838 de
1035 2771 1229 2859 pupillorum
1253 2770 1428 2856 alimentis,
1451 2772 1491 2840 de

323 2884 440 2954 dotibus
463 2886 638 2971 virginum,
667 2886 706 2954 de
729 2886 932 2954 ecclesiarum
954 2876 1157 2971 utensilibus,
1185 2887 1226 2955 de
1248 2888 1409 2972 crucibus,
1432 2888 1490 2955 de'

323 3001 466 3069 rdinibus
494 3003 695 3069 consecratis.
740 3001 824 3081 Quot
851 3002 969 3069 solidos
997 3002 1060 3070 sibi
1087 3008 1295 3088 mngrcgant,
1323 3009 1373 3070 tot
1399 3022 1491 3071 aecu-

323 3118 438 3185 mulant
467 3118 529 3185 sibi
556 3118 810 3203 maledictiones,
840 3124 886 3185 tot
914 3118 1166 3186 interminabiles
1193 3120 1352 3187 cruciatus
1373 3118 1435 3187 sibi
1456 3119 1491 3187 iu

324 3233 369 3301 die
392 3236 461 3301 irae
490 3233 641 3301 terribilis
669 3234 891 3301 thesaurisant.
938 3234 1094 3321 Quicquid
1129 3234 1169 3301 ad
1204 3234 1349 3303 decooem
1378 3235 1490 3303 domas

324 3346 377 3417 Dei
397 3350 597 3417 venerandae
622 3350 820 3435 antiquitatis
842 3350 1058 3419 munificentia
1072 3351 1224 3435 erogavit,
1247 3370 1332 3417 nunc
1347 3350 1490 3439 inexple-

324 3464 388 3533 bilis
411 3466 564 3533 avaritiae
584 3464 690 3533 hiatus
713 3466 869 3551 absorbet,
893 3473 929 3533 ut
950 3466 1144 3535 haereditate
1165 3466 1350 3554 possideant
1363 3472 1490 3535 sandu-

324 3581 418 3648 arium
440 3582 518 3667 Dei,
542 3587 574 3648 ct
595 3586 643 3649 tot
664 3582 837 3667 sacrilegiis
860 3583 1051 3651 execrabiles
1074 3581 1169 3669 liant,
1193 3586 1270 3669 quot
1290 3584 1324 3650 in
1346 3582 1490 3671 partibus

324 3698 472 3765 occiduisd
495 3697 645 3765 ecclesiae
668 3698 885 3786 profanantur.
999 3783 1001 3787 Ι

404 3814 535 3898 Exurge
556 3814 664 3899 igitur,
686 3814 780 3881 borno
795 3814 870 3898 Dei;
895 3820 1051 3900 exurgant
1068 3820 1102 3881 et
1113 3815 1170 3881 alii
1184 3820 1293 3903 patres
1308 3816 1489 3902 conscripti,

324 3930 430 4013 quibus
457 3930 525 3996 dati
553 3936 628 3997 sunt
648 3930 746 4015 gladii
769 3932 922 4019 ancipites
944 3932 978 3997 in
1000 3930 1147 3997 manibus
1170 3927 1310 3999 corum'.
1356 3930 1490 3998 Succur-

324 4046 379 4112 rite
399 4046 513 4133 plagae
535 4045 699 4131 ecclesiae,
724 4046 858 4134 arripiat
879 4046 1029 4113 iudicium
1054 4068 1168 4114 manus
1189 4053 1307 4133 vesta,
1329 4052 1362 4115 et
1384 4048 1490 4132 evagi-

324 4166 392 4228 nato
411 4162 539 4247 linguae
558 4160 663 4247 gladio
679 4162 792 4247 zelum,
816 4184 909 4248 quem
924 4162 1037 4230 Petrus
1052 4162 1087 4229 in
1102 4163 1262 4229 Ananiam
1276 4169 1310 4231 et
1321 4162 1490 4251 Sapbiram

324 4294 429 4345 oensus
449 4277 653 4346 aeclesiastici
667 4278 864 4346 fraudatores
879 4276 1055 4364 excreuit¹⁰,
1079 4280 1114 4345 in
1128 4278 1490 4367 publicos‘eceleeiarum

325 4394 493 4477 praedones
521 4399 554 4461 et
580 4394 741 4461 invasores
770 4394 939 4480 sauilegos
967 4400 1121 4464 exercete.
1166 4394 1235 4462 Rex
1256 4394 1490 4463 illustrissimus

390 4594 412 4627 ι.
432 4580 544 4629 scribetur
559 4582 636 4627 erud.
713 4580 736 4629 b.
757 4580 881 4631 Pharaonis
897 4583 919 4629 2.
997 4594 1018 4629 c.
1039 4584 1064 4629 at
1079 4584 1102 4630 θ.
1179 4581 1203 4629 d.
1224 4580 1377 4629 wideutales
1393 4582 1415 4627 1.

391 4694 415 4748 l.
434 4694 530 4764 isseg.
543 4695 587 4763 22,
599 4694 643 4750 51.
716 4695 742 4749 2.
759 4694 972 4763 4303.19,31.
1035 4696 1061 4749 8.
1080 4694 1239 4764 Milli.
1301 4694 1328 4749 4.
1346 4693 1488 4762 Pam.

327 4778 350 4834 5.
370 4780 541 4853 ΡΜ.11,8.
631 4783 657 4837 6.
680 4782 822 4853 ΡΒ.34,Β.
912 4784 937 4839 l.
962 4784 1006 4839 ΡΙ.
1019 4784 1045 4854 7,
1058 4786 1102 4839 17.
1191 4785 1217 4838 8.
1241 4782 1488 4851 V.1010m.l'l,l.

328 4868 350 4923 9.
370 4869 413 4925 ΡΒ.
427 4872 485 4941 149,
498 4873 523 4927 6.
615 4871 657 4926 10.
676 4870 711 4927 V.
729 4870 793 4928 Aci.
806 4887 851 4942 81).
870 4872 896 4943 5,
910 4872 1005 4927 1-10.

366 4964 442 5017 duni.
456 4968 600 5015 Bibliotheca
615 4970 655 5013 lll.
1239 4969 1273 5025 ᾖ
