4342 6034
637 738 680 805 62
864 753 892 803 s.
909 752 1085 801 sosmsrn
1106 752 1151 799 rr
1172 750 1276 798 uuum
1295 749 1483 799 memnonos
1505 748 1544 795 ιι.
1560 749 1590 795 ss

565 902 617 957 118
726 896 811 963 Dum
833 894 989 961 universis
1011 890 1157 959 fidelibus
1172 891 1338 957 devotione
1352 890 1568 957 sineerissimo
1581 888 1644 957 Dei
1657 888 1811 955 mandata

636 1017 711 1079 suut
733 1010 938 1094 observanda,
962 1012 1115 1095 quantum
1138 1008 1182 1075 sit
1202 1006 1427 1094 hospitalitatis
1449 1026 1564 1073 munus
1587 1024 1745 1091 quamque
1760 1022 1811 1069 eo·

636 1127 792 1215 septabile
814 1126 900 1193 Deo·
922 1125 1130 1193 humanitatis
1154 1122 1293 1190 offieium
1315 1122 1475 1189 viantibus
1497 1121 1661 1206 exhibere,
1692 1120 1811 1187 sanetis

637 1244 804 1329 seripturis
828 1242 1050 1309 attestantibus
1073 1241 1315 1307 demonstratur.
1351 1239 1437 1305 Dum
1459 1243 1492 1305 et
1513 1238 1625 1305 beatus
1647 1236 1811 1304 Abraham

636 1363 768 1446 propter
790 1358 1014 1446 hospitalitatis
1037 1356 1288 1423 miserieordiam
1310 1360 1490 1423 sanatorum
1513 1353 1696 1438 angolorum
1718 1371 1811 1440 prae-

638 1476 773 1541 sentiam
789 1475 948 1562 suscipere
963 1473 1080 1540 meruit
1095 1478 1128 1539 et
1141 1472 1321 1539 venerando
1336 1490 1446 1539 eornm
1460 1470 1616 1556 oolloquio
1627 1468 1784 1557 perpotiri
1792 1464 1809 1535 ¹.

637 1590 719 1657 Loth
742 1610 865 1676 quoque
887 1610 946 1677 per
960 1588 1142 1656 huiusmodi
1156 1587 1387 1655 ministeriumb
1402 1588 1531 1674 pietatis
1545 1587 1586 1653 de
1602 1585 1811 1653 Sodomorum

636 1704 773 1772 fiammis
796 1712 923 1793 ereptus
947 1701 1028 1788 est²;
1052 1704 1205 1771 salvavit⁰
1221 1724 1293 1769 eum
1308 1703 1535 1791 hospitalitatis
1548 1702 1653 1786 gratio
1666 1700 1707 1768 de
1720 1699 1811 1767 tlem-

637 1842 760 1889 morum
781 1822 922 1907 interitu,
944 1821 1103 1887 mandatis
1124 1819 1312 1887 caelestibus
1331 1820 1565 1905 obsequentem.
1640 1817 1690 1885 Its
1710 1823 1744 1884 et
1758 1836 1812 1883 ve-

638 1943 723 2005 stroe
746 1938 907 2005 dileetioui
931 1937 1096 2023 proveniet
1118 1936 1158 2003 ad
1181 1935 1346 2019 saluteml,
1370 1935 1462 2018 dum,
1484 1935 1598 2001 horum
1624 1934 1811 2021 portitorem

636 2054 827 2137 relegiosum
848 2052 1060 2139 presbiterum
1075 2050 1198 2137 Deiqus
1219 2051 1444 2139 omnipotentis
1466 2051 1622 2117 famulum
1636 2050 1812 2137 suscipien-

638 2174 703 2237 tes·
718 2168 959 2255 Wyufrithum‘‚
983 2169 1149 2235 eantamm
1171 2168 1228 2252 ei⁸,
1253 2187 1349 2252 quam
1364 2166 1450 2233 Deus
1474 2171 1507 2233 et
1529 2166 1633 2250 diligit
1654 2174 1687 2232 et
1708 2166 1812 2253 presi·

638 2285 706 2372 pit,
736 2284 900 2351 exhibetis.
952 2284 1151 2371 Resipientes
1180 2303 1255 2367 ergo
1283 2282 1345 2350 Dei
1372 2282 1523 2367 tammus,
1557 2302 1631 2349 eum
1658 2283 1811 2369 reeipitis,

639 2401 729 2467 euius
751 2400 911 2466 maiestati
933 2399 1133 2468 deserviuntl
1154 2402 1213 2467 ito¹
1235 2398 1431 2487 pollieenti¹z
1456 2401 1523 2481 Qui
1542 2422 1598 2466 vos
1616 2402 1741 2487 recipit,
1764 2422 1812 2465 me

638 2512 779 2604 remisiti
826 2515 912 2583 Haeo
934 2516 1041 2602 itaque
1064 2536 1136 2583 oum
1165 2517 1268 2584 oordis
1298 2516 1464 2582 devotione
1491 2516 1659 2599 ferientes,
1690 2519 1723 2581 et
1751 2514 1812 2581 Dei

642 2632 792 2699 mandata
814 2632 965 2719 peragitis
989 2636 1029 2715 et,
1054 2632 1094 2699 de
1116 2633 1241 2699 dinnao
1262 2631 1482 2719 promissionis
1504 2630 1631 2698 oraculo
1652 2605 1811 2697 ooufideu-

639 2754 698 2833 tes,
721 2748 898 2815 meroedem
921 2748 1006 2835 apud
1035 2768 1108 2814 oum
1137 2744 1310 2815 hahebitis‘
1338 2749 1574 2834 sempiternam
1619 2747 1811 2815 ineolumem

640 2865 843 2933 eminentiam
866 2870 1004 2931 vestram
1029 2884 1168 2951 superna
1188 2865 1292 2949 gretia
1314 2864 1480 2931 custodiat

644 3077 703 3149 12.
730 3078 902 3167 Gregorius
925 3078 968 3145 II
984 3103 1075 3166 popa
1096 3079 1264 3165 Bonifatio
1293 3081 1349 3146 dat
1374 3081 1576 3160 mandatum,
1604 3091 1640 3145 ut
1662 3101 1812 3166 paganos

730 3199 774 3261 od
796 3194 913 3262 Christi
934 3196 1051 3261 cultum
1072 3194 1253 3261 ooooenatl
1543 3194 1579 3278 (S
1597 3198 1670 3279 118,
1692 3193 1763 3263 WG
1778 3196 1811 3278 2)

554 3330 606 3417 m
730 3326 900 3411 Gregorius
915 3348 1024 3394 servus
1040 3348 1204 3395 seruorum
1214 3327 1277 3394 Dei
1283 3326 1442 3395 Bonifatio
1456 3327 1611 3412 relegisse
1625 3328 1811 3415 presbitero.

532 3402 586 3450 Μ’
595 3403 625 3451 1⁵
729 3442 840 3527 Exigit
854 3444 1056 3510 manifestata
1070 3444 1161 3510 uobis
1176 3443 1322 3527 relegiosi
1336 3444 1493 3531 propositi
1503 3444 1562 3528 tui,
1577 3445 1630 3531 pie
1639 3445 1675 3512 in
1685 3444 1812 3512 (ihristo

641 3558 821 3643 flagrantis,
850 3559 983 3625 intentio
1012 3565 1044 3626 et
1066 3558 1242 3645 adprobata
1264 3560 1477 3626 sineerissima
1496 3558 1571 3626 fidei
1594 3566 1667 3627 tuae
1688 3560 1813 3649 perlata
1937 3633 1938 3642 χ

641 3674 768 3742 relatio:
798 3679 834 3741 ut
863 3674 904 3740 ad
930 3675 1198 3762 dispensationem
1226 3672 1315 3743 verbi
1342 3676 1457 3760 divini,
1486 3676 1575 3743 euius
1597 3678 1812 3764 pergratiam

641 3789 703 3859 Dei
717 3808 825 3859 euram
840 3791 989 3875 gerimus,
1005 3796 1037 3857 te
1053 3791 1258 3857 oonministro
1273 3796 1409 3858 utamur.
1443 3789 1652 3879 Experieutes
1667 3792 1811 3880 proinde,

641 3912 674 3974 te
697 3908 736 3974 ab
759 3906 894 3974 infantia
916 3928 1022 3974 sacras
1045 3907 1169 3973 litteras
1192 3902 1357 3973 didicisse‘
1381 3908 1600 3994 profectusque
1618 3908 1756 3975 indolem
1772 3908 1813 3975 ad

643 4027 846 4108 augmentum
868 4022 980 4090 crediti
1002 4022 1133 4089 eaelitos
1154 4020 1284 4089 tsleuti⁸
1306 4030 1475 4111 prospectu
1497 4024 1597 4091 divini
1619 4024 1735 4091 amoris
1757 4044 1813 4092 ex-

642 4140 782 4225 andere,
806 4138 953 4207 videlieet
975 4140 1110 4225 gretiam
1130 4139 1317 4222 cognitionis
1332 4140 1477 4207 eaelestis
1492 4140 1610 4207 oraouli
1623 4140 1658 4207 in
1671 4140 1813 4209 laborem
1937 4217 1938 4232 χ

716 4304 737 4337 s.
756 4290 806 4337 Deo
822 4308 865 4337 om.
882 4292 922 4340 Cb.
1000 4290 1023 4338 b.
1043 4291 1176 4351 mysterium
1190 4292 1249 4346 MV,
1271 4308 1328 4337 corr.
1343 4294 1366 4338 in
1382 4291 1531 4339 ministerium
1549 4295 1591 4346 Co,
1609 4292 1649 4341 ci.
1727 4307 1747 4340 e
1768 4292 1813 4340 sul·
1937 4275 1938 4298 ³

642 4370 705 4419 vobit
725 4372 789 4427 Mn·
813 4372 873 4417 enim
897 4372 954 4418 edd.
971 4372 1012 4419 Ch.
1111 4370 1134 4417 (l.
1157 4370 1187 4417 ad
1207 4369 1304 4419 edutem
1326 4388 1370 4418 om.
1387 4375 1429 4419 Co.
1527 4386 1548 4419 e.
1572 4373 1734 4432 moipisntsm
1755 4374 1813 4421 117.

642 4450 659 4499 t.
679 4450 822 4509 Wynindum
838 4455 876 4507 tn,
894 4454 937 4499 Ca.
1019 4464 1040 4510 g.
1061 4450 1099 4498 dei
1115 4454 1150 4497 M.
1232 4449 1255 4497 h
1275 4450 1392 4499 deservire
1410 4454 1533 4501 comuntur
1548 4454 1594 4510 δὸς
1615 4452 1813 4501 deseruerim.

642 4533 665 4577 tu
681 4530 813 4579 deserviunt
829 4531 858 4580 V.
935 4531 951 4577 i.
971 4530 1022 4591 ipso
1039 4532 1097 4579 odd
1113 4532 1154 4579 ci.
1228 4529 1252 4577 h.
1272 4530 1418 4590 pollicentem
1435 4535 1478 4588 co,
1493 4532 1616 4593 pollioente
1632 4534 1674 4581 ci.
1748 4533 1764 4581 l
1785 4550 1814 4580 a

643 4612 803 4659 1110-211.
826 4614 879 4661 Siue
894 4600 1010 4659 lemmate}

714 4718 740 4771 1.
765 4716 865 4771 (lenes.
880 4716 926 4786 18,
944 4716 1033 4785 sequ.
1132 4716 1157 4770 2.
1181 4713 1282 4771 lienes.
1296 4716 1342 4786 19,
1362 4718 1450 4786 lsqo.
1549 4718 1575 4772 3.
1598 4716 1694 4772 Mettb.
1707 4719 1756 4788 10,
1768 4718 1814 4773 40.

641 4804 668 4861 4.
693 4802 727 4860 oi.
746 4804 841 4861 Motth
856 4805 898 4876 10,
910 4806 956 4861 42.
1046 4804 1072 4859 b.
1095 4804 1113 4859 2
1129 4804 1351 4876 Timoth.3,15:
1376 4808 1424 4877 „ot
1446 4805 1512 4875 quis
1535 4804 1571 4861 ab
1588 4802 1703 4862 iufsutis
1720 4820 1814 4863 saurus
1834 4798 1840 4806 ’

642 4893 748 4949 litteras
766 4893 870 4951 uosti“.
959 4894 985 4949 6.
1010 4890 1345 4966 Of.ldstth25‚15squ
