4342 6034
660 812 727 879 420
1000 829 1188 879 saissonis
1210 828 1439 878 ssoousuman
1461 828 1515 878 ea·

494 978 651 1035 taos-1201
660 968 853 1039 eonsulsam
900 968 990 1039 Hane
1011 970 1120 1057 itaque
1148 969 1354 1055 sententiam,
1383 990 1456 1038 eum
1484 970 1525 1038 ob
1554 990 1594 1039 os
1621 970 1663 1037 ad
1687 974 1822 1038 nostum

661 1086 852 1155 auditorium
875 1086 918 1153 sit
939 1087 1143 1175 appellatum,
1167 1086 1207 1155 de
1228 1086 1457 1154 eommuniosto
1479 1084 1672 1173 prudentum
1693 1085 1823 1154 virorum

660 1202 790 1269 oonsilio
826 1203 1011 1271 anctoritate
1039 1202 1224 1289 Maguntine
1258 1202 1342 1269 sedis
1376 1198 1614 1284 oonfirmemus3
1648 1206 1824 1285 statuentes,

659 1316 749 1385 illam
770 1316 897 1386 firmum
919 1318 1134 1387 inviolabilem
1157 1325 1190 1387 st
1208 1322 1397 1406 perpetuum
1412 1317 1446 1383 in
1461 1316 1557 1384 verbo
1573 1316 1705 1385 Domini
1717 1316 1825 1385 bebere

660 1436 817 1520 vigorem,
849 1436 912 1502 nisi
942 1436 1134 1523 competenti
1159 1434 1240 1501 iuris
1267 1430 1471 1501 amminiculo
1499 1432 1540 1499 sb
1569 1433 1671 1500 alters
1693 1434 1826 1521 portium

660 1558 822 1637 tamquam
843 1550 991 1619 inoffieex
1012 1556 1202 1626 retrsotstur
1223 1548 1389 1617 sententia
1434 1548 1578 1634 Equitsti
1599 1549 1741 1636 prediote
1762 1570 1828 1616 sen·

659 1667 759 1733 tentio
780 1672 925 1734 nostrum
946 1668 1088 1734 favorem
1109 1666 1274 1733 inelinavit
1287 1665 1411 1757 precise
1425 1665 1557 1733 verbum
1570 1665 1828 1752 eomprebemum

659 1782 774 1851 littoris
797 1784 922 1868 vostris,
945 1782 1067 1851 seilicet
1088 1782 1173 1867 quod
1194 1802 1292 1869 penes
1314 1781 1512 1870 prepositum
1534 1780 1830 1849 amministrationis

660 1915 737 1967 onru
758 1903 917 1981 maneret3
941 1898 1025 1983 quod
1046 1904 1155 1965 tamen
1177 1918 1266 1966 senus
1289 1898 1386 1965 estin
1402 1896 1589 1984 quibusdam
1604 1897 1759 1982 ecelesiis,
1780 1896 1832 1965 nbi

659 2015 840 2103 prepositus
861 2014 980 2083 divisas
1003 2034 1023 2081 a
1043 2014 1195 2080 fnanibus
1218 2013 1336 2081 exeolit
1354 2014 1579 2101 possessiones.

748 2130 897 2199 Pretereo
924 2130 982 2198 beo
1010 2130 1134 2216 questio
1162 2128 1335 2216 plurimum
1363 2130 1496 2198 celebris
1524 2135 1573 2197 est
1600 2134 1633 2196 et
1653 2129 1832 2215 frequentor

660 2266 756 2333 penos
784 2266 842 2315 nos
871 2246 1047 2331 exagitsta3
1077 2246 1226 2331 quonism
1256 2244 1397 2331 quolibet
1425 2246 1476 2313 die
1503 2250 1536 2313 et
1556 2245 1698 2313 maxims
1719 2244 1781 2311 boo
1800 2246 1831 2310 in

659 2366 812 2449 tempore,
834 2381 908 2429 eum
931 2362 998 2429 dies
1020 2360 1098 2427 mali
1120 2362 1201 2445 sint,
1222 2362 1338 2429 fretum
1361 2362 1401 2429 de
1422 2362 1488 2429 suis
1510 2382 1607 2448 super
1629 2360 1759 2428 deteotu
1779 2361 1833 2428 sti·

659 2477 848 2564 pendiorum
869 2476 1072 2563 querelentur
1091 2478 1270 2565 prepositis.
1305 2476 1373 2557 Quo
1390 2478 1513 2564 questio
1528 2496 1655 2564 semper
1667 2476 1780 2563 talem,
1800 2482 1835 2543 ut

659 2590 712 2660 bie
733 2592 959 2661 sententiatum
981 2599 1039 2678 est,
1062 2612 1120 2680 per
1135 2599 1311 2661 extremum
1325 2594 1516 2661 decisionem
1530 2593 1662 2659 sortitur
1676 2590 1832 2661 effectum.

748 2707 898 2777 Preterea
921 2730 941 2777 a
962 2709 1077 2777 domno
1099 2708 1260 2776 Friderioo
1282 2709 1475 2797 imperatore
1496 2708 1588 2776 beate
1606 2708 1835 2775 reeordationis

659 2824 693 2891 in
715 2826 877 2913 presentia
902 2828 943 2892 10
966 2825 1205 2914 episeoporum·
1226 2824 1455 2892 intelleximus:
1485 2824 1688 2910 quodetiam
1712 2824 1836 2909 eulogio
1917 2848 1919 2923 Ξ

659 2960 716 3009 ssu
744 2942 871 3027 exonie,
903 2962 964 3029 qno
992 2962 1012 3008 a
1039 2941 1158 3009 oolonis
1179 2941 1244 3028 ipsi
1265 2942 1427 3029 preposito
1447 2940 1616 3027 aliquando
1639 2940 1833 3024 deferuntur,
1917 2932 1919 2994 l

659 3058 725 3125 sint
738 3058 897 3145 stipendis
911 3058 1056 3125 botrum.
1086 3057 1130 3124 Et
1145 3058 1191 3124 sio
1206 3076 1315 3123 omnes
1329 3078 1392 3142 res,
1413 3076 1492 3142 quse
1507 3057 1688 3145 prepositus
1704 3057 1833 3125 eeolesis

658 3174 785 3241 nomino
812 3173 968 3261 possidet,
997 3173 1149 3241 trabibus
1177 3172 1368 3257 obligantur.
1401 3171 1507 3257 Unde,
1537 3173 1644 3240 debite
1669 3172 1833 3241 dedolente
1915 3195 1918 3268 l

658 3289 751 3375 stipe,
775 3288 816 3355 sd
838 3288 1077 3357 similitudinem
1101 3288 1234 3357 sotionis
1256 3288 1445 3356 subsidione
1466 3308 1592 3377 semper
1610 3296 1782 3357 roenrrnnt
1795 3288 1833 3356 ad
1916 3271 1917 3360 l

659 3404 873 3491 propositum:
896 3409 933 3471 nt
953 3404 1033 3493 ipsa,
1057 3405 1112 3489 qui
1129 3410 1179 3471 est
1192 3410 1354 3489 tamqnam
1370 3404 1515 3472 dominns
1531 3424 1692 3490 sgromm,
1714 3406 1833 3477 studio·
1915 3421 1916 3446 i

660 3519 784 3587 sissimo
807 3518 932 3587 oxoolat
953 3519 1077 3607 plantet
1100 3526 1133 3587 et
1154 3520 1311 3602 suooidat3
1341 3526 1374 3588 et
1400 3540 1499 3588 annos
1522 3522 1627 3609 pacis,
1655 3522 1700 3589 in·
1713 3521 1833 3589 babon-

659 3634 769 3702 dantia
795 3635 922 3720 frugum
952 3634 1124 3720 stillantes,
1152 3655 1225 3703 enm
1248 3636 1339 3703 annis
1362 3636 1539 3704 sterilitatis
1560 3643 1594 3704 et
1613 3658 1727 3721 guerre
1748 3656 1833 3705 oom-

659 3756 785 3839 ponset3
816 3756 850 3819 et
870 3750 1086 3819 laborantibus
1108 3752 1143 3818 in
1165 3772 1241 3819 area
1261 3750 1420 3819 dominioo
1441 3752 1494 3820 die
1514 3758 1671 3839 noctuque
1692 3753 1833 3823 subsidia

658 3868 834 3949 ministret3
858 3867 1009 3953 quonism
1030 3888 1095 3935 nou
1118 3866 1300 3953 alligabitur
1321 3889 1358 3936 os
1378 3868 1454 3935 bovi
1474 3869 1638 3937 trituranti
1646 3865 1665 3955 ¹,
1686 3875 1721 3939 et
1739 3870 1831 3937 alibi:

666 3982 729 4050 Ubi
748 3986 973 4067 minsbterium,
997 3986 1046 4052 ios·
1066 3986 1233 4053 collocetur
1254 4000 1284 4053 et
1304 3986 1438 4051 lma.

747 4096 896 4167 Prstsrea
922 4100 1055 4169 aoelesia
1081 4101 1151 4169 iure
1178 4100 1311 4168 minoris
1332 4099 1424 4168 illese
1445 4120 1571 4188 semper
1591 4099 1687 4169 debet
1706 4120 1833 4169 muser-
1913 4163 1914 4184 ,

659 4212 737 4280 uari.
782 4212 927 4285 Prelstus
958 4236 1009 4284 res
1043 4218 1111 4285 eius
1144 4216 1299 4304 ampliare
1331 4216 1470 4305 poterit3
1505 4216 1682 4285 diminuere
1713 4236 1831 4305 nequo·

660 4350 764 4417 quum.
816 4331 970 4413 Quoniam
1001 4353 1117 4417 magno
1145 4333 1264 4417 goudet
1290 4332 1423 4400 eeclesia
1454 4331 1636 4420 privilegi03
1670 4332 1770 4417 unde,
1802 4330 1831 4399 si

659 4466 711 4514 res
733 4446 848 4535 prelati
871 4448 1110 4535 patrimoniales
1132 4448 1316 4516 intermixto
1339 4448 1404 4515 sint
1428 4468 1500 4516 oum
1522 4448 1616 4516 rebus
1639 4447 1769 4517 ecoleaie
1782 4448 1830 4514 in-
1912 4479 1913 4502 κ

659 4563 802 4631 ventsrio
825 4584 890 4630 non
912 4564 1070 4649 contento,
1095 4569 1129 4633 et
1149 4564 1318 4631 intestatus
1340 4563 1487 4651 deeedot,
1509 4584 1619 4632 omnes
1640 4564 1695 4633 ille
1714 4584 1769 4631 res
1790 4562 1830 4630 ob

658 4678 726 4745 sius
753 4678 894 4746 favorem
923 4678 1104 4747 indiosntnr
1131 4679 1272 4749 eoelesie
1316 4680 1406 4749 Idem
1427 4680 1614 4766 nuendum,
1635 4687 1671 4751 et
1689 4681 1717 4749 si
1736 4680 1829 4747 rim

730 4840 751 4875 a.
771 4828 887 4877 demetunt
903 4840 955 4877 sess
970 4830 1084 4878 addon
1097 4831 1193 4878 eum.

730 4924 755 4981 1.
779 4924 794 4979 1
808 4922 929 4981 (torlntls
942 4924 968 4997 9,
981 4926 1012 4981 9:
1034 4924 1119 4997 „Non
1136 4922 1263 4996 alligabis
1279 4940 1313 4983 os
1328 4922 1395 4983 bost
1411 4926 1582 4985 riserant
