4342 6034
681 762 747 830 338
995 782 1183 831 annnonan
1205 783 1434 833 noommmsn
1458 784 1494 830 re.
1512 785 1541 832 1o

520 928 664 985 eti-939
680 922 879 1007 mandamus,
900 928 939 989 nt
958 921 1054 991 fidem
1076 928 1204 992 eunome
1227 924 1393 995 Trinitatis
1416 930 1448 993 et
1470 926 1657 1011 mysterium
1679 924 1840 991 dominicae
1929 1012 1930 1015 Ἴ

680 1039 909 1105 incarnationis
931 1058 1004 1106 eum
1027 1041 1113 1107 omni
1136 1042 1308 1126 sagacitate
1331 1047 1364 1107 et
1384 1041 1534 1127 prudenti
1553 1041 1685 1109 oonnlio
1701 1042 1767 1109 dei·
1780 1062 1841 1107 oon

680 1155 859 1222 reverentia
879 1155 944 1222 illis
965 1156 1150 1242 praedicare
1172 1177 1236 1224 nan
1258 1158 1429 1224 desistatis.
1467 1156 1512 1223 Et
1534 1158 1562 1223 si
1584 1157 1713 1225 eredere
1730 1163 1763 1223 et
1776 1157 1841 1244 bap·
1929 1134 1930 1147 ³

679 1272 775 1337 tizari
797 1276 865 1337 toto
893 1272 987 1339 corde
1009 1271 1183 1357 voluerint,
1213 1273 1366 1339 inmensis
1388 1272 1534 1340 laudibus
1556 1274 1767 1361 omnipotenti
1786 1272 1842 1339 Do·

679 1386 768 1453 mino
788 1387 956 1454 referimus
978 1389 1108 1472 gratias.
1151 1388 1186 1455 Si
1209 1393 1316 1455 autem
1338 1388 1466 1456 credere
1487 1388 1658 1475 noluerint,
1681 1390 1722 1457 de
1743 1390 1842 1455 civiu-

585 1588 589 1595 .
680 1502 765 1570 tibus
793 1505 907 1571 vestris
934 1524 1007 1570 cam
1034 1510 1146 1571 nostra
1167 1505 1355 1573 auctoritate
1383 1504 1454 1571 illos
1481 1504 1645 1591 expellite3
1674 1504 1768 1592 quia*
1788 1525 1843 1571 non
1929 1496 1930 1585 ζ

680 1618 830 1686 debemus
852 1638 925 1685 cum
946 1620 1084 1687 inimicis
1107 1620 1169 1687 Dei
1191 1622 1374 1688 societatem
1396 1620 1522 1705 habere,
1545 1620 1670 1689 dicento
1692 1620 1842 1709 apostolo:

681 1735 771 1818 Quae
797 1740 881 1802 enain
907 1742 1147 1807 conmunicatio
1175 1740 1240 1804 ieci
1261 1741 1305 1804 ad
1327 1738 1468 1803 meires
1490 1748 1562 1805 aut·
1586 1760 1645 1825 pac
1662 1762 1745 1827 pare
1760 1739 1845 1823 ficleli
1929 1746 1930 1839 p

679 1874 752 1917 cem
779 1848 942 1936 infidelet¹
975 1852 1037 1920 Per
1065 1854 1215 1921 virtutem
1244 1858 1349 1919 autem
1378 1859 1416 1919 et
1437 1853 1506 1919 sine
1533 1852 1662 1919 illorum
1689 1853 1843 1921 voluntate

680 1972 774 2051 atque
795 1968 953 2055 peticione
974 1968 1073 2036 nolite
1096 1988 1150 2036 eos
1172 1969 1352 2056 baptizar03
1376 1968 1639 2056 quialsoriptum
1654 1975 1719 2037 est:
1743 1970 1843 2037 Nolite

679 2096 822 2150 eoadem
850 2087 929 2150 dare
957 2087 1087 2152 ccciccc
1110 2099 1140 2152 et
1161 2087 1258 2152 nolite
1279 2088 1401 2151 mium
1421 2090 1615 2173 marcae-itae
1636 2100 1757 2154 ammae
1779 2100 1843 2153 cate
1929 2064 1930 2151 ἶ

676 2222 808 2287 porcae,
832 2202 977 2286 ecferte
998 2203 1179 2269 cmmlceot
1200 2224 1251 2267 eae
1271 2203 1407 2289 pedibas
1429 2197 1525 2267 eadat

768 2314 935 2399 Caetemm
963 2314 1058 2384 tidem
1081 2321 1209 2384 sanctae
1233 2316 1408 2401 Trinitatis,
1432 2337 1528 2402 quam
1549 2317 1674 2385 ludaeis
1696 2323 1730 2385 et
1751 2317 1845 2403 genti·
1929 2358 1930 2447 p

678 2430 738 2497 bus
758 2430 962 2518 praedicatis,
986 2452 1082 2517 quam
1105 2438 1138 2499 et
1159 2433 1200 2499 ad
1222 2438 1365 2499 sanctam
1384 2433 1561 2501 Romanam
1584 2433 1761 2518 aeoleeu'm,
1783 2453 1844 2500 ma
1929 2460 1930 2491 ÷

677 2552 759 2612 trem
782 2545 931 2614 videlicet
950 2553 1101 2632 vestram,
1125 2548 1362 2635 approbandam
1384 2548 1528 2633 misistis,
1552 2550 1600 2615 ita
1620 2550 1778 2633 integram
1800 2550 1844 2615 in-

678 2661 872 2748 libatamque
894 2663 1023 2735 creditis
1046 2670 1079 2731 et
1106 2665 1236 2747 tenetis,
1265 2664 1348 2731 sicut
1375 2664 1510 2751 apostoli
1533 2684 1704 2751 eorumque
1726 2684 1843 2733 sucees-

679 2796 767 2845 sores
801 2780 893 2847 nobis
927 2780 1128 2847 tradiderunt
1155 2785 1188 2847 ot
1215 2786 1327 2848 sanem
1353 2778 1497 2847 Romana
1524 2780 1679 2848 aecclesia
1705 2780 1844 2847 omuibus

678 2893 795 2980 ubique
816 2896 962 2980 gentibus
985 2897 1159 2984 praedicat
1929 2900 1930 2913 ¹

681 3080 742 3151 15.
771 3080 954 3151 (tetardus
969 3088 1115 3151 sacerdos
1127 3086 1303 3153 Fritierico
1319 3085 1554 3171 archiepiscopo
1566 3086 1755 3171 Mcpaotico
1769 3088 1843 3151 ecri-

766 3200 813 3265 bit
834 3202 873 3265 de
895 3200 1034 3283 laeiaeie²
1059 3204 1099 3267 de
1121 3204 1352 3268 consecratione
1375 3200 1564 3283 amicam,
1588 3203 1627 3267 de
1650 3203 1843 3267 ecelesiarum

766 3317 977 3397 dedicatione,
1009 3319 1047 3381 de
1075 3321 1187 3405 iniquo
1216 3319 1413 3385 sacerdotum
1441 3328 1540 3398 etate,
1578 3318 1616 3383 de
1644 3318 1844 3383 mutabilitate
1929 3310 1930 3361 l

758 3430 924 3515 fortunae.
970 3431 1143 3515 Haase,
1167 3448 1202 3500 ut
1223 3436 1286 3501 eiii
1307 3434 1495 3499 subveniat‘.

519 3573 661 3629 set-954
767 3561 905 3629 Domino
938 3564 1037 3631 totius
1070 3566 1266 3633 reverentiae
1300 3566 1485 3650 dignissimo
1514 3563 1690 3633 Fritherioo
1723 3571 1843 3633 emotae

678 3676 944 3763 Mogontiaeensis
959 3681 1379 3769 aeeclesiaearchiepisoopo
1396 3681 1588 3767 Gerhardus,
1611 3682 1842 3771 omniumperi·
1929 3726 1930 3779 t

677 3795 783 3883 psima
804 3797 1012 3865 sacerdotum

767 3912 883 3980 Vestra
903 3914 1088 3998 iniungente
1110 3914 1286 3997 clementia,
1309 3912 1387 3979 haee
1407 3912 1544 3999 paucula
1566 3934 1606 3981 ex
1628 3914 1770 4001 pluribus
1791 3915 1839 3981 de-

678 4026 791 4095 florata
812 4030 927 4096 vestis
942 4029 1103 4097 obtutibus
1118 4030 1351 4116 praesentanda
1366 4037 1398 4097 et
1413 4030 1606 4097 enucleatius
1621 4029 1839 4099 exintemanda

677 4144 935 4212 transmittimus.
1024 4145 1082 4212 Ait
1104 4146 1189 4213 enim
1211 4145 1389 4230 Dianisius,
1419 4146 1662 4214 Atheniensium
1685 4148 1839 4235 episcopus
1929 4136 1930 4163 ¹

678 4258 906 4346 divinissimus,
928 4262 963 4327 in
985 4261 1121 4347 epistola
1138 4262 1179 4329 ad
1193 4262 1417 4349 Demophilum
1433 4258 1587 4349 scripta⁸:
1610 4264 1689 4331 Non
1703 4266 1838 4331 tatemer

750 4416 773 4451 a.
792 4403 817 4452 di
833 4406 862 4453 C.
922 4403 947 4450 b·
966 4404 1005 4463 qui
1016 4406 1043 4452 C·
1105 4418 1125 4453 a.
1145 4406 1172 4451 ui
1182 4406 1209 4453 C.
1271 4403 1293 4451 d.
1313 4405 1354 4465 qui
1366 4408 1391 4455 C.
1454 4420 1474 4451 a.
1493 4424 1524 4453 ex
1540 4406 1592 4453 aad.
1608 4407 1725 4467 qma·-
1735 4402 1839 4455 S-iueoii

678 4486 822 4547 flegmatica,
837 4484 905 4531 bodie
920 4484 1096 4543 Guelferiytaaa
1113 4482 1164 4541 (8³.
1180 4486 1209 4531 at
1227 4488 1274 4533 Me.
1290 4488 1351 4549 Aug.
1365 4483 1423 4544 foi)
1440 4486 1528 4532 mir.
1544 4488 1653 4543 cased,
1668 4492 1689 4545 Ι.
1700 4483 1836 4535 iti-1690.

678 4566 748 4622 (irem
764 4564 864 4610 cadim
880 4564 1010 4611 lodwicus
1025 4564 1151 4610 nmmum
1166 4566 1322 4611 liberalissime
1337 4566 1379 4611 tue
1394 4566 1461 4613 uehit.

750 4651 774 4704 1.
797 4648 1043 4717 emesenam.
1058 4648 1101 4704 15.
1178 4650 1204 4705 a.
1228 4650 1323 4707 nauh.
1337 4652 1361 4721 r,
1375 4652 1401 4709 e.
1476 4652 1502 4707 e.
1526 4636 1650 4723 moiun
1667 4668 1767 4722 magna
1782 4660 1836 4719 pm

677 4738 812 4807 epistolae
829 4742 944 4794 scurae
961 4738 1089 4809 Dionysii
1106 4736 1290 4807 Areopagitae
1309 4739 1389 4811 (Opp.
1408 4739 1451 4795 ed.
1465 4739 1620 4811 cordesius,
1640 4740 1764 4797 venetiis
1777 4735 1836 4793 liti
1929 4786 1930 4823 p

678 4825 738 4881 Τ.Ι
755 4843 782 4896 p.
795 4826 969 4896 tot—609„
991 4826 1070 4881 ouius
1090 4823 1236 4897 fragmenti
1258 4827 1364 4883 initium
1388 4828 1546 4899 exitumque
1563 4833 1673 4886 tantum
1691 4830 1784 4885 afferro
1800 4840 1835 4880 aa
1929 4836 1930 4885 t

677 4914 715 4970 tis
731 4913 830 4970 habeo.
1929 4920 1930 4925 ’
