4342 6034
604 696 765 747 mousom
786 698 973 747 runomrsre
995 700 1076 748 vrrs
1099 698 1272 749 nannenus
1455 684 1518 750 551

354 840 450 925 igitur
477 839 713 927 expalluerunt,
742 837 790 907 illi
816 840 933 907 misero
961 841 1093 923 iniensi3
1124 842 1199 926 qnia
1226 846 1334 909 tantm
1355 843 1522 939 potestatis

355 956 454 1023 virum
483 957 622 1040 graviter
649 976 684 1023 se
710 955 851 1023 ulturum
878 955 1088 1024 crediderunt
1128 956 1310 1041 Intelligens
1339 965 1445 1025 autem
1471 960 1522 1027 uir

353 1072 500 1158 prudens,
524 1072 673 1156 quoniam
695 1072 791 1138 daurdi
814 1072 952 1159 exempli
972 1077 1100 1159 tempus
1124 1078 1234 1158 esset·,
1256 1079 1302 1159 ut,
1326 1094 1407 1159 quae
1426 1074 1522 1162 paulo

354 1193 424 1254 ante
446 1188 486 1255 de
507 1188 666 1274 pacientia
686 1188 836 1253 docuerat
848 1188 965 1271 verbis,
988 1188 1183 1255 nuncetiam
1199 1188 1400 1256 confirmaret
1415 1210 1521 1257 exem-

352 1302 428 1390 plis,
457 1309 585 1389 sumpta
607 1323 703 1369 aurea
724 1302 870 1387 seualle,
901 1322 982 1388 quae
1005 1323 1112 1371 coram
1134 1305 1240 1373 stabat
1260 1304 1356 1392 plena
1378 1307 1521 1373 earnium

350 1418 469 1502 frustis,
492 1419 626 1487 derisori
648 1439 705 1486 suo
727 1419 832 1485 eibum
854 1438 973 1504 vasque
995 1419 1065 1486 dari
1086 1420 1229 1507 precepit
1246 1440 1341 1488 cansa
1355 1422 1519 1490 mercedis.

351 1533 418 1612 Quo
437 1534 523 1601 facto
545 1555 609 1601 non
631 1535 734 1601 solum
756 1541 939 1621 peccantem
962 1536 1002 1602 ad
1024 1534 1249 1622 penitentiam,
1279 1537 1335 1604 sed
1358 1543 1390 1605 et
1411 1556 1520 1607 omnes

349 1648 489 1716 lucratus
511 1652 623 1717 estad
645 1650 896 1738 amplectendam
916 1651 1117 1737 pacientiam.

436 1764 601 1833 Potuimus
630 1766 749 1853 aliquid
771 1766 876 1833 dicere
899 1766 938 1833 de
960 1786 998 1833 eo
1020 1764 1183 1853 mirabile,
1213 1768 1240 1833 si
1263 1766 1409 1853 quidem¹⁵
1431 1772 1520 1851 tante

349 1882 562 1949 ammirationi
583 1887 673 1966 sunt,
702 1902 783 1967 quae
804 1883 975 1952 creduntur
997 1882 1134 1966 auditui,
1158 1900 1254 1967 quam
1277 1902 1357 1967 qnae
1379 1884 1521 1952 subiecta

348 2002 421 2062 sunt
447 1997 545 2079 risui3
573 1998 637 2063 nisi
658 1998 740 2064 sorte
762 2018 878 2083 magna
900 2000 950 2066 sui
972 1996 1126 2065 miracula
1147 1998 1272 2065 minora
1294 1998 1447 2065 iaciamus
1470 2000 1519 2066 in-

348 2112 442 2196 digno
471 2112 575 2180 relatu
601 2118 719 2179 nostro.
757 2114 907 2181 Dicemus
934 2120 1057 2197 tamen,
1085 2117 1123 2178 ut
1149 2132 1327 2199 possumus.
1364 2114 1518 2193 Quoniam

346 2228 458 2295 melina
485 2229 677 2313 iudicamus,
711 2236 872 2315 utcunque
898 2229 1096 2297 ammiranda
1127 2230 1270 2313 agnosci,
1300 2248 1395 2315 quam
1423 2230 1520 2315 digna

346 2350 538 2429 memoratu,
566 2346 721 2411 momoria
741 2346 938 2430 tabescente,
970 2345 1123 2412 oblivisci.
1214 2343 1368 2423 Quocicns
1390 2352 1518 2413 sanctus

346 2465 436 2545 pater
458 2460 627 2527 Adeldvile
635 2457 654 2545 ¹,
677 2462 827 2546 quoniam
850 2460 890 2527 ad
913 2482 1001 2527 suam
1027 2460 1176 2529 diocesim
1193 2460 1357 2547 pertinuit,
1380 2461 1517 2547 devenit,

344 2576 506 2643 mirabiles
522 2596 647 2663 semper
661 2576 801 2663 hospites
816 2576 936 2661 habuit,
953 2577 1097 2643 volucres
1113 2575 1233 2642 scilicet
1248 2576 1401 2660 quasdam
1416 2576 1519 2644 forma

345 2692 586 2777 nominibusque
612 2694 737 2777 ignotas
765 2692 926 2773 omnibus3
956 2692 1117 2777 aquibus
1146 2712 1201 2759 seu
1230 2692 1440 2759 comitabatur
1462 2712 1518 2761 seu

343 2807 532 2875 visitabatur
554 2808 729 2895 episcopus.
764 2807 850 2887 Quae
864 2828 1038 2893 numquam
1054 2812 1127 2874 ante
1143 2828 1214 2873 eum
1229 2808 1402 2893 venientes,
1425 2812 1518 2875 hnm-

345 2943 439 3007 qnam
461 2929 536 3010 post
555 2923 774 2991 abscedentem
789 2929 999 3007 remanentes,
1022 2923 1125 2989 solnm
1140 2942 1177 2990 eo
1192 2924 1339 2990 veniente
1353 2926 1517 2991 turmatim

344 3040 375 3105 in
404 3040 532 3107 obviam
560 3045 763 3124 congregate,
793 3041 827 3106 in
855 3038 1020 3107 arboribus
1048 3039 1273 3123 consederunt,
1303 3045 1336 3106 et
1358 3041 1517 3127 quandam

344 3174 418 3223 suae
453 3154 677 3224 modulationis
705 3156 881 3223 armoniam
910 3156 1151 3237 concinuerunt3
1188 3160 1367 3238 satagentes
1396 3158 1517 3225 cunctis

345 3290 412 3339 osse
439 3291 500 3359 pro
527 3270 696 3356 miraculo,
726 3273 810 3357 quod
838 3271 1071 3339 irrationabiles
1095 3271 1226 3337 rationis
1248 3272 1419 3339 utebantur
1441 3292 1515 3340 con-

345 3387 423 3453 silio.
465 3386 530 3454 Sed
556 3387 629 3473 pins
657 3393 764 3474 pater,
794 3388 975 3455 cantoribus
1003 3389 1070 3454 suis
1098 3406 1161 3453 non
1189 3387 1358 3454 minimum
1387 3388 1514 3473 letatus,

344 3504 509 3570 cantatam
536 3503 757 3571 exhibentibus
779 3524 843 3571 non
866 3504 1031 3590 apparuit·
1053 3504 1213 3587 ingratum
1245 3508 1277 3571 ct
1300 3524 1379 3590 quas
1400 3504 1436 3570 in
1458 3524 1516 3571 sna

345 3621 451 3687 conari
478 3618 560 3685 vidit
588 3620 753 3705 obsequia,
783 3620 955 3686 cottidiano
982 3638 1078 3706 porco
1109 3621 1186 3686 satis
1209 3620 1285 3687 iecit
1305 3640 1364 3707 pro
1387 3619 1514 3687 illorum

345 3734 509 3816 alimonia3
533 3743 566 3802 et
587 3754 680 3802 carne
702 3736 841 3823 inposita
862 3736 970 3819 mutis,
992 3734 1200 3801 cottidianum
1223 3742 1385 3822 sumptum
1408 3736 1515 3823 proui-

345 3848 391 3916 dit
411 3850 589 3937 hospitibus
611 3851 688 3917 suis.
778 3850 827 3918 De
847 3850 1028 3918 volueribus
1050 3850 1121 3917 istis
1145 3852 1220 3937 quid
1243 3853 1400 3937 dicamus,
1423 3850 1515 3919 dubi·

345 3970 462 4049 tamna3
486 3972 603 4050 utrum,
625 3967 761 4033 formam
783 3968 997 4055 inspicientes,
1021 3966 1180 4053 simplices
1204 3988 1257 4034 eas
1280 3968 1422 4035 volucres
1446 3986 1513 4035 cre·

345 4080 464 4167 damna,
487 4102 538 4167 an,
561 4083 716 4149 rationem
731 4084 940 4166 intendentes,
956 4083 1077 4167 aliquos
1093 4083 1224 4169 spiritus
1238 4084 1336 4151 fuisso
1351 4082 1513 4151 dicamus?

344 4194 424 4265 Nam
447 4199 596 4283 quoniam
619 4199 695 4265 solis
718 4199 883 4285 spiritibus
905 4199 986 4265 ratio
1009 4200 1102 4281 inest,
1125 4199 1248 4267 ratione
1263 4200 1386 4266 utentia
1399 4200 1512 4267 melius

346 4318 392 4379 est
411 4321 449 4381 nt
470 4314 601 4401 spiritns
623 4316 799 4399 credamus,
822 4335 917 4400 quam
939 4319 985 4398 ut,
1007 4314 1190 4380 irrationale
1212 4315 1335 4381 ratione
1356 4316 1414 4400 uti,
1437 4334 1512 4382 oon·

345 4430 498 4497 cadamus.
533 4430 615 4509 Quid
644 4436 749 4497 antem
770 4430 828 4496 has
851 4430 994 4497 volucres
1016 4430 1078 4496 nisi
1100 4431 1222 4496 ratione
1246 4450 1319 4497 usas
1342 4450 1411 4498 esse
1434 4430 1526 4497 dici·'

345 4546 433 4612 mus?
459 4546 504 4612 Et
529 4546 657 4631 quidem
684 4566 757 4614 cum
778 4546 923 4613 veniente
945 4552 1100 4613 venerunt
1121 4551 1154 4613 et
1175 4566 1247 4612 cum
1270 4546 1404 4613 abeunte
1426 4547 1511 4614 able

413 4710 435 4743 a.
456 4698 492 4744 est
506 4716 527 4743 c.
604 4698 627 4743 b.
650 4696 764 4757 etquidem
778 4700 862 4757 scripsi
872 4714 915 4753 pre
932 4696 1023 4757 quidem
1039 4698 1060 4743 si
1076 4716 1096 4745 c.
1174 4710 1194 4743 o.
1215 4698 1334 4758 apparavit
1348 4716 1369 4744 c.

414 4794 439 4847 1.
464 4791 583 4863 hltville,
601 4808 619 4847 a
634 4791 777 4863 Mogontia
794 4791 829 4847 ad
848 4790 1026 4863 occidentem,
1045 4792 1074 4846 in
1092 4792 1206 4847 dextera
1222 4790 1310 4847 Rheni
1326 4794 1394 4863 ripa
