4342 6034
649 753 714 818 128
898 769 925 818 s.
942 769 1119 818 nummu
1139 769 1185 818 ur
1207 769 1309 818 nnnnr
1330 767 1519 816 urmnonnu
1541 768 1572 816 su

559 921 611 975 742
647 931 709 996 que
730 911 927 998 praefectus·
942 929 1041 976 unum
1062 909 1290 997 presbiterum3
1315 910 1369 995 qui
1388 908 1579 993 hominibus,
1603 911 1735 996 peccata
1749 927 1822 974 cou-

535 995 628 1053 ⁸¹'¹'²¹
646 1025 824 1110 litantibus,
852 1026 993 1093 iudicare
1022 1031 1055 1092 et
1082 1025 1222 1092 iudicare
1250 1025 1479 1113 poeniteutiam
1501 1023 1633 1111 possint.
1668 1024 1736 1090 Nec
1758 1043 1821 1090 non

578 1215 582 1218 .
648 1148 681 1208 et
709 1141 781 1208 illas
808 1143 991 1209 venationes
1019 1147 1052 1208 et
1082 1141 1242 1208 silvaticas
1266 1143 1449 1226 vagationes
1471 1161 1544 1208 cum
1566 1140 1697 1208 canibus
1721 1140 1822 1206 omui-

647 1257 706 1324 bus
729 1258 829 1324 servis
849 1257 910 1324 Dei
931 1257 1169 1340 interdiximus3
1192 1257 1349 1341 similiter,
1372 1263 1408 1324 ut
1431 1255 1629 1344 acceptoresb
1653 1260 1686 1324 et
1707 1255 1822 1322 walco-

647 1384 721 1440 nes⁶
744 1393 808 1440 non
830 1373 977 1441 habeant

735 1488 942 1556 Decrevimus
977 1475 1101 1576 quoque
1135 1488 1325 1556 secundumd
1360 1494 1542 1556 sanctorum
1576 1497 1747 1556 canones⁸2
1790 1493 1825 1554 ut
1919 1491 1920 1578 l

649 1624 730 1670 uuus
745 1606 878 1690 quisque
893 1605 1060 1692 presbiter,
1083 1607 1117 1671 in
1133 1603 1301 1692 parrochia
1317 1605 1475 1689 habitans,
1498 1605 1646 1692 episcopo
1663 1603 1824 1671 subiactus

648 1720 691 1786 ait
712 1720 769 1804 illi,
792 1721 826 1786 in
848 1721 937 1787 cuins
959 1721 1128 1808 parrochia
1150 1721 1279 1788 habitet
1315 1721 1359 1790 Et
1377 1741 1502 1807 semper
1516 1721 1549 1786 in
1565 1719 1824 1804 quadragesima'

647 1837 804 1903 rationem
831 1843 865 1904 et
890 1837 1033 1903 ordinem
1056 1837 1225 1906 ministerii
1248 1838 1312 1922 sui,
1342 1838 1410 1904 sive
1432 1836 1471 1904 de
1493 1835 1671 1923 baptismo⁸
1693 1837 1764 1904 sive
1786 1837 1824 1904 de
1919 1859 1920 1884 ι

647 1951 709 2020 fide
735 1952 890 2020 catholica
915 1953 983 2019 sive
1010 1953 1050 2020 de
1077 1954 1223 2039 precibus
1251 1960 1283 2022 et
1312 1954 1422 2022 ordine
1444 1951 1643 2036 missarum,
1672 1952 1824 2040 episcopo
1919 1931 1920 1988 3

647 2068 760 2135 reddat
786 2074 819 2136 et
841 2068 995 2136 ostendat
1028 2069 1073 2136 Et
1096 2069 1355 2155 quandocumque
1376 2069 1458 2136 iure¹
1480 2069 1631 2136 canonico
1654 2069 1824 2156 opiscopus

648 2185 820 2251 circumeat
840 2184 1041 2271 parrochiam
1054 2185 1188 2272 populos
1205 2186 1245 2252 ad
1260 2184 1502 2269 confirmandos,
1524 2184 1681 2271 presbiter
1697 2205 1825 2272 semper

648 2307 779 2387 paratus
807 2301 850 2366 sit
878 2300 920 2366 ad
946 2301 1181 2387 suscipiendum
1205 2301 1388 2388 episcopum
1411 2321 1484 2368 cum
1505 2300 1690 2368 collectione
1713 2307 1747 2368 ct
1770 2302 1824 2370 ad-

648 2417 764 2482 iutorio
793 2415 917 2502 populi,
951 2417 1005 2501 qui
1032 2417 1078 2483 ibi
1105 2415 1286 2484 confirmari
1313 2418 1415 2484 debet.
1455 2415 1559 2482 Elin
1587 2435 1665 2483 cena
1693 2415 1825 2484 Domini

648 2551 774 2618 semper
796 2551 912 2598 novum
930 2531 1064 2598 crismak
1080 2532 1120 2598 ab
1142 2533 1291 2620 episcopo
1307 2539 1447 2619 quaerat,
1470 2537 1506 2598 ut
1521 2532 1718 2619 episcopum¹
1734 2535 1825 2601 testis

649 2647 783 2714 adsistm
804 2647 959 2714 castaus
982 2653 1016 2715 et
1037 2649 1121 2715 vitae
1143 2654 1176 2716 et
1197 2647 1271 2716 fidei
1295 2653 1327 2716 et
1348 2649 1509 2716 doctrinae
1531 2649 1625 2716 illius.

740 2762 931 2831 Statuimus:
954 2769 991 2830 ut
1013 2764 1185 2832 secundum
1205 2765 1388 2832 canonicam
1405 2765 1584 2832 cautelam*n
1600 2784 1710 2832 omnes
1725 2766 1825 2834 unde-

648 2901 781 2966 cumque
813 2880 1071 2967 supervenientes
1101 2882 1225 2966 ignotos
1255 2881 1418 2968 episcopos
1447 2880 1498 2948 vel
1528 2881 1720 2968 presbiteros
1752 2889 1824 2950 aute

647 2997 867 3084 probationem
893 2997 1078 3084 synodalem
1099 2998 1134 3064 in
1157 2997 1404 3066 ecclesiasticum
1426 2997 1656 3065 ministeriumn
1679 3018 1746 3066 non
1770 2999 1825 3066 ad·

648 3113 856 3180 mitteremus.

736 3227 957 3296 Decreuimus:
983 3233 1021 3296 ut
1042 3227 1214 3296 secuudum
1237 3247 1372 3296 canones
1394 3249 1476 3294 unus
1500 3229 1632 3314 quisque
1655 3231 1824 3318 episcopus

648 3344 682 3409 in
705 3363 763 3410 sua
784 3344 952 3430 parrochia
973 3344 1219 3412 sollicitudinem
1239 3345 1396 3430 adhibeat,
1420 3346 1588 3414 affiuraute
1603 3347 1755 3430 gravione
1771 3349 1824 3434 qui

649 3460 795 3528 defensor
818 3460 969 3528 ecclesiae
991 3466 1050 3544 est,
1076 3466 1113 3528 ut
1134 3461 1270 3548 populus
1293 3462 1354 3529 Dei
1376 3463 1529 3550 paganias
1552 3481 1616 3530 non
1637 3462 1745 3546 iaciat,
1768 3463 1825 3532 sed

648 3581 685 3642 ut
713 3597 823 3644 omncs
852 3577 1020 3664 spurcitias
1049 3576 1236 3661 gentilitatis
1263 3577 1379 3644 abiciat
1401 3583 1434 3645 et
1454 3583 1592 3665 respuat
1629 3577 1703 3646 Sive
1726 3581 1824 3648 sacri·

648 3691 721 3759 lioia
751 3698 948 3760 mortuorum
980 3693 1048 3760 sive
1082 3692 1249 3776 sortilegos
1284 3693 1335 3762 vel
1363 3695 1488 3762 divinos
1516 3695 1583 3761 sive
1609 3693 1766 3762 filacteria
1795 3701 1826 3763 et

650 3810 783 3894 auguria
816 3810 883 3877 sive
915 3810 1145 3877 incantationes
1179 3810 1246 3877 sive
1279 3809 1400 3878 hostias
1433 3810 1720 3878 immolaticias-
1746 3833 1824 3898 quas

650 3925 740 3992 stulti
766 3925 910 3992 homiues
936 3927 1027 3992 iuxta
1054 3925 1202 3993 ecclesias
1230 3925 1295 3992 ritu
1323 3947 1445 4013 pagano
1472 3927 1593 3994 faciunt
1615 3927 1672 3996 sub
1695 3928 1825 3996 nomine

650 4047 831 4109 sanctorum
858 4047 1034 4128 martyrum
1061 4041 1112 4108 vel
1141 4042 1370 4127 confessorum,
1401 4043 1504 4111 Deum
1533 4049 1565 4112 et
1593 4063 1674 4140 suos¹
1696 4051 1824 4112 sanctos

651 4158 692 4224 ad
717 4157 912 4224 iracundiam
936 4163 1143 4244 provocantes
1167 4195 1208 4204 -
1233 4158 1300 4226 sive
1322 4157 1394 4226 illos
1418 4159 1585 4244 sacrilegos
1606 4139 1715 4244 ignes,
1746 4181 1823 4247 quos

649 4268 827 4341 niedseor⁰¹
845 4278 968 4357 vocant,
990 4274 1056 4341 sive
1072 4295 1191 4358 omnes,
1215 4294 1429 4360 quaecumque
1447 4281 1530 4361 suut,
1554 4295 1753 4362 paganorum
1769 4277 1823 4344 ob-

650 4389 845 4456 seruationes
867 4387 1051 4472 diligenter'
1073 4390 1269 4477 prohibeant.

723 4528 743 4560 a
765 4513 881 4574 perlectus
902 4517 937 4560 M.
1017 4512 1040 4560 b.
1063 4531 1118 4560 corr.
1137 4517 1160 4560 da
1179 4515 1299 4574 accipitres
1322 4517 1348 4563 C.
1430 4529 1450 4562 e.
1470 4515 1572 4564 falcones
1594 4519 1620 4564 C.
1698 4516 1720 4564 d.
1743 4531 1821 4565 secuu-

651 4594 704 4640 dum
721 4595 812 4640 odds’dr‘.
837 4597 873 4649 Cf.
891 4596 960 4650 infru.
1030 4607 1050 4639 a.
1070 4593 1192 4652 sequentes
1209 4595 1258 4640 ulia
1275 4611 1342 4641 mann
1357 4599 1529 4655 auperwrr'ptum
1546 4605 1580 4644 eet
1595 4599 1617 4642 in
1635 4597 1661 4644 C.
1730 4597 1748 4644 f.
1769 4611 1822 4658 qut·

650 4673 786 4731 dragismme
803 4672 831 4719 V.
894 4685 916 4730 g.
936 4673 1069 4732 baptissimo
1089 4675 1116 4720 V.
1179 4671 1202 4719 h.
1221 4673 1328 4720 misarum
1347 4675 1374 4722 V.
1436 4675 1452 4720 i.
1470 4675 1533 4722 lurae
1551 4679 1584 4722 M.
1646 4675 1669 4722 lr.
1685 4675 1773 4724 hristus
1789 4681 1822 4724 Μ.

649 4751 666 4799 Ι.
687 4771 742 4798 corr.
758 4755 782 4798 ie
798 4753 920 4811 episcopus
936 4755 992 4800 Mc.
1053 4765 1084 4798 m.
1104 4751 1224 4799 mutellam
1243 4755 1270 4800 V.
1331 4769 1354 4801 n.
1376 4755 1533 4815 miuysterium
1551 4759 1584 4803 Μ.
1647 4769 1668 4802 o.
1689 4749 1778 4804 neoni
1796 4759 1821 4812 C,

649 4831 703 4878 nied
719 4829 753 4878 fii
772 4831 800 4878 V.
878 4844 901 4891 p.
922 4831 1043 4890 diligentes
1061 4833 1118 4880 MV.

722 4910 747 4964 1.
771 4906 813 4964 Gi.
832 4906 938 4964 Grimm
955 4909 1095 4966 Denmohe
1113 4909 1281 4982 llythologie
1299 4909 1353 4978 (ed.
1371 4913 1465 4982 tertia)
1483 4911 1570 4970 15⁷0.
