4342 6034
626 749 690 814 120
871 765 898 811 s.
916 763 1093 811 normann
1115 764 1159 810 nn
1181 763 1284 810 annm
1305 761 1493 812 nrrsronsn
1522 763 1552 810 es

539 914 591 969 743
622 908 714 973 mns?
749 906 826 972 dnm
852 925 910 972 nos
939 905 1068 990 fragiles
1098 905 1241 972 homines
1269 905 1441 974 existentes
1470 909 1503 973 et
1531 905 1591 974 sub
1619 903 1797 974 conditione

522 989 602 1048 Ap*
622 1023 734 1089 mortis
757 1022 931 1106 constituti,
954 1022 1149 1105 ignorantes,
1172 1022 1249 1106 quid
1265 1026 1495 1108 superventura
1508 1021 1614 1108 pariat
1630 1019 1709 1104 dies,
1732 1041 1797 1088 non

621 1139 762 1205 valentes
784 1138 986 1221 investigare,
1011 1138 1081 1223 qnia
1106 1159 1123 1204 e
1146 1138 1237 1204 nobis
1261 1138 1407 1224 propior·
1428 1136 1467 1204 de
1490 1137 1650 1224 praesenti
1670 1136 1796 1204 saeonlo

622 1255 746 1338 migret.
786 1253 842 1320 Sin
870 1260 976 1320 antem
1005 1259 1037 1320 ct
1066 1249 1219 1320 eundem¹
1241 1253 1349 1320 divina
1377 1252 1512 1320 voluerit
1533 1251 1702 1320 clementia
1724 1259 1798 1338 pest

621 1371 669 1436 tui
698 1369 801 1437 diemb
823 1370 976 1436 transitus
999 1389 1181 1456 superesse,
1213 1369 1241 1434 si
1265 1389 1335 1435 eum
1360 1369 1686 1454 aptum⁰oognoveris
1710 1369 1797 1436 etin

621 1491 677 1552 tua
699 1486 860 1552 voluntate
881 1486 978 1551 fuerit
999 1484 1175 1570 definitum,
1200 1505 1238 1552 ea
1259 1484 1347 1568 hora,
1371 1504 1434 1568 qna
1449 1489 1481 1552 te
1496 1485 1536 1552 de
1550 1485 1711 1571 praesenti
1727 1503 1797 1552 sae-

621 1602 691 1669 culo
718 1603 927 1686 migraturum
952 1601 1152 1685 cognoveris,
1182 1599 1402 1686 praesentibus
1425 1601 1562 1686 cunctis,
1591 1600 1651 1668 tibi
1673 1619 1798 1668 sncces-

621 1738 725 1784 sorem
748 1718 889 1801 designa,
913 1724 949 1784 nt
971 1718 1032 1783 bne
1055 1717 1163 1784 veniat
1184 1715 1386 1782 ordinandus.
1422 1714 1512 1794 Quod
1534 1715 1615 1782 nulli
1637 1715 1699 1783 alio
1723 1735 1798 1784 eon-

620 1834 861 1920 compatimur,
886 1834 969 1918 qnod
992 1833 1060 1917 tibi,
1084 1833 1216 1899 caritate
1238 1835 1379 1915 cogente,
1402 1831 1512 1915 largiri
1535 1832 1724 1898 censuimus.

709 1949 759 2016 De
779 1950 835 2016 illo
857 1948 1023 2034 namqne“‚
1051 1949 1105 2032 qui
1135 1948 1264 2014 viduam
1292 1946 1439 2014 avunculi
1461 1946 1526 2031 sui,
1555 1967 1636 2032 qnae
1665 1954 1698 2014 et
1725 1948 1799 2034 ipsa

621 2067 682 2132 fnit
708 2087 790 2132 uxor
817 2065 997 2131 consobrini
1026 2065 1076 2131 sni
1105 2071 1138 2131 et
1166 2083 1291 2130 sacrum
1315 2058 1459 2130 velamen
1481 2062 1598 2131 babere
1620 2068 1800 2154 monstrata

621 2189 685 2266 est,
715 2189 747 2248 et
774 2202 795 2247 a
821 2181 932 2247 beatae
958 2180 1131 2248 memoriae
1158 2189 1378 2266 praecessore⁰
1408 2184 1516 2246 nostro
1545 2178 1607 2246 sibi
1634 2178 1799 2248 licentiam

622 2318 804 2365 concessam
826 2317 896 2364 esse
918 2296 1103 2380 divulgavit
1127 2300 1162 2361 nt
1185 2295 1270 2363 eamt
1285 2296 1319 2362 in
1333 2295 1507 2382 pernitioso
1522 2295 1725 2362 matrimonio
1742 2297 1798 2364 ad·

623 2414 724 2480 snmi⁸
745 2412 916 2497 debuisset,
940 2413 1023 2479 absit
1043 2412 1113 2495 boo,
1137 2417 1173 2477 nt
1195 2411 1341 2478 decessor
1362 2415 1470 2478 noster
1491 2411 1554 2478 ista
1568 2411 1797 2498 praeciperetl.

622 2530 688 2596 Nee
712 2529 795 2596 enim
820 2529 859 2596 ab
883 2529 942 2596 bae
965 2527 1139 2616 apostoliea
1162 2527 1236 2593 sede
1257 2526 1314 2592 illa
1328 2527 1517 2612 diriguntur,
1541 2547 1622 2612 qnae
1637 2529 1799 2596 contraria

622 2665 692 2712 esse
725 2651 853 2732 patrum
889 2645 955 2711 sive
985 2644 1152 2710 canonum*
1182 2642 1336 2708 institutis
1364 2642 1546 2730 probentur.
1592 2642 1798 2728 Ammoncre,

624 2761 818 2846 adhortare¹,
840 2762 1005 2847 increpare
1028 2780 1098 2843 eos,
1121 2760 1220 2826 frater
1243 2758 1420 2843 karissime,
1442 2779 1483 2826 ne
1504 2777 1617 2844 cesses,
1641 2763 1798 2845 quatenns

623 2899 642 2945 a
668 2877 785 2944 talibus
814 2877 955 2944 scelestis
984 2876 1134 2943 recedant
1160 2875 1392 2958 matrimoniis,
1419 2879 1456 2940 ut
1484 2895 1548 2940 non
1575 2875 1610 2942 in
1632 2880 1798 2944 aeternnm

622 3001 763 3083 pereant.
799 2993 1053 3061 Reminiscantur
1070 2993 1166 3075 enim,
1190 3011 1224 3058 se
1239 2990 1358 3058 Christi
1374 2991 1551 3074 sanguinem
1566 3011 1635 3058 esse
1649 2991 1798 3079 redemp-

622 3118 682 3179 tos.
727 3111 771 3178 Et
797 3131 862 3176 non
890 3112 1003 3195 sponte
1032 3129 1066 3174 se
1090 3107 1278 3174 contradant
1301 3143 1342 3154 —
1366 3107 1428 3172 nisi
1457 3106 1496 3174 ab
1523 3107 1585 3174 isto
1607 3109 1799 3178 recesserint

622 3229 742 3294 incesto
765 3225 966 3292 matrimonio
991 3259 1033 3269 -
1057 3223 1174 3290 diaboli
1197 3223 1380 3310 poteststi¹¹3
1404 3223 1459 3290 sed
1482 3223 1583 3306 magis
1606 3223 1653 3290 illi
1672 3223 1742 3291 Deo
1765 3230 1799 3292 et

623 3343 748 3410 Christo
775 3341 840 3407 filio
871 3341 954 3423 eins,
982 3338 1116 3426 Spiritui
1140 3359 1264 3426 qnoque
1286 3343 1410 3424 sancto,
1438 3340 1473 3406 in
1495 3339 1584 3406 cuius
1606 3340 1734 3408 nemine
1757 3341 1796 3408 ab

622 3459 708 3525 illius
738 3458 861 3542 antiqui
889 3457 989 3522 hostis
1025 3457 1126 3543 erepti
1160 3462 1234 3524 sunt
1266 3461 1431 3543 potestate.
1484 3454 1621 3524 Elabora
1647 3477 1796 3544 namque,

624 3575 822 3642 sanctissime
844 3575 952 3656 frater,
975 3573 1008 3638 in
1033 3573 1089 3656 eis,
1113 3575 1188 3658 qnia
1208 3573 1362 3660 scriptum
1377 3573 1553 3656 cognoscis:
1579 3573 1644 3656 Qui
1658 3579 1799 3642 concerti

615 3695 735 3779 feeerit
753 3705 948 3780 peccatorem
977 3691 1017 3755 ab
1047 3713 1152 3756 errore
1179 3693 1249 3755 eine
1276 3713 1366 3770 suae,
1395 3689 1544 3756 solvaoit⁰
1567 3694 1708 3756 micam
1730 3695 1797 3758 eires

561 3891 564 3895 ¹
625 3835 646 3874 a
668 3822 784 3890 morte,
810 3823 839 3875 ct
860 3829 989 3873 auorum
1012 3811 1115 3893 operat
1135 3807 1365 3873 multitudinem
1382 3801 1612 3892 percucurrerat
1659 3805 1741 3874 Nam
1764 3813 1797 3874 et

624 3945 681 3990 nos
705 3925 734 3990 ei
757 3945 815 4010 pro
839 3923 897 3990 boo
920 3922 1161 3989 commonitoria
1183 3921 1304 4008 scripta
1325 3921 1508 3988 direximus.

712 4039 761 4106 De
790 4039 940 4106 Kalendis
969 4061 1044 4106 vcro
1057 4037 1223 4121 ¹Ianuariis
1246 4036 1297 4107 vel
1325 4038 1437 4104 ceteris
1467 4037 1606 4121 auguriis
1633 4035 1796 4106 filacteriis

625 4161 657 4222 et
677 4153 942 4222 incantationibus
965 4156 1015 4223 vel
1039 4154 1110 4222 aliis
1133 4153 1266 4220 diversis
1292 4153 1582 4238 observationibus,
1611 4173 1691 4238 quae
1718 4174 1796 4238 gen·

698 4375 718 4408 a.
734 4362 840 4420 proprior
856 4365 890 4417 Μ,
907 4379 963 4407 cerr.
980 4364 1002 4407 ie
1017 4361 1080 4419 prior
1097 4363 1123 4407 G.
1185 4359 1208 4404 b.
1224 4359 1261 4404 die
1277 4361 1311 4405 M.
1375 4371 1394 4404 c.
1410 4371 1461 4406 esse
1478 4358 1536 4405 add.
1548 4361 1574 4407 C.
1636 4359 1659 4405 d.
1675 4359 1749 4419 nique
1761 4364 1795 4408 Μ.

624 4457 645 4489 o.
667 4459 723 4487 corr.
743 4444 765 4486 r'n
780 4442 957 4501 praedecessore
974 4443 1000 4488 C.
1062 4439 1078 4485 f.
1100 4453 1150 4486 enm
1169 4443 1203 4494 Μ,
1219 4455 1276 4485 corr.
1292 4441 1315 4484 ῆι
1331 4451 1380 4485 eam
1397 4441 1423 4486 C.
1485 4451 1507 4496 g.
1527 4455 1584 4484 eurr.
1600 4441 1623 4485 ἰιι
1638 4451 1754 4486 summere
1769 4443 1794 4488 C.

624 4521 647 4567 lr.
668 4522 796 4581 perciperet
812 4524 846 4567 Μ.
908 4521 924 4566 i.
944 4533 1016 4566 canon
1034 4523 1067 4566 Μ.
1135 4519 1157 4565 lu
1179 4518 1283 4566 adortsre
1300 4521 1335 4572 Μ,
1354 4535 1410 4564 cerr.
1426 4521 1449 4564 in
1465 4517 1585 4566 edbertsre
1602 4521 1628 4567 C.
1695 4517 1711 4565 l.
1731 4521 1794 4566 ntr-

623 4601 684 4648 libns
708 4600 843 4647 scelestibus
859 4623 883 4631 -
900 4599 1043 4645 matrimonio
1059 4603 1099 4655 M,
1121 4615 1177 4646 corr.
1194 4603 1216 4644 tn
1233 4601 1307 4646 atem
1323 4597 1420 4646 scelesto
1436 4598 1579 4646 matrimonio
1596 4603 1622 4647 C·
1692 4613 1721 4646 m.
1742 4613 1794 4648 esn-

623 4682 691 4740 gnine
708 4685 743 4727 Μ.
821 4694 843 4726 n.
864 4681 978 4738 potestate
994 4683 1029 4725 Μ.
1108 4694 1129 4726 o.
1150 4679 1247 4726 salvabit
1263 4681 1289 4727 C.

696 4787 721 4839 1.
747 4783 798 4854 „Si
820 4781 947 4838 eumdem
971 4783 1065 4838 divina
1085 4783 1204 4839 volnerit
1222 4813 1254 4823 -
1273 4783 1366 4852 largiti
1389 4781 1566 4838 censuimus“
1589 4789 1653 4838 snut
1675 4785 1704 4839 in
1726 4783 1793 4841 Gru

624 4871 1159 4946 derideor.P.11.0.V11q.1c.1r.
1249 4873 1275 4930 2.
1299 4869 1339 4927 Gt
1357 4870 1601 4944 laoob.5‚19.20.
