<?xml version="1.0" encoding="UTF-8"?>
<!DOCTYPE html PUBLIC "-//W3C//DTD XHTML 1.0 Transitional//EN"
    "http://www.w3.org/TR/xhtml1/DTD/xhtml1-transitional.dtd">
<html xmlns="http://www.w3.org/1999/xhtml" xml:lang="en" lang="en">
 <head>
  <title>
</title>
<meta http-equiv="Content-Type" content="text/html;charset=utf-8" />
  <meta name='ocr-system' content='tesseract 3.04.00' />
  <meta name='ocr-capabilities' content='ocr_page ocr_carea ocr_par ocr_line ocrx_word'/>
</head>
<body>
  <div class='ocr_page' id='page_1' title='image "./monumentamogunt00lulgoog/monumentamogunt00lulgoog_0168.png"; bbox 0 0 4342 6034; ppageno 0'>
   <div class='ocr_carea' id='block_1_1' title="bbox 533 871 622 991">
    <p class='ocr_par' dir='ltr' id='par_1_1' title="bbox 533 871 622 991">
     <span class='ocr_line' id='line_1_1' title="bbox 552 871 604 925; baseline -0.019 0"><span class='ocrx_word' id='word_1_1' title='bbox 552 871 604 925; x_wconf 75' lang='lat'><strong>745</strong></span> 
     </span>
     <span class='ocr_line' id='line_1_2' title="bbox 533 943 622 991; baseline 0 -1"><span class='ocrx_word' id='word_1_2' title='bbox 533 943 583 990; x_wconf 84' lang='lat' dir='ltr'><strong>Oct</strong></span> <span class='ocrx_word' id='word_1_3' title='bbox 592 945 622 991; x_wconf 83' lang='lat' dir='ltr'><strong>o1</strong></span> 
     </span>
    </p>
   </div>
   <div class='ocr_carea' id='block_1_2' title="bbox 643 704 1561 770">
    <p class='ocr_par' dir='ltr' id='par_1_2' title="bbox 643 704 1561 770">
     <span class='ocr_line' id='line_1_3' title="bbox 643 704 1561 770; baseline -0.003 0"><span class='ocrx_word' id='word_1_4' title='bbox 643 704 708 770; x_wconf 83' lang='lat'><strong>150</strong></span> <span class='ocrx_word' id='word_1_5' title='bbox 889 723 917 770; x_wconf 92' lang='lat' dir='ltr'><strong>s.</strong></span> <span class='ocrx_word' id='word_1_6' title='bbox 933 721 1110 770; x_wconf 78' lang='lat' dir='ltr'><strong>normann</strong></span> <span class='ocrx_word' id='word_1_7' title='bbox 1132 723 1176 768; x_wconf 83' lang='lat' dir='ltr'><strong>su</strong></span> <span class='ocrx_word' id='word_1_8' title='bbox 1198 722 1300 768; x_wconf 84' lang='lat' dir='ltr'><strong>nunur</strong></span> <span class='ocrx_word' id='word_1_9' title='bbox 1323 720 1509 769; x_wconf 77' lang='lat' dir='ltr'><strong>nrrsronsrr</strong></span> <span class='ocrx_word' id='word_1_10' title='bbox 1533 721 1561 768; x_wconf 82' lang='lat' dir='ltr'><strong>m</strong></span> 
     </span>
    </p>
   </div>
   <div class='ocr_carea' id='block_1_3' title="bbox 640 861 1822 3852">
    <p class='ocr_par' dir='ltr' id='par_1_3' title="bbox 640 861 1817 2322">
     <span class='ocr_line' id='line_1_4' title="bbox 730 861 1812 949; baseline -0.001 -20"><span class='ocrx_word' id='word_1_11' title='bbox 730 863 813 929; x_wconf 89' lang='lat' dir='ltr'><strong>Nam</strong></span> <span class='ocrx_word' id='word_1_12' title='bbox 836 862 876 929; x_wconf 92' lang='lat' dir='ltr'><strong>de</strong></span> <span class='ocrx_word' id='word_1_13' title='bbox 897 862 953 929; x_wconf 93' lang='lat' dir='ltr'><strong>illo</strong></span> <span class='ocrx_word' id='word_1_14' title='bbox 976 863 1123 930; x_wconf 90' lang='lat' dir='ltr'><strong>similiter</strong></span> <span class='ocrx_word' id='word_1_15' title='bbox 1145 862 1224 929; x_wconf 85' lang='lat' dir='ltr'><strong>falso</strong></span> <span class='ocrx_word' id='word_1_16' title='bbox 1247 863 1405 949; x_wconf 91' lang='lat' dir='ltr'><strong>episcopo,</strong></span> <span class='ocrx_word' id='word_1_17' title='bbox 1429 882 1524 947; x_wconf 91' lang='lat' dir='ltr'><strong>quem</strong></span> <span class='ocrx_word' id='word_1_18' title='bbox 1545 861 1710 929; x_wconf 87' lang='lat' dir='ltr'><strong>dixisti—</strong></span> <span class='ocrx_word' id='word_1_19' title='bbox 1725 863 1812 930; x_wconf 92' lang='lat' dir='ltr'><strong>adul·</strong></span> 
     </span>
     <span class='ocr_line' id='line_1_5' title="bbox 641 977 1813 1064; baseline -0.002 -17"><span class='ocrx_word' id='word_1_20' title='bbox 641 981 738 1047; x_wconf 90' lang='lat' dir='ltr'><strong>terati</strong></span> <span class='ocrx_word' id='word_1_21' title='bbox 766 978 872 1045; x_wconf 91' lang='lat' dir='ltr'><strong>clerici</strong></span> <span class='ocrx_word' id='word_1_22' title='bbox 900 984 933 1044; x_wconf 92' lang='lat' dir='ltr'><strong>et</strong></span> <span class='ocrx_word' id='word_1_23' title='bbox 959 979 1136 1046; x_wconf 76' lang='lat' dir='ltr'>homicidae</span> <span class='ocrx_word' id='word_1_24' title='bbox 1162 977 1246 1044; x_wconf 90' lang='lat' dir='ltr'><strong>filius</strong></span> <span class='ocrx_word' id='word_1_25' title='bbox 1273 979 1307 1044; x_wconf 93' lang='lat' dir='ltr'><strong>in</strong></span> <span class='ocrx_word' id='word_1_26' title='bbox 1336 977 1490 1044; x_wconf 89' lang='lat' dir='ltr'><strong>adulterio</strong></span> <span class='ocrx_word' id='word_1_27' title='bbox 1518 983 1611 1045; x_wconf 88' lang='lat' dir='ltr'><strong>natus</strong></span> <span class='ocrx_word' id='word_1_28' title='bbox 1640 984 1672 1045; x_wconf 90' lang='lat' dir='ltr'><strong>et</strong></span> <span class='ocrx_word' id='word_1_29' title='bbox 1695 979 1813 1064; x_wconf 79' lang='lat' dir='ltr'>absque</span> 
     </span>
     <span class='ocr_line' id='line_1_6' title="bbox 641 1093 1814 1181; baseline 0 -20"><span class='ocrx_word' id='word_1_30' title='bbox 641 1094 810 1181; x_wconf 81' lang='lat' dir='ltr'><strong>disciplina</strong></span> <span class='ocrx_word' id='word_1_31' title='bbox 831 1095 986 1179; x_wconf 91' lang='lat' dir='ltr'><strong>nutritus,</strong></span> <span class='ocrx_word' id='word_1_32' title='bbox 1016 1101 1048 1162; x_wconf 91' lang='lat' dir='ltr'><strong>et</strong></span> <span class='ocrx_word' id='word_1_33' title='bbox 1069 1100 1175 1162; x_wconf 88' lang='lat' dir='ltr'><strong>cetera</strong></span> <span class='ocrx_word' id='word_1_34' title='bbox 1197 1094 1281 1160; x_wconf 90' lang='lat' dir='ltr'><strong>mala</strong></span> <span class='ocrx_word' id='word_1_35' title='bbox 1303 1098 1336 1160; x_wconf 89' lang='lat' dir='ltr'><strong>et</strong></span> <span class='ocrx_word' id='word_1_36' title='bbox 1356 1093 1535 1178; x_wconf 84' lang='lat' dir='ltr'><strong>horribilia,</strong></span> <span class='ocrx_word' id='word_1_37' title='bbox 1565 1115 1645 1179; x_wconf 89' lang='lat' dir='ltr'><strong>quae</strong></span> <span class='ocrx_word' id='word_1_38' title='bbox 1667 1115 1727 1181; x_wconf 89' lang='lat' dir='ltr'><strong>per</strong></span> <span class='ocrx_word' id='word_1_39' title='bbox 1750 1095 1814 1162; x_wconf 91' lang='lat' dir='ltr'><strong>sin·</strong></span> 
     </span>
     <span class='ocr_line' id='line_1_7' title="bbox 641 1209 1815 1298; baseline 0.001 -23"><span class='ocrx_word' id='word_1_40' title='bbox 641 1210 717 1294; x_wconf 85' lang='lat' dir='ltr'><strong>gula</strong></span> <span class='ocrx_word' id='word_1_41' title='bbox 745 1212 915 1295; x_wconf 79' lang='lat' dir='ltr'><strong>enarrasti,</strong></span> <span class='ocrx_word' id='word_1_42' title='bbox 947 1231 984 1277; x_wconf 93' lang='lat' dir='ltr'><strong>ac</strong></span> <span class='ocrx_word' id='word_1_43' title='bbox 1011 1232 1069 1298; x_wconf 93' lang='lat' dir='ltr'><strong>per</strong></span> <span class='ocrx_word' id='word_1_44' title='bbox 1097 1211 1157 1278; x_wconf 92' lang='lat' dir='ltr'><strong>hoc</strong></span> <span class='ocrx_word' id='word_1_45' title='bbox 1179 1217 1212 1278; x_wconf 91' lang='lat' dir='ltr'><strong>et</strong></span> <span class='ocrx_word' id='word_1_46' title='bbox 1233 1211 1282 1276; x_wconf 91' lang='lat' dir='ltr'><strong>sui</strong></span> <span class='ocrx_word' id='word_1_47' title='bbox 1306 1209 1425 1276; x_wconf 83' lang='lat' dir='ltr'><strong>similes</strong></span> <span class='ocrx_word' id='word_1_48' title='bbox 1449 1210 1627 1277; x_wconf 77' lang='lat' dir='ltr'><strong>sacerdotes</strong></span> <span class='ocrx_word' id='word_1_49' title='bbox 1651 1230 1815 1278; x_wconf 90' lang='lat' dir='ltr'><strong>consecra·</strong></span> 
     </span>
     <span class='ocr_line' id='line_1_8' title="bbox 641 1325 1815 1411; baseline -0.001 -17"><span class='ocrx_word' id='word_1_50' title='bbox 641 1327 688 1394; x_wconf 86' lang='lat' dir='ltr'><strong>vit</strong></span> <span class='ocrx_word' id='word_1_51' title='bbox 703 1363 745 1372; x_wconf 98' lang='lat'>—</span> <span class='ocrx_word' id='word_1_52' title='bbox 762 1327 802 1392; x_wconf 94' lang='lat' dir='ltr'><strong>de</strong></span> <span class='ocrx_word' id='word_1_53' title='bbox 823 1327 892 1410; x_wconf 92' lang='lat' dir='ltr'><strong>hoc,</strong></span> <span class='ocrx_word' id='word_1_54' title='bbox 915 1327 1061 1394; x_wconf 82' lang='lat' dir='ltr'><strong>meminit</strong></span> <span class='ocrx_word' id='word_1_55' title='bbox 1082 1332 1139 1394; x_wconf 88' lang='lat' dir='ltr'><strong>tna</strong></span> <span class='ocrx_word' id='word_1_56' title='bbox 1160 1325 1333 1394; x_wconf 85' lang='lat' dir='ltr'><strong>reverenda</strong></span> <span class='ocrx_word' id='word_1_57' title='bbox 1354 1326 1547 1410; x_wconf 86' lang='lat' dir='ltr'><strong>fraternitas,</strong></span> <span class='ocrx_word' id='word_1_58' title='bbox 1570 1327 1661 1411; x_wconf 87' lang='lat' dir='ltr'><strong>quia·</strong></span> <span class='ocrx_word' id='word_1_59' title='bbox 1676 1327 1738 1393; x_wconf 90' lang='lat' dir='ltr'><strong>tibi</strong></span> <span class='ocrx_word' id='word_1_60' title='bbox 1752 1327 1815 1393; x_wconf 89' lang='lat' dir='ltr'><strong>iam</strong></span> 
     </span>
     <span class='ocr_line' id='line_1_9' title="bbox 641 1441 1815 1528; baseline -0.001 -19"><span class='ocrx_word' id='word_1_61' title='bbox 641 1443 762 1510; x_wconf 87' lang='lat' dir='ltr'><strong>vicibus</strong></span> <span class='ocrx_word' id='word_1_62' title='bbox 792 1443 992 1528; x_wconf 86' lang='lat' dir='ltr'><strong>scripsimus:</strong></span> <span class='ocrx_word' id='word_1_63' title='bbox 1023 1448 1060 1508; x_wconf 95' lang='lat' dir='ltr'><strong>ut</strong></span> <span class='ocrx_word' id='word_1_64' title='bbox 1081 1443 1187 1509; x_wconf 90' lang='lat' dir='ltr'><strong>nullus</strong></span> <span class='ocrx_word' id='word_1_65' title='bbox 1210 1442 1383 1526; x_wconf 91' lang='lat' dir='ltr'><strong>homicida,</strong></span> <span class='ocrx_word' id='word_1_66' title='bbox 1412 1442 1517 1508; x_wconf 90' lang='lat' dir='ltr'><strong>nullus</strong></span> <span class='ocrx_word' id='word_1_67' title='bbox 1541 1441 1680 1526; x_wconf 90' lang='lat' dir='ltr'><strong>adulter,</strong></span> <span class='ocrx_word' id='word_1_68' title='bbox 1709 1443 1815 1509; x_wconf 92' lang='lat' dir='ltr'><strong>nullus</strong></span> 
     </span>
     <span class='ocr_line' id='line_1_10' title="bbox 641 1558 1816 1644; baseline 0 -20"><span class='ocrx_word' id='word_1_69' title='bbox 641 1559 812 1626; x_wconf 76' lang='lat' dir='ltr'><strong>fornicator</strong></span> <span class='ocrx_word' id='word_1_70' title='bbox 834 1579 959 1626; x_wconf 88' lang='lat' dir='ltr'><strong>sacrum</strong></span> <span class='ocrx_word' id='word_1_71' title='bbox 982 1559 1195 1626; x_wconf 88' lang='lat' dir='ltr'><strong>ministerium</strong></span> <span class='ocrx_word' id='word_1_72' title='bbox 1217 1559 1330 1626; x_wconf 88' lang='lat' dir='ltr'><strong>debeat</strong></span> <span class='ocrx_word' id='word_1_73' title='bbox 1352 1559 1538 1642; x_wconf 86' lang='lat' dir='ltr'><strong>obtrectare,</strong></span> <span class='ocrx_word' id='word_1_74' title='bbox 1562 1558 1616 1624; x_wconf 92' lang='lat' dir='ltr'><strong>sed</strong></span> <span class='ocrx_word' id='word_1_75' title='bbox 1640 1578 1745 1644; x_wconf 87' lang='lat' dir='ltr'><strong>neque</strong></span> <span class='ocrx_word' id='word_1_76' title='bbox 1762 1579 1816 1624; x_wconf 83' lang='lat' dir='ltr'><strong>ex·</strong></span> 
     </span>
     <span class='ocr_line' id='line_1_11' title="bbox 641 1674 1816 1761; baseline 0 -19"><span class='ocrx_word' id='word_1_77' title='bbox 641 1675 819 1761; x_wconf 77' lang='lat' dir='ltr'><strong>penitentes</strong></span> <span class='ocrx_word' id='word_1_78' title='bbox 842 1681 897 1742; x_wconf 91' lang='lat' dir='ltr'><strong>ant</strong></span> <span class='ocrx_word' id='word_1_79' title='bbox 918 1675 1002 1759; x_wconf 88' lang='lat' dir='ltr'><strong>talis,</strong></span> <span class='ocrx_word' id='word_1_80' title='bbox 1026 1675 1152 1760; x_wconf 88' lang='lat' dir='ltr'><strong>qualem</strong></span> <span class='ocrx_word' id='word_1_81' title='bbox 1174 1675 1256 1740; x_wconf 89' lang='lat' dir='ltr'><strong>sacri</strong></span> <span class='ocrx_word' id='word_1_82' title='bbox 1279 1693 1415 1742; x_wconf 86' lang='lat' dir='ltr'><strong>canones</strong></span> <span class='ocrx_word' id='word_1_83' title='bbox 1437 1674 1606 1760; x_wconf 90' lang='lat' dir='ltr'><strong>prohibent</strong></span> <span class='ocrx_word' id='word_1_84' title='bbox 1624 1695 1693 1742; x_wconf 90' lang='lat' dir='ltr'><strong>esse</strong></span> <span class='ocrx_word' id='word_1_85' title='bbox 1712 1695 1816 1742; x_wconf 89' lang='lat' dir='ltr'><strong>sacer·</strong></span> 
     </span>
     <span class='ocr_line' id='line_1_12' title="bbox 641 1787 1816 1878; baseline 0.001 -21"><span class='ocrx_word' id='word_1_86' title='bbox 641 1791 747 1857; x_wconf 90' lang='lat' dir='ltr'><strong>dotem</strong></span> <span class='ocrx_word' id='word_1_87' title='bbox 757 1787 774 1856; x_wconf 88' lang='lat'><strong>¹.</strong></span> <span class='ocrx_word' id='word_1_88' title='bbox 851 1791 901 1858; x_wconf 92' lang='lat' dir='ltr'><strong>De</strong></span> <span class='ocrx_word' id='word_1_89' title='bbox 923 1792 1093 1878; x_wconf 87' lang='lat' dir='ltr'><strong>baptizatis</strong></span> <span class='ocrx_word' id='word_1_90' title='bbox 1117 1811 1191 1856; x_wconf 87' lang='lat' dir='ltr'><strong>vero</strong></span> <span class='ocrx_word' id='word_1_91' title='bbox 1215 1790 1340 1858; x_wconf 88' lang='lat' dir='ltr'><strong>abillis</strong></span> <span class='ocrx_word' id='word_1_92' title='bbox 1363 1812 1420 1857; x_wconf 91' lang='lat' dir='ltr'><strong>seu</strong></span> <span class='ocrx_word' id='word_1_93' title='bbox 1442 1790 1601 1858; x_wconf 88' lang='lat' dir='ltr'><strong>aecclesiis</strong></span> <span class='ocrx_word' id='word_1_94' title='bbox 1623 1793 1816 1858; x_wconf 88' lang='lat' dir='ltr'><strong>consecratis</strong></span> 
     </span>
     <span class='ocr_line' id='line_1_13' title="bbox 640 1906 1817 1993; baseline 0.001 -19"><span class='ocrx_word' id='word_1_95' title='bbox 640 1907 783 1993; x_wconf 90' lang='lat' dir='ltr'><strong>requirat</strong></span> <span class='ocrx_word' id='word_1_96' title='bbox 810 1913 866 1974; x_wconf 92' lang='lat' dir='ltr'><strong>tna</strong></span> <span class='ocrx_word' id='word_1_97' title='bbox 893 1907 1090 1975; x_wconf 81' lang='lat' dir='ltr'><strong>fraternitas:</strong></span> <span class='ocrx_word' id='word_1_98' title='bbox 1121 1906 1149 1972; x_wconf 93' lang='lat' dir='ltr'><strong>si</strong></span> <span class='ocrx_word' id='word_1_99' title='bbox 1178 1911 1233 1973; x_wconf 91' lang='lat' dir='ltr'><strong>aut</strong></span> <span class='ocrx_word' id='word_1_100' title='bbox 1255 1906 1422 1974; x_wconf 87' lang='lat' dir='ltr'><strong>aecclesias</strong></span> <span class='ocrx_word' id='word_1_101' title='bbox 1444 1907 1479 1973; x_wconf 90' lang='lat' dir='ltr'><strong>in</strong></span> <span class='ocrx_word' id='word_1_102' title='bbox 1500 1907 1628 1974; x_wconf 91' lang='lat' dir='ltr'><strong>nomine</strong></span> <span class='ocrx_word' id='word_1_103' title='bbox 1650 1907 1817 1974; x_wconf 90' lang='lat' dir='ltr'><strong>Trinitatis</strong></span> 
     </span>
     <span class='ocr_line' id='line_1_14' title="bbox 641 2022 1817 2110; baseline 0 -20"><span class='ocrx_word' id='word_1_104' title='bbox 641 2025 837 2090; x_wconf 86' lang='lat' dir='ltr'><strong>consecravit</strong></span> <span class='ocrx_word' id='word_1_105' title='bbox 870 2030 925 2090; x_wconf 90' lang='lat' dir='ltr'><strong>ant</strong></span> <span class='ocrx_word' id='word_1_106' title='bbox 957 2022 1107 2110; x_wconf 88' lang='lat' dir='ltr'><strong>paruulos</strong></span> <span class='ocrx_word' id='word_1_107' title='bbox 1138 2022 1284 2090; x_wconf 89' lang='lat' dir='ltr'><strong>similiter</strong></span> <span class='ocrx_word' id='word_1_108' title='bbox 1311 2023 1501 2110; x_wconf 85' lang='lat' dir='ltr'><strong>baptizavit,</strong></span> <span class='ocrx_word' id='word_1_109' title='bbox 1536 2022 1611 2088; x_wconf 92' lang='lat' dir='ltr'><strong>dum</strong></span> <span class='ocrx_word' id='word_1_110' title='bbox 1639 2023 1817 2090; x_wconf 88' lang='lat' dir='ltr'><strong>sacerdotio</strong></span> 
     </span>
     <span class='ocr_line' id='line_1_15' title="bbox 640 2139 1817 2227; baseline -0.001 -20"><span class='ocrx_word' id='word_1_111' title='bbox 640 2140 839 2224; x_wconf 88' lang='lat' dir='ltr'><strong>fungebatur.</strong></span> <span class='ocrx_word' id='word_1_112' title='bbox 873 2139 918 2206; x_wconf 89' lang='lat' dir='ltr'><strong>Et</strong></span> <span class='ocrx_word' id='word_1_113' title='bbox 939 2140 985 2205; x_wconf 93' lang='lat' dir='ltr'><strong>sic</strong></span> <span class='ocrx_word' id='word_1_114' title='bbox 1007 2139 1201 2206; x_wconf 89' lang='lat' dir='ltr'><strong>consecratio</strong></span> <span class='ocrx_word' id='word_1_115' title='bbox 1223 2139 1444 2206; x_wconf 88' lang='lat' dir='ltr'><strong>aecclesiarum</strong></span> <span class='ocrx_word' id='word_1_116' title='bbox 1467 2144 1498 2206; x_wconf 90' lang='lat' dir='ltr'><strong>ot</strong></span> <span class='ocrx_word' id='word_1_117' title='bbox 1517 2139 1724 2226; x_wconf 83' lang='lat' dir='ltr'><strong>paruulorum</strong></span> <span class='ocrx_word' id='word_1_118' title='bbox 1738 2140 1817 2227; x_wconf 87' lang='lat' dir='ltr'><strong>bap-</strong></span> 
     </span>
     <span class='ocr_line' id='line_1_16' title="bbox 641 2254 1054 2322; baseline -0.005 0"><span class='ocrx_word' id='word_1_119' title='bbox 641 2256 739 2322; x_wconf 89' lang='lat' dir='ltr'><strong>tisma</strong></span> <span class='ocrx_word' id='word_1_120' title='bbox 761 2256 804 2322; x_wconf 89' lang='lat' dir='ltr'><strong>sit</strong></span> <span class='ocrx_word' id='word_1_121' title='bbox 825 2254 1054 2322; x_wconf 88' lang='lat' dir='ltr'><strong>confirmatum.</strong></span> 
     </span>
    </p>

    <p class='ocr_par' dir='ltr' id='par_1_4' title="bbox 642 2370 1822 3733">
     <span class='ocr_line' id='line_1_17' title="bbox 731 2370 1818 2458; baseline 0 -20"><span class='ocrx_word' id='word_1_122' title='bbox 731 2370 775 2438; x_wconf 85' lang='lat' dir='ltr'><strong>Et</strong></span> <span class='ocrx_word' id='word_1_123' title='bbox 800 2372 861 2438; x_wconf 91' lang='lat' dir='ltr'><strong>hoc</strong></span> <span class='ocrx_word' id='word_1_124' title='bbox 889 2372 1009 2456; x_wconf 86' lang='lat' dir='ltr'><strong>pariter</strong></span> <span class='ocrx_word' id='word_1_125' title='bbox 1036 2371 1236 2454; x_wconf 84' lang='lat' dir='ltr'><strong>suggessisti:</strong></span> <span class='ocrx_word' id='word_1_126' title='bbox 1268 2372 1351 2456; x_wconf 92' lang='lat' dir='ltr'><strong>qnod</strong></span> <span class='ocrx_word' id='word_1_127' title='bbox 1379 2371 1441 2457; x_wconf 93' lang='lat' dir='ltr'><strong>illi,</strong></span> <span class='ocrx_word' id='word_1_128' title='bbox 1472 2373 1526 2458; x_wconf 92' lang='lat' dir='ltr'><strong>qui</strong></span> <span class='ocrx_word' id='word_1_129' title='bbox 1555 2392 1575 2438; x_wconf 90' lang='lat' dir='ltr'><strong>a</strong></span> <span class='ocrx_word' id='word_1_130' title='bbox 1602 2371 1654 2440; x_wconf 78' lang='lat' dir='ltr'><strong>tel</strong></span> <span class='ocrx_word' id='word_1_131' title='bbox 1683 2372 1818 2458; x_wconf 88' lang='lat' dir='ltr'><strong>proiecti</strong></span> 
     </span>
     <span class='ocr_line' id='line_1_18' title="bbox 643 2487 1818 2575; baseline 0 -21"><span class='ocrx_word' id='word_1_132' title='bbox 643 2493 718 2554; x_wconf 92' lang='lat' dir='ltr'><strong>sunt</strong></span> <span class='ocrx_word' id='word_1_133' title='bbox 746 2488 940 2572; x_wconf 84' lang='lat' dir='ltr'><strong>sacerdotes,</strong></span> <span class='ocrx_word' id='word_1_134' title='bbox 968 2487 1100 2553; x_wconf 89' lang='lat' dir='ltr'><strong>anobis</strong></span> <span class='ocrx_word' id='word_1_135' title='bbox 1125 2487 1285 2554; x_wconf 89' lang='lat' dir='ltr'><strong>absolutos</strong></span> <span class='ocrx_word' id='word_1_136' title='bbox 1308 2509 1342 2555; x_wconf 92' lang='lat' dir='ltr'><strong>se</strong></span> <span class='ocrx_word' id='word_1_137' title='bbox 1365 2489 1449 2575; x_wconf 89' lang='lat' dir='ltr'><strong>apud</strong></span> <span class='ocrx_word' id='word_1_138' title='bbox 1471 2488 1666 2555; x_wconf 86' lang='lat' dir='ltr'><strong>Francorum</strong></span> <span class='ocrx_word' id='word_1_139' title='bbox 1687 2489 1818 2574; x_wconf 81' lang='lat' dir='ltr'><strong>prouin-</strong></span> 
     </span>
     <span class='ocr_line' id='line_1_19' title="bbox 642 2602 1818 2688; baseline -0.001 -17"><span class='ocrx_word' id='word_1_140' title='bbox 642 2605 724 2671; x_wconf 91' lang='lat' dir='ltr'><strong>ciam</strong></span> <span class='ocrx_word' id='word_1_141' title='bbox 747 2603 982 2688; x_wconf 82' lang='lat' dir='ltr'><strong>deuulgentur⁰.</strong></span> <span class='ocrx_word' id='word_1_142' title='bbox 1018 2602 1108 2681; x_wconf 81' lang='lat' dir='ltr'><strong>Quod</strong></span> <span class='ocrx_word' id='word_1_143' title='bbox 1130 2608 1186 2670; x_wconf 91' lang='lat' dir='ltr'><strong>tua</strong></span> <span class='ocrx_word' id='word_1_144' title='bbox 1208 2609 1317 2670; x_wconf 91' lang='lat' dir='ltr'><strong>sancta</strong></span> <span class='ocrx_word' id='word_1_145' title='bbox 1338 2605 1520 2672; x_wconf 85' lang='lat' dir='ltr'><strong>fraternitas</strong></span> <span class='ocrx_word' id='word_1_146' title='bbox 1538 2604 1734 2670; x_wconf 90' lang='lat' dir='ltr'><strong>nullomodo</strong></span> <span class='ocrx_word' id='word_1_147' title='bbox 1750 2624 1818 2671; x_wconf 90' lang='lat' dir='ltr'><strong>cre·</strong></span> 
     </span>
     <span class='ocr_line' id='line_1_20' title="bbox 643 2719 1820 2806; baseline 0.001 -20"><span class='ocrx_word' id='word_1_148' title='bbox 643 2720 713 2802; x_wconf 76' lang='lat' dir='ltr'><strong>dat:</strong></span> <span class='ocrx_word' id='word_1_149' title='bbox 745 2721 885 2806; x_wconf 88' lang='lat' dir='ltr'><strong>quia-</strong></span> <span class='ocrx_word' id='word_1_150' title='bbox 909 2719 992 2805; x_wconf 91' lang='lat' dir='ltr'><strong>qnod</strong></span> <span class='ocrx_word' id='word_1_151' title='bbox 1021 2720 1207 2806; x_wconf 90' lang='lat' dir='ltr'><strong>inpossibile</strong></span> <span class='ocrx_word' id='word_1_152' title='bbox 1236 2726 1347 2786; x_wconf 91' lang='lat' dir='ltr'><strong>est-</strong></span> <span class='ocrx_word' id='word_1_153' title='bbox 1374 2720 1402 2786; x_wconf 90' lang='lat' dir='ltr'><strong>si</strong></span> <span class='ocrx_word' id='word_1_154' title='bbox 1429 2721 1489 2786; x_wconf 94' lang='lat' dir='ltr'><strong>hoc</strong></span> <span class='ocrx_word' id='word_1_155' title='bbox 1514 2720 1714 2804; x_wconf 90' lang='lat' dir='ltr'><strong>fecissemus,</strong></span> <span class='ocrx_word' id='word_1_156' title='bbox 1744 2725 1820 2787; x_wconf 91' lang='lat' dir='ltr'><strong>tuae</strong></span> 
     </span>
     <span class='ocr_line' id='line_1_21' title="bbox 643 2835 1819 2924; baseline -0.001 -21"><span class='ocrx_word' id='word_1_157' title='bbox 643 2837 769 2903; x_wconf 61' lang='lat' dir='ltr'><strong>cariati</strong></span> <span class='ocrx_word' id='word_1_158' title='bbox 791 2857 849 2923; x_wconf 88' lang='lat' dir='ltr'><strong>per</strong></span> <span class='ocrx_word' id='word_1_159' title='bbox 871 2840 994 2902; x_wconf 76' lang='lat' dir='ltr'><strong>nosbas</strong></span> <span class='ocrx_word' id='word_1_160' title='bbox 1017 2837 1245 2903; x_wconf 86' lang='lat' dir='ltr'><strong>indicassemus</strong></span> <span class='ocrx_word' id='word_1_161' title='bbox 1268 2836 1400 2902; x_wconf 88' lang='lat' dir='ltr'><strong>litteras.</strong></span> <span class='ocrx_word' id='word_1_162' title='bbox 1437 2835 1499 2902; x_wconf 85' lang='lat' dir='ltr'><strong>Sed</strong></span> <span class='ocrx_word' id='word_1_163' title='bbox 1518 2836 1587 2920; x_wconf 94' lang='lat' dir='ltr'><strong>hoc,</strong></span> <span class='ocrx_word' id='word_1_164' title='bbox 1611 2835 1695 2921; x_wconf 89' lang='lat' dir='ltr'><strong>qnod</strong></span> <span class='ocrx_word' id='word_1_165' title='bbox 1709 2837 1819 2924; x_wconf 91' lang='lat' dir='ltr'><strong>inpos-</strong></span> 
     </span>
     <span class='ocr_line' id='line_1_22' title="bbox 643 2951 1821 3039; baseline -0.002 -19"><span class='ocrx_word' id='word_1_166' title='bbox 643 2953 736 3020; x_wconf 91' lang='lat' dir='ltr'><strong>sibile</strong></span> <span class='ocrx_word' id='word_1_167' title='bbox 765 2958 826 3037; x_wconf 89' lang='lat' dir='ltr'><strong>est,</strong></span> <span class='ocrx_word' id='word_1_168' title='bbox 856 2952 943 3018; x_wconf 90' lang='lat' dir='ltr'><strong>nullo</strong></span> <span class='ocrx_word' id='word_1_169' title='bbox 972 2953 1065 3019; x_wconf 93' lang='lat' dir='ltr'><strong>modo</strong></span> <span class='ocrx_word' id='word_1_170' title='bbox 1092 2954 1212 3020; x_wconf 88' lang='lat' dir='ltr'><strong>credas.</strong></span> <span class='ocrx_word' id='word_1_171' title='bbox 1247 2952 1328 3031; x_wconf 83' lang='lat' dir='ltr'><strong>Quia</strong></span> <span class='ocrx_word' id='word_1_172' title='bbox 1349 2973 1412 3019; x_wconf 90' lang='lat' dir='ltr'><strong>non</strong></span> <span class='ocrx_word' id='word_1_173' title='bbox 1436 2951 1521 3018; x_wconf 91' lang='lat' dir='ltr'><strong>aliud</strong></span> <span class='ocrx_word' id='word_1_174' title='bbox 1543 2951 1765 3039; x_wconf 87' lang='lat' dir='ltr'><strong>praedicamus</strong></span> <span class='ocrx_word' id='word_1_175' title='bbox 1788 2958 1821 3019; x_wconf 94' lang='lat' dir='ltr'><strong>et</strong></span> 
     </span>
     <span class='ocr_line' id='line_1_23' title="bbox 645 3067 1820 3154; baseline 0 -18"><span class='ocrx_word' id='word_1_176' title='bbox 645 3069 730 3136; x_wconf 89' lang='lat' dir='ltr'><strong>aliud</strong></span> <span class='ocrx_word' id='word_1_177' title='bbox 755 3070 877 3154; x_wconf 86' lang='lat' dir='ltr'><strong>agimus</strong></span> <span class='ocrx_word' id='word_1_178' title='bbox 901 3075 956 3135; x_wconf 93' lang='lat' dir='ltr'><strong>aut</strong></span> <span class='ocrx_word' id='word_1_179' title='bbox 978 3069 1155 3154; x_wconf 89' lang='lat' dir='ltr'><strong>dirigimus,</strong></span> <span class='ocrx_word' id='word_1_180' title='bbox 1178 3074 1214 3135; x_wconf 89' lang='lat' dir='ltr'><strong>ut</strong></span> <span class='ocrx_word' id='word_1_181' title='bbox 1235 3068 1282 3134; x_wconf 93' lang='lat' dir='ltr'><strong>illi</strong></span> <span class='ocrx_word' id='word_1_182' title='bbox 1305 3068 1463 3152; x_wconf 73' lang='lat' dir='ltr'><strong>garriunt:</strong></span> <span class='ocrx_word' id='word_1_183' title='bbox 1487 3068 1543 3135; x_wconf 92' lang='lat' dir='ltr'><strong>sed</strong></span> <span class='ocrx_word' id='word_1_184' title='bbox 1561 3067 1736 3135; x_wconf 84' lang='lat' dir='ltr'><strong>auxiliante</strong></span> <span class='ocrx_word' id='word_1_185' title='bbox 1750 3068 1820 3136; x_wconf 89' lang='lat' dir='ltr'><strong>Deo</strong></span> 
     </span>
     <span class='ocr_line' id='line_1_24' title="bbox 644 3185 1821 3272; baseline 0.001 -21"><span class='ocrx_word' id='word_1_186' title='bbox 644 3185 734 3269; x_wconf 94' lang='lat' dir='ltr'><strong>illud,</strong></span> <span class='ocrx_word' id='word_1_187' title='bbox 757 3186 842 3271; x_wconf 87' lang='lat' dir='ltr'><strong>quod</strong></span> <span class='ocrx_word' id='word_1_188' title='bbox 858 3186 1088 3272; x_wconf 87' lang='lat' dir='ltr'><strong>praedicamus,</strong></span> <span class='ocrx_word' id='word_1_189' title='bbox 1111 3185 1172 3250; x_wconf 88' lang='lat' dir='ltr'><strong>line</strong></span> <span class='ocrx_word' id='word_1_190' title='bbox 1187 3192 1279 3252; x_wconf 86' lang='lat' dir='ltr'><strong>tenus</strong></span> <span class='ocrx_word' id='word_1_191' title='bbox 1295 3185 1525 3252; x_wconf 89' lang='lat' dir='ltr'><strong>observandum</strong></span> <span class='ocrx_word' id='word_1_192' title='bbox 1541 3204 1715 3252; x_wconf 90' lang='lat' dir='ltr'><strong>censemus.</strong></span> <span class='ocrx_word' id='word_1_193' title='bbox 1750 3185 1821 3252; x_wconf 93' lang='lat' dir='ltr'><strong>Hoc</strong></span> 
     </span>
     <span class='ocr_line' id='line_1_25' title="bbox 645 3299 1822 3385; baseline 0.001 -18"><span class='ocrx_word' id='word_1_194' title='bbox 645 3307 751 3368; x_wconf 88' lang='lat' dir='ltr'><strong>autem</strong></span> <span class='ocrx_word' id='word_1_195' title='bbox 774 3302 974 3368; x_wconf 89' lang='lat' dir='ltr'><strong>sanctitatem</strong></span> <span class='ocrx_word' id='word_1_196' title='bbox 995 3308 1099 3385; x_wconf 90' lang='lat' dir='ltr'><strong>tuam,</strong></span> <span class='ocrx_word' id='word_1_197' title='bbox 1123 3299 1302 3368; x_wconf 86' lang='lat' dir='ltr'><strong>firmissime</strong></span> <span class='ocrx_word' id='word_1_198' title='bbox 1324 3307 1361 3368; x_wconf 90' lang='lat' dir='ltr'><strong>ut</strong></span> <span class='ocrx_word' id='word_1_199' title='bbox 1382 3307 1506 3385; x_wconf 88' lang='lat' dir='ltr'><strong>teneas,</strong></span> <span class='ocrx_word' id='word_1_200' title='bbox 1528 3301 1693 3366; x_wconf 89' lang='lat' dir='ltr'><strong>hortamur</strong></span> <span class='ocrx_word' id='word_1_201' title='bbox 1716 3337 1759 3346; x_wconf 96' lang='lat'>—</span> <span class='ocrx_word' id='word_1_202' title='bbox 1785 3307 1822 3368; x_wconf 93' lang='lat' dir='ltr'><strong>nt</strong></span> 
     </span>
     <span class='ocr_line' id='line_1_26' title="bbox 645 3417 1822 3503; baseline 0.001 -20"><span class='ocrx_word' id='word_1_203' title='bbox 645 3423 824 3484; x_wconf 91' lang='lat' dir='ltr'><strong>sanctorum</strong></span> <span class='ocrx_word' id='word_1_204' title='bbox 863 3424 988 3503; x_wconf 88' lang='lat' dir='ltr'><strong>patrum</strong></span> <span class='ocrx_word' id='word_1_205' title='bbox 1023 3417 1178 3483; x_wconf 90' lang='lat' dir='ltr'><strong>institutis</strong></span> <span class='ocrx_word' id='word_1_206' title='bbox 1213 3423 1245 3484; x_wconf 93' lang='lat' dir='ltr'><strong>ct</strong></span> <span class='ocrx_word' id='word_1_207' title='bbox 1277 3417 1431 3484; x_wconf 88' lang='lat' dir='ltr'><strong>consultis</strong></span> <span class='ocrx_word' id='word_1_208' title='bbox 1465 3437 1627 3484; x_wconf 89' lang='lat' dir='ltr'><strong>sacrorum</strong></span> <span class='ocrx_word' id='word_1_209' title='bbox 1660 3437 1822 3484; x_wconf 88' lang='lat' dir='ltr'><strong>canonum</strong></span> 
     </span>
     <span class='ocr_line' id='line_1_27' title="bbox 645 3532 1822 3620; baseline 0.002 -20"><span class='ocrx_word' id='word_1_210' title='bbox 645 3533 824 3600; x_wconf 91' lang='lat' dir='ltr'><strong>omnimodo</strong></span> <span class='ocrx_word' id='word_1_211' title='bbox 853 3535 979 3618; x_wconf 90' lang='lat' dir='ltr'><strong>assequi</strong></span> <span class='ocrx_word' id='word_1_212' title='bbox 1006 3533 1120 3600; x_wconf 85' lang='lat' dir='ltr'><strong>debeas</strong></span> <span class='ocrx_word' id='word_1_213' title='bbox 1145 3555 1202 3598; x_wconf 77' lang='grc' dir='ltr'>-ι</span> <span class='ocrx_word' id='word_1_214' title='bbox 1236 3533 1310 3618; x_wconf 92' lang='lat' dir='ltr'><strong>qnia</strong></span> <span class='ocrx_word' id='word_1_215' title='bbox 1335 3553 1392 3600; x_wconf 90' lang='lat' dir='ltr'><strong>nos</strong></span> <span class='ocrx_word' id='word_1_216' title='bbox 1415 3533 1593 3600; x_wconf 89' lang='lat' dir='ltr'><strong>nullatenus</strong></span> <span class='ocrx_word' id='word_1_217' title='bbox 1617 3532 1703 3600; x_wconf 87' lang='lat' dir='ltr'><strong>aliud</strong></span> <span class='ocrx_word' id='word_1_218' title='bbox 1725 3555 1822 3620; x_wconf 90' lang='lat' dir='ltr'><strong>prae·</strong></span> 
     </span>
     <span class='ocr_line' id='line_1_28' title="bbox 645 3649 1128 3733; baseline -0.004 -17"><span class='ocrx_word' id='word_1_219' title='bbox 645 3650 787 3717; x_wconf 91' lang='lat' dir='ltr'><strong>dicamus</strong></span> <span class='ocrx_word' id='word_1_220' title='bbox 810 3655 866 3717; x_wconf 90' lang='lat' dir='ltr'><strong>aut</strong></span> <span class='ocrx_word' id='word_1_221' title='bbox 888 3649 973 3716; x_wconf 90' lang='lat' dir='ltr'><strong>aliud</strong></span> <span class='ocrx_word' id='word_1_222' title='bbox 996 3651 1128 3733; x_wconf 89' lang='lat' dir='ltr'><strong>agimus.</strong></span> 
     </span>
    </p>

    <p class='ocr_par' dir='ltr' id='par_1_5' title="bbox 733 3764 1822 3852">
     <span class='ocr_line' id='line_1_29' title="bbox 733 3764 1822 3852; baseline 0 -19"><span class='ocrx_word' id='word_1_223' title='bbox 733 3766 816 3833; x_wconf 88' lang='lat' dir='ltr'><strong>Nam</strong></span> <span class='ocrx_word' id='word_1_224' title='bbox 840 3766 879 3834; x_wconf 91' lang='lat' dir='ltr'><strong>de</strong></span> <span class='ocrx_word' id='word_1_225' title='bbox 902 3787 939 3834; x_wconf 94' lang='lat' dir='ltr'><strong>eo</strong></span> <span class='ocrx_word' id='word_1_226' title='bbox 963 3766 1046 3851; x_wconf 89' lang='lat' dir='ltr'><strong>quod</strong></span> <span class='ocrx_word' id='word_1_227' title='bbox 1063 3765 1245 3850; x_wconf 89' lang='lat' dir='ltr'><strong>obsecrasti,</strong></span> <span class='ocrx_word' id='word_1_228' title='bbox 1269 3770 1306 3830; x_wconf 91' lang='lat' dir='ltr'><strong>ut</strong></span> <span class='ocrx_word' id='word_1_229' title='bbox 1319 3764 1513 3832; x_wconf 86' lang='lat' dir='ltr'><strong>Francorum</strong></span> <span class='ocrx_word' id='word_1_230' title='bbox 1528 3764 1725 3852; x_wconf 91' lang='lat' dir='ltr'><strong>principibus</strong></span> <span class='ocrx_word' id='word_1_231' title='bbox 1741 3767 1822 3833; x_wconf 89' lang='lat' dir='ltr'><strong>scri-</strong></span> 
     </span>
    </p>
   </div>
   <div class='ocr_carea' id='block_1_4' title="bbox 645 3880 1824 4667">
    <p class='ocr_par' dir='ltr' id='par_1_6' title="bbox 645 3880 1822 4184">
     <span class='ocr_line' id='line_1_30' title="bbox 645 3880 1822 3970; baseline -0.001 -19"><span class='ocrx_word' id='word_1_232' title='bbox 645 3883 790 3952; x_wconf 93' lang='lat' dir='ltr'><strong>beremus</strong></span> <span class='ocrx_word' id='word_1_233' title='bbox 812 3882 863 3950; x_wconf 87' lang='lat' dir='ltr'><strong>vel</strong></span> <span class='ocrx_word' id='word_1_234' title='bbox 885 3883 998 3949; x_wconf 91' lang='lat' dir='ltr'><strong>ceteris</strong></span> <span class='ocrx_word' id='word_1_235' title='bbox 1021 3882 1166 3966; x_wconf 89' lang='lat' dir='ltr'><strong>Francis,</strong></span> <span class='ocrx_word' id='word_1_236' title='bbox 1190 3887 1225 3948; x_wconf 92' lang='lat' dir='ltr'><strong>ut</strong></span> <span class='ocrx_word' id='word_1_237' title='bbox 1246 3881 1370 3968; x_wconf 88' lang='lat' dir='ltr'><strong>petisti,</strong></span> <span class='ocrx_word' id='word_1_238' title='bbox 1394 3883 1440 3948; x_wconf 91' lang='lat' dir='ltr'><strong>eis</strong></span> <span class='ocrx_word' id='word_1_239' title='bbox 1462 3903 1520 3968; x_wconf 91' lang='lat' dir='ltr'><strong>per</strong></span> <span class='ocrx_word' id='word_1_240' title='bbox 1542 3880 1667 3966; x_wconf 88' lang='lat' dir='ltr'><strong>singula</strong></span> <span class='ocrx_word' id='word_1_241' title='bbox 1688 3883 1822 3970; x_wconf 87' lang='lat' dir='ltr'><strong>scripsi·</strong></span> 
     </span>
     <span class='ocr_line' id='line_1_31' title="bbox 645 3997 1822 4084; baseline 0 -18"><span class='ocrx_word' id='word_1_242' title='bbox 645 4021 732 4067; x_wconf 90' lang='lat' dir='ltr'><strong>mus:</strong></span> <span class='ocrx_word' id='word_1_243' title='bbox 760 4005 797 4066; x_wconf 92' lang='lat' dir='ltr'><strong>nt</strong></span> <span class='ocrx_word' id='word_1_244' title='bbox 823 4000 882 4066; x_wconf 91' lang='lat' dir='ltr'><strong>tibi</strong></span> <span class='ocrx_word' id='word_1_245' title='bbox 910 4005 942 4066; x_wconf 89' lang='lat' dir='ltr'><strong>et</strong></span> <span class='ocrx_word' id='word_1_246' title='bbox 971 3999 1063 4066; x_wconf 91' lang='lat' dir='ltr'><strong>amici</strong></span> <span class='ocrx_word' id='word_1_247' title='bbox 1087 3999 1152 4064; x_wconf 91' lang='lat' dir='ltr'><strong>sint</strong></span> <span class='ocrx_word' id='word_1_248' title='bbox 1173 4003 1206 4065; x_wconf 91' lang='lat' dir='ltr'><strong>et</strong></span> <span class='ocrx_word' id='word_1_249' title='bbox 1228 3997 1386 4064; x_wconf 90' lang='lat' dir='ltr'><strong>adiutores</strong></span> <span class='ocrx_word' id='word_1_250' title='bbox 1409 3998 1443 4064; x_wconf 92' lang='lat' dir='ltr'><strong>in</strong></span> <span class='ocrx_word' id='word_1_251' title='bbox 1465 3998 1622 4065; x_wconf 93' lang='lat' dir='ltr'><strong>dominico</strong></span> <span class='ocrx_word' id='word_1_252' title='bbox 1645 4018 1740 4084; x_wconf 90' lang='lat' dir='ltr'><strong>opere</strong></span> <span class='ocrx_word' id='word_1_253' title='bbox 1765 4019 1822 4066; x_wconf 88' lang='lat' dir='ltr'><strong>ex-</strong></span> 
     </span>
     <span class='ocr_line' id='line_1_32' title="bbox 645 4117 752 4184; baseline -0.009 -2"><span class='ocrx_word' id='word_1_254' title='bbox 645 4117 752 4184; x_wconf 85' lang='lat' dir='ltr'><strong>istaut.</strong></span> 
     </span>
    </p>

    <p class='ocr_par' dir='ltr' id='par_1_7' title="bbox 647 4229 1824 4667">
     <span class='ocr_line' id='line_1_33' title="bbox 735 4229 1823 4318; baseline 0 -19"><span class='ocrx_word' id='word_1_255' title='bbox 735 4232 785 4299; x_wconf 92' lang='lat' dir='ltr'><strong>De</strong></span> <span class='ocrx_word' id='word_1_256' title='bbox 807 4251 903 4298; x_wconf 90' lang='lat' dir='ltr'><strong>censu</strong></span> <span class='ocrx_word' id='word_1_257' title='bbox 925 4251 1000 4298; x_wconf 84' lang='lat' dir='ltr'><strong>uero</strong></span> <span class='ocrx_word' id='word_1_258' title='bbox 1024 4230 1211 4318; x_wconf 86' lang='lat' dir='ltr'><strong>expetendo,</strong></span> <span class='ocrx_word' id='word_1_259' title='bbox 1235 4251 1271 4296; x_wconf 92' lang='lat' dir='ltr'><strong>co</strong></span> <span class='ocrx_word' id='word_1_260' title='bbox 1295 4230 1378 4314; x_wconf 91' lang='lat' dir='ltr'><strong>quod</strong></span> <span class='ocrx_word' id='word_1_261' title='bbox 1400 4231 1572 4316; x_wconf 89' lang='lat' dir='ltr'><strong>impetrare</strong></span> <span class='ocrx_word' id='word_1_262' title='bbox 1595 4229 1760 4297; x_wconf 91' lang='lat' dir='ltr'><strong>aFrancis</strong></span> <span class='ocrx_word' id='word_1_263' title='bbox 1780 4233 1823 4299; x_wconf 89' lang='lat' dir='ltr'><strong>ad</strong></span> 
     </span>
     <span class='ocr_line' id='line_1_34' title="bbox 648 4347 1823 4432; baseline -0.001 -17"><span class='ocrx_word' id='word_1_264' title='bbox 648 4349 842 4416; x_wconf 91' lang='lat' dir='ltr'><strong>reddendum</strong></span> <span class='ocrx_word' id='word_1_265' title='bbox 866 4347 1024 4414; x_wconf 86' lang='lat' dir='ltr'><strong>aecclesiis</strong></span> <span class='ocrx_word' id='word_1_266' title='bbox 1047 4347 1099 4414; x_wconf 89' lang='lat' dir='ltr'><strong>uel</strong></span> <span class='ocrx_word' id='word_1_267' title='bbox 1120 4347 1321 4414; x_wconf 90' lang='lat' dir='ltr'><strong>monasteriis</strong></span> <span class='ocrx_word' id='word_1_268' title='bbox 1344 4367 1408 4412; x_wconf 91' lang='lat' dir='ltr'><strong>non</strong></span> <span class='ocrx_word' id='word_1_269' title='bbox 1432 4347 1581 4432; x_wconf 91' lang='lat' dir='ltr'><strong>potuisti,</strong></span> <span class='ocrx_word' id='word_1_270' title='bbox 1609 4367 1704 4432; x_wconf 89' lang='lat' dir='ltr'><strong>quam</strong></span> <span class='ocrx_word' id='word_1_271' title='bbox 1727 4352 1764 4412; x_wconf 93' lang='lat' dir='ltr'><strong>ut</strong></span> <span class='ocrx_word' id='word_1_272' title='bbox 1787 4349 1823 4414; x_wconf 92' lang='lat' dir='ltr'><strong>in</strong></span> 
     </span>
     <span class='ocr_line' id='line_1_35' title="bbox 647 4463 1822 4550; baseline -0.001 -19"><span class='ocrx_word' id='word_1_273' title='bbox 647 4470 789 4532; x_wconf 86' lang='lat' dir='ltr'><strong>vertente</strong></span> <span class='ocrx_word' id='word_1_274' title='bbox 812 4484 893 4531; x_wconf 90' lang='lat' dir='ltr'><strong>anno</strong></span> <span class='ocrx_word' id='word_1_275' title='bbox 918 4463 957 4529; x_wconf 87' lang='lat' dir='ltr'><strong>ab</strong></span> <span class='ocrx_word' id='word_1_276' title='bbox 979 4485 1167 4550; x_wconf 90' lang='lat' dir='ltr'><strong>unoquoque</strong></span> <span class='ocrx_word' id='word_1_277' title='bbox 1190 4464 1335 4547; x_wconf 91' lang='lat' dir='ltr'><strong>coningio</strong></span> <span class='ocrx_word' id='word_1_278' title='bbox 1359 4483 1521 4530; x_wconf 85' lang='lat' dir='ltr'><strong>seruorum</strong></span> <span class='ocrx_word' id='word_1_279' title='bbox 1547 4465 1587 4549; x_wconf 84' lang='lat'><strong>12</strong></span> <span class='ocrx_word' id='word_1_280' title='bbox 1610 4463 1733 4530; x_wconf 91' lang='lat' dir='ltr'><strong>denarii</strong></span> <span class='ocrx_word' id='word_1_281' title='bbox 1748 4465 1822 4530; x_wconf 90' lang='lat' dir='ltr'><strong>red·</strong></span> 
     </span>
     <span class='ocr_line' id='line_1_36' title="bbox 649 4579 1824 4667; baseline 0.001 -20"><span class='ocrx_word' id='word_1_282' title='bbox 649 4581 778 4663; x_wconf 72' lang='lat' dir='ltr'><strong>dantur:</strong></span> <span class='ocrx_word' id='word_1_283' title='bbox 808 4585 840 4646; x_wconf 91' lang='lat' dir='ltr'><strong>et</strong></span> <span class='ocrx_word' id='word_1_284' title='bbox 860 4579 920 4646; x_wconf 94' lang='lat' dir='ltr'><strong>hoc</strong></span> <span class='ocrx_word' id='word_1_285' title='bbox 942 4580 1060 4664; x_wconf 85' lang='lat' dir='ltr'><strong>gratias</strong></span> <span class='ocrx_word' id='word_1_286' title='bbox 1082 4579 1167 4664; x_wconf 91' lang='lat' dir='ltr'><strong>Deo,</strong></span> <span class='ocrx_word' id='word_1_287' title='bbox 1196 4581 1271 4666; x_wconf 89' lang='lat' dir='ltr'><strong>quia</strong></span> <span class='ocrx_word' id='word_1_288' title='bbox 1293 4580 1352 4646; x_wconf 91' lang='lat' dir='ltr'><strong>hoc</strong></span> <span class='ocrx_word' id='word_1_289' title='bbox 1373 4580 1505 4666; x_wconf 91' lang='lat' dir='ltr'><strong>potuisti</strong></span> <span class='ocrx_word' id='word_1_290' title='bbox 1527 4580 1698 4667; x_wconf 91' lang='lat' dir='ltr'><strong>impetrare</strong></span> <span class='ocrx_word' id='word_1_291' title='bbox 1722 4615 1763 4626; x_wconf 95' lang='grc'><strong>-</strong></span> <span class='ocrx_word' id='word_1_292' title='bbox 1790 4587 1824 4648; x_wconf 94' lang='lat' dir='ltr'><strong>et</strong></span> 
     </span>
    </p>
   </div>
   <div class='ocr_carea' id='block_1_5' title="bbox 721 4721 1781 4897">
    <p class='ocr_par' dir='ltr' id='par_1_8' title="bbox 721 4721 1781 4897">
     <span class='ocr_line' id='line_1_37' title="bbox 722 4721 1781 4782; baseline -0.001 -13"><span class='ocrx_word' id='word_1_293' title='bbox 722 4737 743 4769; x_wconf 74' lang='lat' dir='ltr'><strong>a</strong></span> <span class='ocrx_word' id='word_1_294' title='bbox 763 4722 825 4782; x_wconf 89' lang='lat' dir='ltr'><strong>quod</strong></span> <span class='ocrx_word' id='word_1_295' title='bbox 840 4740 897 4768; x_wconf 76' lang='lat' dir='ltr'><strong>corr.</strong></span> <span class='ocrx_word' id='word_1_296' title='bbox 913 4725 935 4768; x_wconf 78' lang='lat' dir='ltr'><strong>ia</strong></span> <span class='ocrx_word' id='word_1_297' title='bbox 952 4725 1008 4782; x_wconf 88' lang='lat' dir='ltr'><strong>quot</strong></span> <span class='ocrx_word' id='word_1_298' title='bbox 1024 4725 1050 4771; x_wconf 81' lang='lat' dir='ltr'><strong>C.</strong></span> <span class='ocrx_word' id='word_1_299' title='bbox 1127 4722 1150 4770; x_wconf 91' lang='lat' dir='ltr'><strong>b.</strong></span> <span class='ocrx_word' id='word_1_300' title='bbox 1171 4725 1223 4770; x_wconf 81' lang='lat' dir='ltr'><strong>ante</strong></span> <span class='ocrx_word' id='word_1_301' title='bbox 1242 4727 1274 4776; x_wconf 83' lang='grc' dir='ltr'><strong>Μ,</strong></span> <span class='ocrx_word' id='word_1_302' title='bbox 1291 4723 1343 4768; x_wconf 79' lang='lat' dir='ltr'><strong>ate</strong></span> <span class='ocrx_word' id='word_1_303' title='bbox 1360 4725 1386 4770; x_wconf 78' lang='lat' dir='ltr'><strong>c.</strong></span> <span class='ocrx_word' id='word_1_304' title='bbox 1465 4735 1484 4768; x_wconf 92' lang='lat' dir='ltr'><strong>c.</strong></span> <span class='ocrx_word' id='word_1_305' title='bbox 1506 4739 1564 4768; x_wconf 78' lang='lat' dir='ltr'><strong>corr.</strong></span> <span class='ocrx_word' id='word_1_306' title='bbox 1580 4725 1603 4769; x_wconf 66' lang='grc' dir='ltr'><strong>ιη</strong></span> <span class='ocrx_word' id='word_1_307' title='bbox 1619 4721 1737 4780; x_wconf 81' lang='lat' dir='ltr'><strong>divulgent</strong></span> <span class='ocrx_word' id='word_1_308' title='bbox 1754 4724 1781 4769; x_wconf 85' lang='lat' dir='ltr'><strong>C.</strong></span> 
     </span>
     <span class='ocr_line' id='line_1_38' title="bbox 721 4827 1127 4897; baseline -0.007 -13"><span class='ocrx_word' id='word_1_309' title='bbox 721 4828 746 4884; x_wconf 90' lang='lat'><strong>1.</strong></span> <span class='ocrx_word' id='word_1_310' title='bbox 763 4827 798 4883; x_wconf 87' lang='lat' dir='ltr'><strong>V.</strong></span> <span class='ocrx_word' id='word_1_311' title='bbox 817 4842 860 4897; x_wconf 85' lang='lat' dir='ltr'><strong>ep.</strong></span> <span class='ocrx_word' id='word_1_312' title='bbox 872 4828 908 4882; x_wconf 80' lang='lat'><strong>43</strong></span> <span class='ocrx_word' id='word_1_313' title='bbox 925 4842 1010 4897; x_wconf 86' lang='lat' dir='ltr'><strong>supra</strong></span> <span class='ocrx_word' id='word_1_314' title='bbox 1025 4843 1053 4896; x_wconf 95' lang='lat' dir='ltr'><strong>p.</strong></span> <span class='ocrx_word' id='word_1_315' title='bbox 1068 4827 1127 4882; x_wconf 78' lang='lat'><strong>121.</strong></span> 
     </span>
    </p>
   </div>
   <div class='ocr_carea' id='block_1_6' title="bbox 0 0 2187 6034">
    <p class='ocr_par' dir='ltr' id='par_1_9' title="bbox 0 0 2187 6034">
     <span class='ocr_line' id='line_1_39' title="bbox 0 0 2187 6034; baseline 0 0"><span class='ocrx_word' id='word_1_316' title='bbox 0 0 2187 6034; x_wconf 95' lang='lat' dir='ltr'><strong> </strong></span> 
     </span>
    </p>
   </div>
  </div>
 </body>
</html>
