4342 6034
605 799 632 848 e.
647 799 825 848 domurn
845 800 891 847 nu
912 801 1015 849 noum
1036 801 1224 850 arreuonnn
1254 801 1285 848 m
1467 785 1531 852 115

364 941 516 1008 iudicare·
537 959 603 1006 non
625 940 829 1025 dedignetur,
851 948 889 1008 ut
910 943 1080 1011 aecclesiae
1103 942 1318 1010 sacerdotibus
1340 943 1391 1010 vol
1413 943 1530 1030 populo
1600 949 1653 1004 ‘142

363 1056 529 1123 ohmetiano
552 1057 627 1124 inde
648 1057 799 1126 eoandala
820 1062 853 1125 et
873 1058 1025 1126 edomata
1046 1058 1097 1126 vel
1118 1059 1194 1126 novi
1209 1077 1332 1126 errores
1347 1079 1411 1125 non
1427 1059 1532 1126 orian-
1550 1022 1700 1070 ¹⁸¹¹''Mm

362 1179 411 1238 tur
432 1178 466 1239 et
485 1178 698 1240 uonureeoant

443 1287 489 1356 Et
510 1289 567 1375 qui
588 1288 730 1356 carnales
757 1289 916 1373 heminae,
944 1289 1078 1374 idiotae,
1109 1289 1279 1356 Alamanni
1302 1290 1353 1357 vel
1375 1289 1531 1357 Baioariil

362 1404 408 1471 vel
434 1403 567 1490 uranei,
598 1405 626 1472 ei
653 1405 745 1472 iuxta
772 1403 948 1472 Romanam
974 1405 1087 1473 urbem
1116 1407 1236 1492 aliquid
1264 1407 1368 1474 fauere
1395 1407 1534 1474 viderint

361 1541 397 1588 ur
423 1520 473 1587 hia
502 1522 655 1608 peooatie,
689 1541 771 1608 quae
796 1541 855 1588 noe
882 1521 1103 1608 prohibemus,
1139 1521 1260 1590 lioitum
1290 1529 1323 1591 at
1350 1541 1532 1590 oonoeaenm

361 1657 379 1702 a
408 1637 626 1704 eaoordotibue
657 1659 726 1705 aeae
759 1643 888 1725 putant,
927 1643 961 1705 et
992 1637 1084 1705 nobie
1118 1641 1335 1726 inproperium
1370 1639 1532 1725 deputant,

360 1751 416 1820 eibi
449 1754 636 1821 eoandalnm
663 1755 749 1821 vitae
780 1754 948 1841 aouipiunt
995 1753 1085 1821 Siout
1113 1755 1315 1822 adfirmant:
1353 1775 1387 1822 ee
1416 1755 1534 1822 vidisse

360 1871 446 1937 annia
468 1870 606 1954 singulis
627 1871 662 1936 in
684 1870 827 1938 Romma
847 1871 926 1938 urba
949 1875 982 1937 et
1002 1871 1094 1938 iuxta
1116 1871 1301 1939 aeuoleeiam
1323 1871 1424 1938 eanoti
1446 1870 1533 1938 Petri

359 1987 463 2054 indie
483 1987 539 2054 vel
559 1992 667 2072 noete,
696 1987 822 2073 quando
844 1985 985 2054 Kalande
1007 1986 1146 2054 Ianuarii
1168 1989 1306 2072 intrant,
1337 2005 1534 2074 paganorum

359 2103 585 2171 consuetudine
605 2104 738 2171 ohorua⁴
760 2103 875 2170 duoare
896 2123 956 2190 per
977 2102 1117 2190 plateas,
1147 2111 1179 2171 et
1201 2103 1446 2172 adclamationes
1469 2103 1534 2170 ritu

358 2217 523 2304 gentilium
551 2225 585 2287 et
610 2221 823 2288 eantationee·
851 2219 1020 2304 aaorilegaa
1050 2219 1225 2304 delatrare,
1263 2225 1295 2287 et
1322 2239 1449 2287 menaea
1477 2217 1533 2285 illa

359 2335 407 2402 die
438 2336 493 2404 vel
528 2341 621 2403 noete
654 2335 788 2423 dapibus
817 2355 964 2421 onerare,
999 2341 1033 2404 at
1058 2335 1181 2402 nullum
1210 2335 1371 2404 dedomo
1399 2333 1535 2402 euanel

358 2452 460 2536 ignem
481 2451 538 2519 vel
559 2451 787 2519 ferramentum
809 2453 860 2519 vel
888 2453 1005 2537 aliquid
1035 2453 1193 2520 oommodi
1222 2453 1334 2521 vieino'
1355 2471 1412 2518 auo
1441 2471 1534 2538 prae-

360 2571 439 2636 etare
459 2567 555 2636 velle
590 2567 710 2634 Dicunt
731 2587 870 2654 quoque:
894 2589 930 2636 eo
951 2567 1070 2635 vidisse
1092 2569 1138 2636 ibi
1160 2568 1309 2636 mulieres
1329 2587 1454 2654 pagano
1470 2567 1534 2634 ritu

361 2682 509 2753 filaeteuia
532 2689 566 2751 et
586 2683 739 2769 ligaturae
762 2690 796 2752 et
816 2685 850 2750 in
872 2683 1011 2751 braohiie
1033 2688 1066 2751 et
1087 2684 1205 2751 omris‘
1228 2683 1342 2768 ligatae
1365 2683 1482 2750 habere
1502 2689 1535 2750 et

361 2800 480 2888 publice
515 2800 783 2868 adtendendum
810 2800 939 2868 venulae
967 2801 1008 2867 ad
1038 2800 1277 2887 oonparandum
1308 2799 1379 2866 aliie
1409 2798 1532 2868 offerre.

361 2915 442 2995 Quae
463 2917 584 3001 omnia,
607 2936 644 2984 eo
666 2915 819 3002 quodibi
841 2937 862 2983 a
882 2915 1062 2984 oamallbue
1084 2921 1117 2983 at
1139 2909 1362 3002 insipientibus
1376 2915 1533 3001 videntur,

361 3033 447 3101 nobie
474 3033 530 3100 hio
556 3033 775 3120 inproperium
803 3037 836 3099 et
861 3032 1115 3120 inpedimentum
1136 3031 1382 3118 praedicationis
1405 3037 1437 3099 et
1460 3031 1535 3099 doo-

361 3151 459 3218 trinae
486 3147 665 3238 porlioiunt
710 3148 760 3215 De
786 3149 903 3216 talibus
934 3150 980 3216 ait
1007 3148 1169 3235 apostolus
1197 3149 1381 3234 increpans:
1419 3150 1535 3216 Diem⁸

363 3268 529 3334 damam
553 3280 584 3334 ot
604 3279 764 3354 teotporo5
785 3269 888 3346 timo,
912 3287 953 3331 aa
973 3269 1042 3332 aiae
1063 3289 1162 3332 ouoeo
1185 3266 1395 3332 loborooeou'm
1417 3269 1453 3331 in
1475 3289 1534 3332 oo-

363 3379 431 3450 ba'e'.
468 3383 514 3451 Et
537 3387 665 3450 saudim
686 3381 884 3465 Augustinus
906 3379 1004 3447 dixit:
1033 3382 1122 3448 Nam
1145 3385 1202 3469 qui
1224 3381 1334 3448 dictio*
1357 3383 1469 3464 molta,
1500 3385 1536 3448 ld

363 3515 404 3565 eat
422 3503 532 3567 caroea
555 3513 585 3565 et
605 3501 723 3565 divione
746 3512 776 3565 et
797 3499 996 3585 oraapioibua
1018 3499 1069 3564 vel
1082 3499 1250 3582 fidae-torale
1267 3511 1296 3564 et
1310 3499 1384 3564 aliia
1402 3499 1533 3585 quibua·

363 3615 431 3682 luo
451 3619 600 3703 adporto
622 3617 800 3697 aeduum,
825 3617 885 3680 eoa·
904 3615 1037 3695 launo,
1068 3617 1127 3681 eoi
1155 3627 1237 3695 oro,
1270 3617 1327 3680 eoi
1353 3617 1469 3700 iupiter
1493 3617 1538 3680 od

363 3733 546 3800 melodiam
568 3745 685 3812 morat,
710 3735 770 3797 otei
791 3733 899 3818 lorpua
922 3731 1123 3818 elpoaoainoa'
1137 3731 1257 3816 furiat,
1283 3733 1341 3796 etei
1363 3753 1535 3818 corpoaou·

364 3849 424 3914 lom
450 3871 547 3916 auam
573 3851 609 3914 a'n
637 3851 725 3914 ommi
756 3849 934 3934 adflictione
961 3849 1164 3928 mamaeae-it,
1200 3847 1283 3911 aiud
1317 3847 1347 3911 ιη’
1375 3847 1534 3932 proderit,

364 3969 514 4051 paonadiu
540 3965 709 4052 aoomlepio
733 3963 793 4029 illu
814 3986 880 4029 aon
901 3957 1131 4050 relinquerat&
1178 3961 1262 4028 Nam
1284 3963 1311 4026 si
1334 3959 1412 4027 istae
1435 3979 1535 4047 paga·

362 4081 428 4148 niae
454 4081 502 4148 ibi
524 4080 701 4168 patomitue
723 4084 830 4146 vestra
851 4079 886 4144 in
907 4077 1050 4144 Romana
1071 4077 1151 4146 urbe
1173 4075 1380 4166 prohibuerit,
1405 4081 1437 4143 et
1460 4075 1535 4144 eibi¹

363 4198 538 4265 mercedem
566 4202 599 4264 et
626 4195 717 4264 nobie
745 4194 921 4262 maximum
943 4195 1121 4280 profectum
1144 4195 1178 4260 in
1201 4193 1346 4261 doctrina
1368 4191 1535 4260 ueooleaia·

365 4311 439 4380 ouon
458 4310 655 4400 profluent!

431 4461 452 4493 ι.
474 4464 533 4494 corr.
550 4450 574 4493 leo
588 4445 690 4494 indiam
706 4449 733 4494 C.
798 4445 822 4492 b.
842 4445 949 4503 Buguarii
966 4447 992 4494 C.
1060 4457 1080 4491 u.
1103 4461 1159 4490 corr.
1176 4447 1199 4490 e'u
1215 4443 1328 4490 affirmant
1344 4446 1370 4491 C.
1434 4441 1456 4489 (l.
1478 4459 1535 4489 corr.

366 4525 481 4574 annom
497 4530 527 4576 c.
587 4541 609 4574 e.
624 4543 682 4574 cerr.
697 4529 722 4572 tn
737 4525 904 4572 mountatlonee
920 4527 947 4574 c.
1008 4523 1025 4572 l.
1042 4542 1099 4572 corr.
1115 4527 1139 4570 ἰιι
1154 4524 1179 4570 in
1195 4522 1298 4570 eruribus
1315 4526 1342 4571 C.
1403 4535 1425 4580 g.
1441 4521 1491 4568 dies
1509 4524 1534 4569 c.

365 4602 388 4649 ln
400 4606 524 4664 praedictio
538 4609 565 4654 C.
626 4607 642 4652 l.
658 4605 795 4652 elemosinae
809 4608 835 4653 C.
896 4604 920 4651 k
937 4622 994 4650 corr.
1010 4609 1033 4651 r'a
1049 4603 1168 4663 reliquerit
1181 4605 1207 4650 C.
1269 4602 1286 4648 l.
1302 4601 1322 4647 ei
1334 4605 1367 4648 Μ.
1431 4614 1462 4647 m.
1478 4617 1534 4646 corr.

366 4699 388 4728 η
400 4686 611 4833 war,
625 4762 667 4817 10.
681 4763 724 4817 11.
814 4763 840 4818 a.
864 4761 892 4817 a.
905 4761 1054 4831 ungamur
1076 4759 1236 4830 appennius
1254 4743 1344 4814 aomo·
1361 4755 1414 4811 aua
1433 4757 1534 4825 (qnon-

368 4846 427 4904 dam
445 4865 536 4907 nermo
553 4851 606 4906 241
628 4850 664 4906 da
680 4852 830 4922 tempore).
863 4849 933 4922 opp.
952 4849 996 4906 ed.
1014 4848 1199 4918 Benediotlni,
1218 4845 1343 4903 Venetiie
1362 4845 1444 4914 1⁷³1,
1462 4843 1535 4900 'RV

370 4940 522 5008 tupendioia
538 4955 567 5010 p.
578 4939 641 4996 163.
1279 5031 1322 5088 8*
