4342 6034
679 776 745 842 614
882 796 962 843 vrrs
984 796 1139 845 saroam
1162 796 1422 847 saomnrrsccrr
1444 798 1641 850 nocunrnu

555 942 625 995 1160
678 954 786 1003 omnes
815 942 1041 1022 concrepantes
1068 938 1102 1005 in
1131 958 1245 1022 unum,
1282 937 1408 1022 dentes,
1441 940 1597 1024 simulque
1625 940 1750 1007 domino
1777 939 1840 1007 Deo

509 1012 660 1062 Im'u‘w
677 1052 879 1119 ostendentes
901 1052 1024 1119 tunicas
1047 1058 1079 1119 et
1101 1059 1204 1124 vestes
1227 1058 1259 1121 ct
1281 1054 1412 1121 diutinis
1437 1054 1612 1138 alimoniis,
1642 1055 1753 1141 quibus
1774 1066 1841 1123 eos·

677 1167 844 1253 episcopus
866 1172 993 1233 sanctus
1009 1168 1161 1254 expleret,
1184 1170 1301 1237 referta
1316 1170 1489 1255 precordia.
1525 1170 1568 1237 Et
1583 1170 1759 1239 baiulantes
1772 1192 1842 1257 pre-

675 1282 887 1349 ciosissimum
921 1282 1016 1349 funus
1048 1282 1087 1349 de
1122 1284 1292 1354 solitudine
1324 1305 1492 1355 cavearum
1520 1286 1705 1371 viarumque
1733 1286 1842 1370 bivia,

675 1416 783 1464 coram
797 1397 865 1465 Deo
888 1398 923 1464 in
945 1404 1255 1467 sanctasanctorum
1279 1401 1469 1484 intulerunt3
1493 1424 1551 1489 per
1572 1407 1676 1467 totum
1696 1400 1774 1467 illud
1787 1402 1843 1467 tri·

675 1512 772 1579 duum
802 1519 835 1581 et
861 1514 1009 1600 deinceps
1037 1517 1071 1581 in
1099 1515 1244 1583 laudibus
1273 1518 1403 1605 psalmis
1427 1523 1460 1584 et
1482 1517 1764 1603 supplicationibus
1785 1517 1843 1583 sibi

676 1629 883 1713 excubantes,
907 1635 939 1697 et
961 1630 1204 1698 elemosinarum
1226 1634 1576 1719 misericordiarumquc
1599 1653 1728 1699 marum
1751 1632 1842 1719 depo

675 1745 782 1829 situm,
806 1747 890 1830 quod
914 1766 934 1811 a
955 1747 1024 1813 viro
1047 1753 1156 1815 sancte
1180 1749 1363 1817 continuum
1386 1754 1605 1835 susceperant,
1629 1748 1756 1815 domino
1779 1748 1842 1816 Deo

675 1879 746 1926 cum
768 1860 908 1927 lacrimis
931 1867 964 1928 et
985 1865 1109 1947 magnis
1133 1864 1321 1948 singultibus
1346 1866 1575 1949 consignantes.

763 1974 881 2043 Verum
917 1998 975 2044 nec
1002 1980 1087 2046 infra
1114 1980 1193 2047 illud
1222 1982 1360 2067 spatium
1390 1980 1631 2049 abhominabilis
1659 1978 1839 2064 Magantim

672 2091 757 2159 turia
784 2094 965 2177 requiescit.
1001 2094 1064 2161 Sed
1093 2096 1321 2181 ingredientes,
1351 2096 1403 2163 ubi
1428 2102 1587 2163 sanctum⁰
1612 2101 1662 2163 est
1682 2096 1837 2179 faenum

671 2209 962 2276 reverentissimum
989 2231 1102 2298 corpus
1132 2212 1307 2295 denudant,
1337 2212 1529 2299 exspoliant,
1559 2212 1692 2299 pedibus
1720 2212 1838 2279 coucul

672 2329 762 2409 cant,
798 2345 855 2391 ore
883 2326 984 2411 ipsius
1013 2328 1207 2412 premortui‘¹
1235 2328 1393 2415 lapidibus
1423 2328 1644 2412 contundunt,
1674 2334 1708 2395 et
1735 2328 1837 2397 dente

672 2440 856 2525 exangues‘,
886 2441 1000 2525 quibus
1022 2446 1232 2511 reuerentiam
1256 2444 1392 2511 addebat
1413 2444 1485 2530 ipsa
1506 2444 1688 2527 maturitas,
1712 2464 1753 2511 ex
1773 2446 1837 2529 ipso
1932 2518 1933 2525 χ

671 2556 756 2640 quod
777 2557 937 2639 fregerant
960 2577 1014 2623 ore
1037 2558 1214 2641 decutiunt3
1242 2559 1469 2646 exprobrantes
1492 2562 1522 2627 ei
1545 2580 1582 2627 ac
1604 2560 1759 2627 ffieentm:
1789 2561 1837 2626 Vs
1932 2568 1933 2655 ᾗ

670 2686 706 2738 ta
719 2674 827 2756 filium
847 2696 951 2739 mcum
972 2675 1133 2741 obsidere?
1162 2676 1215 2742 Va'a
1238 2690 1272 2743 ta
1295 2678 1377 2743 bena
1398 2700 1468 2743 esea
1489 2678 1647 2763 sempera?
1719 2675 1763 2743 Et
1782 2676 1837 2741 mi·

670 2784 828 2853 nubantur
851 2788 914 2872 eis,
938 2789 992 2873 qui
1014 2780 1276 2875 circumstabant,
1299 2791 1490 2879 pauperibus
1513 2792 1616 2859 viduis
1639 2791 1836 2877 orphaniset

670 2901 797 2971 Scottis.
831 2903 877 2969 At
897 2904 961 2989 ipsi
984 2926 1002 2971 e
1024 2913 1145 2990 contra,
1169 2908 1250 2973 tanti
1272 2908 1334 2973 viri
1356 2926 1465 2975 necem
1487 2908 1761 2977 vehementissime
1781 2908 1834 2973 im·
1932 2930 1933 2975 1

669 3024 892 3105 properantes,
922 3020 1115 3087 adiciebant:
1145 3024 1220 3107 quia
1248 3043 1305 3109 pro
1333 3024 1403 3109 ipso
1434 3023 1474 3089 ad
1496 3028 1630 3089 mortem
1653 3042 1752 3109 usque
1773 3023 1833 3109 pati

669 3134 827 3220 supplicia
848 3156 913 3203 non
935 3143 1134 3219 vererentur3
1161 3139 1307 3222 quoniam
1329 3158 1438 3205 eorum
1453 3146 1543 3227 pater
1559 3146 1591 3207 ct
1605 3145 1708 3207 mater
1723 3142 1834 3225 etpost

669 3250 773 3317 Deum
796 3252 924 3317 unicum
946 3252 1059 3319 fuisset
1081 3253 1248 3336 refugium.

758 3364 937 3449 Magantini
965 3367 1101 3451 interea,
1131 3378 1323 3455 pauperum⁸
1345 3369 1538 3456 improperia
1560 3376 1592 3436 ot
1613 3371 1710 3437 totius
1732 3370 1832 3437 mundi

669 3482 873 3549 maledictum
895 3502 959 3549 non
982 3483 1124 3551 valentes
1147 3474 1245 3567 fer're,
1276 3484 1441 3551 consilinm
1463 3486 1622 3569 iecerint,
1650 3492 1686 3553 ut
1708 3486 1831 3553 cadauer

669 3599 862 3665 sanctissimi
884 3598 944 3665 viri
969 3598 1249 3681 (immittereturl)
1267 3600 1300 3665 in
1317 3602 1453 3667 amnem*
1477 3606 1509 3669 et
1531 3607 1690 3669 caractere
1712 3620 1828 3669 ercom-

669 3714 891 3781 municetionis
912 3715 1112 3799 infamatum,
1135 3715 1321 3802 impositum
1342 3716 1497 3801 abnam,
1522 3717 1612 3801 aquis
1634 3718 1828 3804 suspeudere-

668 3831 750 3913 tur'3
774 3836 810 3897 ut
832 3831 887 3914 sic,
910 3830 966 3899 nbi
988 3831 1157 3917 appulerit,
1180 3831 1320 3915 legentes
1342 3834 1673 3901 excommunicationis
1688 3832 1827 3913 libellum,

670 3946 700 4012 ei
727 3945 923 4031 sepulturam
958 3952 991 4013 et
1024 3947 1087 4012 alia
1122 3947 1327 4015 humanitatis
1355 3947 1459 4016 officia
1488 3949 1687 4033 denegarent
1774 3946 1827 4015 sel

669 4062 869 4147 prophanum
891 4062 1057 4129 consilium
1073 4062 1142 4129 Deo
1165 4062 1351 4148 disponente
1374 4064 1493 4141 viribus
1509 4066 1619 4133 caruit.
1653 4064 1826 4144 Quiatcrtia

563 4192 650 4239 naas
670 4177 720 4243 sui
749 4176 854 4245 obitus
881 4178 932 4245 die
960 4179 995 4245 in
1030 4178 1161 4245 basilica
1194 4179 1375 4247 beatissime
1402 4180 1502 4249 Maris
1529 4182 1677 4266 virginis,
1710 4201 1766 4266 que
1791 4176 1825 4243 sd

670 4291 794 4360 Gradus
824 4293 956 4378 dicitur,
987 4314 1094 4361 coram
1124 4295 1265 4363 eiusdem
1288 4297 1499 4365 sacratissime
1521 4298 1654 4381 virginis
1677 4296 1764 4365 altari
1783 4298 1825 4361 est

669 4409 773 4476 locum
795 4410 967 4496 sepulcrifl,
990 4430 1084 4495 quem
1108 4412 1217 4478 vivens
1240 4412 1426 4497 quandoque
1447 4414 1481 4479 in
1496 4414 1578 4481 votis
1600 4412 1758 4495 habuerat,
1777 4409 1823 4475 do-

732 4672 753 4703 s.
774 4671 812 4704 eas
830 4660 852 4704 1.
920 4658 943 4703 b.
964 4658 1018 4705 bino
1035 4658 1056 4703 1.
1127 4671 1147 4704 c.
1169 4676 1198 4705 cn
1215 4660 1340 4705 statutum?
1410 4660 1432 4707 d.
1454 4662 1598 4719 praemortua
1615 4662 1636 4717 1,
1653 4662 1675 4708 2.
1742 4672 1760 4705 s.
1777 4668 1818 4703 cou-

669 4737 766 4783 tendunt
781 4739 803 4784 2.
880 4736 896 4783 f.
918 4750 1026 4795 ersrgrm
1043 4739 1064 4782 1.
1142 4750 1163 4795 g.
1185 4750 1309 4799 pauperum
1323 4761 1348 4770 -
1361 4739 1462 4785 valentes
1477 4738 1536 4785 larre
1551 4758 1595 4786 eos
1613 4758 1653 4787 rao
1669 4740 1720 4786 loco
1735 4741 1820 4800 ogast·

670 4819 694 4862 r's
709 4818 778 4863 codd.
791 4826 845 4876 post
861 4816 956 4862 cadaver
971 4816 1110 4861 sanctissimi
1126 4816 1174 4862 viri.
1266 4817 1290 4863 h.
1310 4819 1469 4865 immitteretur
1485 4820 1577 4866 addldr'.
1664 4820 1680 4866 i.
1700 4814 1817 4865 mamm

670 4894 693 4943 k,
713 4896 791 4943 tabula
805 4898 828 4943 1.
905 4895 920 4942 1.
942 4894 1053 4955 suspendi
1069 4897 1091 4940 1.
1169 4909 1198 4943 m.
1219 4897 1333 4956 sepultum
1348 4896 1423 4945 locum
1439 4900 1461 4945 2.
