4342 6034
606 768 633 817 s.
649 768 827 817 scamnum
847 768 892 817 uu
914 768 1018 819 uuum
1038 752 1227 819 urrsrousu
1249 770 1281 817 so
1462 752 1530 821 225

451 906 623 996 Episcopus
646 914 753 978 autom
775 911 1034 999 condempnatus,
1058 908 1098 977 de
1121 931 1182 996 quo
1205 908 1377 996 inquisisti,
1401 911 1456 996 qui
1470 932 1530 999 pu·
1562 920 1614 977 tot

375 1030 474 1109 gustor
495 1030 526 1091 et
546 1026 719 1093 fornicator
743 1026 851 1094 existit
874 1032 969 1112 atquo
990 1048 1041 1095 res
1064 1026 1215 1095 ecclesiae
1236 1034 1311 1114 post
1331 1024 1531 1111 degradatio·
1548 994 1631 1041 ΝΜ

374 1140 515 1207 nonsibi
537 1142 697 1210 vindicare
719 1144 866 1227 nitetur,
888 1143 941 1209 hio
964 1143 1092 1209 omnino
1117 1163 1156 1210 ac
1177 1143 1407 1211 detestabiliter
1421 1164 1532 1231 respu-

374 1256 460 1323 endus
492 1263 547 1324 est
600 1258 686 1337 Quae
719 1259 803 1326 enim
838 1258 942 1345 portio
971 1256 1092 1325 infideli
1121 1278 1193 1325 curn
1220 1257 1333 1326 fidele?
1366 1265 1422 1326 aut
1451 1280 1533 1345 quas

373 1374 536 1440 communio
558 1372 683 1441 Obristo
713 1381 745 1442 et
765 1370 906 1443 Belinll¹
939 1373 1006 1441 Hos
1034 1381 1215 1443 sanctorum
1238 1380 1365 1462 patrum
1386 1375 1533 1443 traditio-

374 1508 420 1555 nes
442 1494 472 1557 et
493 1496 672 1557 sanctorum
696 1508 851 1557 canonum
874 1492 1022 1559 instituta
1045 1492 1365 1577 condempnaverunt,

450 1604 498 1672 Do
525 1606 722 1674 ordinatione
749 1608 846 1674 etiam
874 1608 1121 1693 presbiterorum
1151 1612 1184 1675 et
1206 1607 1427 1692 diaconorum,
1456 1626 1534 1692 quos

373 1726 490 1803 cogente
511 1722 699 1789 necessitate
722 1728 754 1789 et
770 1728 967 1810 paupertate,
991 1724 1184 1809 rogantium,
1207 1742 1272 1789 non
1287 1722 1438 1806 legitimis
1453 1730 1534 1791 tom·
1620 1814 1625 1821 ι

372 1836 488 1922 poribus
511 1844 543 1905 et
565 1838 675 1906 diebus
698 1860 718 1905 a
739 1844 771 1906 te
793 1839 1035 1927 perveneruutl,
1059 1840 1087 1907 si
1111 1839 1250 1925 aliquam
1272 1838 1405 1907 haberes
1420 1859 1461 1906 ex
1475 1839 1535 1905 hoc

374 1950 580 2039 offensionem,
603 1955 781 2023 insinuasti.
817 1956 959 2023 Dicimus
983 1960 1090 2023 autem
1111 1955 1170 2023 tibi
1193 1956 1306 2023 fratert
1336 1955 1417 2022 beno
1439 1954 1535 2038 nosti,

374 2069 445 2153 quod
467 2072 548 2137 sacri
571 2088 707 2139 canones
730 2072 853 2157 docent,
878 2070 962 2160 aptis
980 2071 1176 2159 temporibus
1192 2070 1371 2137 sacerdotes
1386 2070 1536 2138 ordinau-

373 2184 435 2265 dos3
463 2192 603 2253 attamen
630 2188 664 2253 in
692 2208 743 2272 eo,
774 2189 858 2273 quod
888 2208 907 2255 a
932 2194 966 2255 te
987 2194 1119 2275 propter
1141 2187 1228 2254 zelo⁰
1249 2186 1326 2270 fidei
1348 2191 1454 2255 actum
1476 2190 1536 2271 est,

374 2300 529 2369 cicutino
552 2301 621 2369 Deo
643 2308 751 2370 nostro
774 2304 1003 2388 indulgentiam
1026 2302 1251 2391 postulemus⁴¹.

450 2416 497 2485 De
524 2438 621 2486 censu
648 2425 754 2487 autom
778 2420 1015 2505 aecclesiarum,
1046 2418 1080 2485 id
1103 2424 1153 2486 est
1175 2418 1311 2485 solidum
1334 2419 1374 2485 de
1396 2422 1535 2485 cassata·

372 2532 493 2620 suscipe,
517 2540 551 2603 et
572 2534 691 2603 nullam
714 2536 831 2603 habeas
854 2535 1084 2617 esitationcm‘3
1109 2535 1185 2601 dum
1207 2556 1248 2603 ex
1271 2555 1308 2603 eo
1330 2535 1452 2621 poteris
1469 2534 1536 2621 oly-

372 2649 515 2717 mosiuam
555 2652 696 2719 tribuere
728 2657 760 2719 et
794 2672 872 2740 opus
907 2650 1058 2739 perficere
1095 2656 1276 2719 amotarum
1311 2650 1536 2718 aecclesiarum

372 2764 452 2833 iuxto
472 2786 629 2835 emortum
651 2768 807 2835 instituta

450 2882 485 2950 Si
508 2903 587 2969 quos
610 2904 684 2951 varo
707 2883 911 2971 presbiteros,
934 2884 989 2969 qui
1011 2882 1051 2951 de
1073 2882 1163 2949 laicis
1184 2882 1324 2969 promoti
1344 2881 1475 2949 fuerunt
1494 2888 1536 2966 et,

373 3002 453 3065 aute⁸
467 2999 685 3067 criminalibus
708 2999 811 3066 causis
835 2998 986 3084 obvoluti,
1010 2998 1149 3065 celantes
1172 3002 1337 3084 peccatum
1359 3016 1462 3082 suum,
1486 3018 1538 3064 or·

373 3112 462 3181 diuati
484 3120 569 3199 sunt,
592 3114 795 3201 postmodum
810 3135 885 3182 vcro
905 3114 1110 3183 manifestata
1124 3116 1174 3181 est
1188 3132 1298 3181 corum
1312 3113 1423 3199 iniqua
1437 3113 1537 3195 acti03

373 3227 431 3314 bos,
453 3252 472 3297 a
493 3230 683 3300 sacerdotali
705 3230 815 3298 habitu
838 3232 996 3318 privatos,
1019 3230 1235 3317 paebitentiae
1256 3231 1429 3297 summitte.
1467 3228 1539 3296 Non

374 3346 446 3412 cuim
468 3347 536 3414 odit
550 3346 638 3414 Deus
660 3352 842 3433 peccantem
867 3352 899 3414 et
920 3346 1132 3432 confitentem,
1153 3346 1210 3413 sod
1232 3350 1417 3433 peccantem
1434 3351 1468 3413 et
1483 3365 1539 3413 ue-

426 3468 497 3529 tem.

372 3480 425 3544 8²¹¹
450 3578 531 3647 Nam
556 3584 588 3645 et
610 3578 669 3645 hcc
691 3578 843 3663 flagitasti
866 3599 886 3645 a
908 3578 1015 3645 nobis:
1040 3580 1067 3645 si
1091 3578 1186 3645 liceat
1207 3579 1459 3665 persecutionem
1481 3598 1539 3666 pa·

373 3711 514 3773 gauorum
537 3693 697 3779 fugiendih
722 3714 763 3761 au
785 3714 858 3761 nou.
894 3694 937 3761 Et
958 3715 1017 3781 pro
1041 3694 1111 3778 hoc,
1138 3696 1248 3779 frater,
1275 3694 1414 3761 salutare
1436 3696 1540 3762 cousi-

373 3806 441 3875 lium
463 3811 586 3878 damus.
624 3808 658 3877 Si
682 3808 750 3877 fieri
772 3815 879 3897 potest
901 3815 933 3877 ct
955 3810 1060 3877 locum
1083 3812 1254 3895 inueneris,
1277 3812 1363 3879 insta
1385 3811 1426 3877 ad
1448 3832 1540 3897 prae-

374 3923 530 3995 dicandum
560 3926 650 4009 illis¹3
681 3927 708 3992 si
738 3932 844 3993 autem
870 3931 1058 4015 supportare
1086 3947 1151 3994 non
1173 3926 1311 3995 valueris
1334 3948 1444 3995 eorum
1466 3948 1540 4015 per·

375 4044 571 4127 secutionem,
601 4040 698 4109 habes
726 4048 929 4130 praeceptum
959 4043 1168 4128 dominicum,
1197 4044 1293 4110 utin
1316 4043 1413 4110 aliam
1434 4044 1539 4129 ingre·

375 4154 460 4225 dicus
482 4154 672 4225 civitatem¹.

452 4274 532 4341 Nam
558 4280 590 4341 et
612 4274 672 4341 boc
695 4274 868 4359 inquisisti:
893 4274 969 4360 quid
991 4272 1130 4341 fiendum
1154 4274 1196 4341 sit
1213 4274 1254 4341 de
1268 4275 1539 4343 excommunicato

377 4388 510 4477 episcopo
534 4396 567 4459 ct
589 4389 763 4477 apostolica
779 4391 966 4457 auctoritate
980 4390 1169 4475 neglegenti.
1204 4390 1265 4456 Hic
1280 4391 1475 4457 detestabilis
1490 4397 1540 4459 est

377 4520 472 4573 coram
492 4506 562 4575 Deo
590 4512 623 4573 et
643 4504 839 4591 homiuibus,
867 4506 957 4575 cuius
980 4507 1235 4574 condemnationi
1256 4506 1539 4594 incondempnatus

439 4652 458 4685 ι.
479 4658 534 4687 corr.
553 4642 575 4686 r'n
591 4639 672 4685 nititur
689 4642 715 4687 C.
785 4640 809 4686 b.
829 4642 983 4699 provenerunt
999 4642 1025 4689 C·
1097 4654 1116 4687 c.
1139 4659 1195 4687 corr.
1213 4644 1236 4686 r'rr
1252 4640 1326 4687 zelum
1343 4643 1369 4688 C.
1439 4640 1462 4686 d.
1483 4658 1539 4687 corr.

378 4714 543 4775 §.postulamus
561 4722 588 4769 C.
656 4732 676 4764 a.
697 4736 753 4765 corr.
769 4722 792 4765 in
808 4720 885 4767 casata
902 4724 927 4769 C.
995 4720 1013 4767 f.
1033 4738 1091 4767 corr.
1104 4724 1127 4767 bs
1142 4720 1303 4768 hesitationem
1314 4721 1337 4768 1.
1399 4732 1421 4779 g.
1437 4721 1505 4765 autea
1516 4718 1539 4767 1.

378 4790 398 4839 h·
415 4814 466 4845 ectr.
482 4802 504 4846 in
519 4800 597 4858 fugare
614 4798 637 4845 l.
713 4798 730 4845 i.
751 4816 794 4846 om.
811 4802 834 4847 1.

439 4876 462 4931 1.
484 4878 501 4932 2
513 4876 634 4933 corinth.
648 4876 674 4946 6,
687 4875 730 4931 16.
819 4879 845 4933 2.
869 4876 965 4934 Mattb
980 4878 1022 4948 10,
1035 4878 1078 4933 23.

416 4972 488 5025 uns.
504 4978 649 5023 situatam
664 4975 704 5019 111.
1291 4975 1327 5031 15
