4342 6034
650 779 697 825 ux
720 778 875 826 ermom
895 780 976 825 vrrs
998 779 1026 827 e.
1042 777 1220 828 normann
1451 764 1518 833 503

340 924 442 985 untes
470 919 605 987 eundem
627 940 686 1007 pro
708 940 744 987 so
766 920 976 987 ordinandum
996 920 1191 1006 impetravit
1225 920 1293 1000 Quo
1314 921 1414 1006 facto,
1443 942 1518 990 mox

338 1034 434 1101 illum
464 1056 561 1102 manu
589 1037 721 1123 propria
742 1036 981 1123 apprehendens
1003 1036 1237 1103 commendarit
1258 1038 1379 1105 cuneda
1401 1040 1519 1125 princi-

339 1150 439 1237 pibus
465 1151 586 1219 ibidem
612 1153 828 1235 congregatis,
855 1159 893 1217 ut
917 1152 981 1238 ipsi
1006 1157 1171 1237 tamquam
1192 1152 1279 1239 patri
1301 1153 1465 1221 obedirent
1488 1159 1520 1222 et

339 1267 508 1335 adiutores
529 1268 615 1334 siin
638 1268 784 1335 omnibus
805 1267 1046 1335 necessitatibus
1069 1268 1251 1335 existerent
1400 1249 1403 1255 ’

433 1384 558 1452 Deinde
576 1384 737 1470 proiectus
753 1383 794 1450 ad
808 1403 872 1468 eos,
895 1384 950 1469 qui
964 1384 999 1449 in
1014 1383 1166 1469 Turingia
1182 1384 1283 1469 etqui
1298 1384 1383 1451 circa
1396 1384 1519 1453 Renum

336 1499 541 1586 habitabant,
564 1500 676 1567 eadem
697 1499 842 1567 faciebat
877 1499 1056 1567 Novissime
1070 1518 1146 1567 vero
1164 1500 1270 1586 ipsum
1285 1505 1428 1567 sanetum
1443 1498 1519 1567 Lul-

336 1616 410 1682 lum
440 1636 624 1684 ammonens
654 1616 750 1683 dixit:
781 1616 941 1699 Quoniam
966 1618 1167 1683 resolutionis
1194 1638 1281 1683 moos
1309 1630 1430 1705 conopes
1458 1642 1518 1705 op-

331 1736 553 1821 propinquas,
576 1733 720 1799 volentos
741 1755 813 1797 msa
834 1746 889 1813 est,
911 1734 1072 1819 proficisci
1092 1733 1270 1819 abmeaqos
1284 1735 1393 1819 pratia
1408 1735 1520 1801 diuina

336 1871 389 1915 me
414 1850 554 1935 diripere
574 1849 718 1915 soemo
754 1848 820 1915 ssa
840 1862 885 1929 tu,
901 1849 958 1932 fio·
975 1849 1140 1914 korbame

433 1963 624 2030 Huiusmodi
650 1963 749 2047 igitur
770 1968 876 2046 strage
896 1961 1003 2048 finita,
1032 1964 1088 2048 qui
1109 1966 1311 2049 supererant,
1340 1962 1456 2029 iterum
1479 1964 1518 2031 do
1545 1972 1598 2028 '155

336 2080 551 2167 poeoniorum
573 2080 722 2165 opinione
744 2078 916 2163 gaudentes
930 2078 1159 2146 concurrebant
1173 2083 1215 2162 et,
1238 2077 1406 2145 confractis
1421 2078 1518 2146 libro·
1535 2045 1607 2094 m

335 2216 415 2261 rum
436 2195 649 2283 repositoriis,
677 2215 735 2281 pro
759 2214 836 2261 auro
858 2194 1034 2278 volumina,
1061 2215 1120 2281 pro
1144 2198 1274 2278 argento
1297 2193 1423 2261 divinae
1446 2194 1519 2261 doo-

335 2313 449 2379 trinae
470 2312 579 2378 kmtas
601 2311 811 2398 reperiebant
845 2309 937 2377 Unde
956 2310 1051 2377 solita
1065 2310 1224 2377 dementia
1239 2309 1369 2396 arrepti,
1393 2309 1519 2377 eosdem

335 2427 454 2511 libros,
476 2447 556 2512 quos
576 2428 776 2511 invenerunt,
800 2426 879 2492 ulios
902 2426 1030 2511 quidem
1043 2446 1103 2512 per
1117 2426 1221 2512 campi
1237 2424 1416 2512 planiciem,
1440 2424 1518 2495 ulios
1593 2446 1595 2449 ·

336 2562 420 2609 sero
442 2563 501 2629 per
522 2542 678 2629 palustria
698 2543 769 2609 loca
790 2542 1017 2629 disperserunt,
1040 2542 1193 2627 quondam
1217 2546 1321 2609 autom
1338 2542 1372 2607 in
1390 2540 1518 2627 quibua-

334 2659 422 2727 libet
454 2658 532 2725 locis
566 2659 749 2743 incongruis
782 2658 971 2744 proicientes
1006 2657 1246 2724 absconderunt.
1292 2655 1518 2725 Verumtamen

335 2775 572 2861 omnipotentis
594 2774 655 2841 Dei
677 2775 790 2859 gratia,
817 2779 855 2839 ut
876 2774 1072 2857 claresceret,
1099 2774 1209 2859 quanti
1232 2778 1316 2839 osset
1337 2772 1443 2839 meriti
1464 2792 1519 2841 cu·

334 2892 391 2958 ius
415 2890 514 2957 iidem
535 2890 662 2957 luerunt
675 2889 761 2973 libri,
784 2894 905 2976 postea,
926 2908 1042 2972 magno
1057 2888 1210 2975 temporis
1226 2888 1333 2975 spacio
1347 2892 1518 2975 rausero,

336 3006 464 3093 reperti
486 3010 561 3072 snut
581 3006 762 3072 intemerati
786 3010 819 3072 et
840 3004 883 3071 ad
904 3003 1088 3088 aecclesias,
1111 3004 1146 3069 in
1169 3004 1282 3089 quibus
1304 3021 1404 3089 usque
1426 3004 1520 3073 hodio

336 3122 454 3190 haberi
475 3126 620 3209 possunt,
643 3142 663 3187 a
685 3119 1057 3205 singulisinventoribus
1078 3119 1243 3205 reportati.

433 3237 521 3303 Inter
542 3237 671 3304 eosdem
691 3258 766 3304 vero
787 3236 886 3305 libros
907 3240 1053 3323 repertus
1075 3239 1125 3303 est
1138 3234 1241 3301 sancti
1256 3233 1413 3319 euangelii
1427 3233 1517 3320 liber,

339 3374 439 3441 quem
466 3353 578 3420 boatus
600 3352 651 3418 vir
673 3372 731 3437 pro
754 3353 922 3419 sanctitate
945 3370 1003 3419 sua
1025 3370 1132 3419 secum
1155 3350 1271 3435 iugiter
1293 3350 1416 3417 deferre
1438 3348 1518 3417 sole·

339 3472 408 3538 bat
444 3468 506 3535 Hic
528 3488 613 3553 ergo,
636 3469 781 3554 quamvis
803 3467 908 3551 gladio
931 3472 1034 3551 acuto,
1056 3473 1093 3533 nt
1108 3466 1211 3535 adhuc
1225 3466 1265 3533 ab
1279 3466 1519 3552 inspicientibus

339 3586 474 3673 probari
496 3585 596 3669 ualet,
623 3604 681 3671 per
702 3584 840 3649 medium
863 3583 982 3650 incisus
1004 3584 1115 3667 fuerit,
1139 3582 1257 3649 nullius
1279 3588 1386 3649 tamen
1408 3582 1519 3651 literae

340 3702 560 3785 integritatem
585 3700 696 3767 eadem
717 3700 871 3767 incisione
894 3700 1041 3786 perdidit
1076 3698 1191 3782 anm,
1219 3704 1257 3764 ut
1278 3698 1399 3784 lerunt,
1427 3718 1518 3765 sanc·

341 3824 396 3884 tus
417 3816 600 3883 Boniiacius
622 3817 657 3882 in
677 3815 735 3881 illa
756 3816 844 3899 bora,
868 3836 932 3901 qua
953 3814 994 3880 ad
1016 3820 1113 3901 eaput
1135 3815 1202 3881 eius
1226 3812 1450 3881 abscidendum
1470 3814 1517 3879 vi-

341 3933 497 4001 brabatur
518 3932 658 4016 gladius,
687 3931 807 3998 babens
829 3932 864 3997 in
885 3930 1032 3997 manibus
1053 3930 1106 3998 rel
1127 3950 1186 4017 pro
1210 3929 1310 3996 tutela
1331 3929 1459 4015 capitis,
1483 3934 1519 3997 ut

343 4050 437 4117 multi
459 4047 573 4133 solent,
596 4068 653 4114 seu
675 4048 771 4113 etiam
792 4067 851 4133 pro
874 4046 984 4133 clypeo
1008 4046 1178 4133 spirituali,
1202 4066 1295 4130 quem
1316 4046 1350 4111 in
1364 4045 1446 4113 libro
1460 4046 1519 4113 tali

344 4186 414 4233 esse
436 4164 581 4248 credidit,
602 4162 782 4250 percussori
805 4163 962 4248 opposuit
997 4160 1035 4227 Iu
1057 4180 1119 4245 quo
1139 4162 1291 4228 nimirum
1306 4162 1396 4245 signo
1412 4166 1444 4229 et
1458 4162 1518 4228 mi·

345 4280 446 4348 reuda
473 4281 574 4346 virtus
596 4278 657 4345 Dei
686 4283 720 4345 ct
745 4277 926 4344 veneranda
955 4278 1107 4344 sanctitas
1130 4276 1215 4343 beati
1236 4276 1392 4343 Bonifatii
1413 4281 1519 4362 potest

346 4396 484 4481 agnosci
518 4394 695 4461 blirabilius
717 4414 854 4479 namque
866 4394 1003 4477 ridetur,
1026 4392 1110 4478 quod
1129 4390 1217 4459 nullu
1230 4392 1323 4459 incisi
1337 4392 1411 4459 libri
1425 4392 1519 4459 litera

307 4548 311 4557 ·
347 4513 525 4596 delebatur,
548 4532 644 4595 quam
667 4512 696 4577 si
717 4508 840 4575 nullum
861 4510 1023 4577 incisionis
1046 4508 1162 4592 stigma
1180 4527 1241 4595 per
1262 4507 1427 4575 ferientem
1449 4506 1517 4592 gle-

348 4628 433 4695 dium
455 4628 491 4693 iu
512 4627 594 4694 libro
615 4628 818 4713 reperiretur.

434 4742 606 4829 Postquam
623 4743 722 4827 igitur
735 4740 908 4826 carnifices,
931 4741 986 4826 qui
999 4743 1226 4825 remanserant,
1248 4737 1337 4806 nulla
1351 4738 1516 4807 estimatae

350 4860 498 4945 pecuniae
519 4858 637 4925 indicia
658 4859 855 4942 invenerant,
878 4857 956 4925 sutis
978 4856 1157 4925 conbistati
