4342 6034
577 788 783 837 wmurssnnn
804 788 883 835 vrrs
906 786 933 837 s.
949 784 1126 836 somam
1147 784 1222 837 sse.
1238 788 1261 835 v
1434 770 1501 837 445

354 950 447 997 comm
468 934 571 1013 grates
594 928 791 1016 persolvunt;
815 934 909 1015 atque
932 928 1115 997 aecclesiam
1129 928 1232 995 sancti
1244 926 1333 995 Petri
1346 929 1500 1016 principis
1518 940 1571 997 718

353 1044 548 1132 apostolorum
571 1064 684 1129 magno
707 1064 779 1111 cum
802 1045 915 1129 gaudio
938 1046 1083 1129 ingressi,
1107 1044 1326 1111 abolitionem·
1346 1045 1501 1131 peccami-

351 1180 416 1227 num
436 1160 644 1247 postulantes,
674 1160 799 1227 disersa
821 1160 946 1246 quidem
968 1182 1101 1229 munera
1123 1180 1231 1228 eorum
1254 1160 1501 1248 quamplurimi

350 1276 524 1344 detulerunt.

428 1392 607 1459 Transactis
630 1390 752 1458 auternb
776 1392 884 1459 diebus
907 1376 1116 1477 nonmultis,
1144 1396 1271 1459 sanctus
1293 1392 1425 1458 viriste
1447 1412 1501 1458 ve·

347 1508 507 1575 notabilem
529 1508 612 1576 sedis
636 1506 825 1595 apostolicae
844 1528 960 1597 papam
975 1508 1084 1577 beatae
1099 1508 1270 1575 memoriae
1285 1506 1472 1591 Gregorium
1481 1504 1499 1591 ¹,

347 1624 479 1711 aprime
502 1623 674 1691 secundum
696 1628 729 1690 et
749 1624 920 1691 novissimo
941 1624 1090 1712 priorem,
1117 1622 1230 1691 aliatus
1253 1628 1302 1690 est
1325 1659 1367 1669 —
1391 1624 1445 1708 qui
1468 1628 1501 1690 et

345 1738 496 1824 vulgarica
515 1738 727 1807 Romanorum
753 1738 862 1824 lingua
890 1739 1005 1807 dicitur
1031 1744 1140 1807 isaim
1160 1758 1411 1824 -omnemque
1439 1738 1500 1805 sibi

345 1876 395 1942 per
421 1856 563 1923 ordinem
591 1856 738 1923 iteneris⁸
761 1856 810 1923 sui
839 1862 932 1941 atque
956 1856 1108 1923 adventus
1131 1854 1344 1923 occasionemd
1367 1851 1500 1922 manife-

342 1970 505 2058 devitet,
535 1970 621 2058 quali
649 1970 779 2038 anexius
807 1970 961 2038 desiderio
990 1970 1108 2039 diutius
1136 1971 1335 2055 desudasset,
1364 1972 1497 2058 apernit

342 2084 466 2155 Sanctus
490 2088 598 2173 itaquo
619 2106 714 2174 papa,
737 2091 867 2173 repente
889 2086 982 2155 hilari
998 2086 1086 2153 vultu
1107 2086 1384 2171 adridentibusque
1401 2086 1499 2153 oculis

340 2202 464 2271 intuitus
494 2205 528 2270 in
556 2222 643 2285 euro,
671 2202 850 2287 inquisivit,
883 2224 923 2270 an
952 2202 1075 2269 litteras
1102 2203 1142 2270 ab
1165 2204 1312 2290 episcopo
1335 2222 1391 2268 suo
1414 2222 1499 2268 com-

340 2320 538 2387 mendaticias
567 2319 738 2387 detulisset.
775 2318 819 2385 At
839 2318 911 2403 ille,
940 2324 973 2386 et
993 2320 1058 2385 iam
1081 2319 1221 2386 concitus
1244 2314 1409 2406 exempto'
1430 2318 1499 2406 pal·

340 2429 403 2518 lio⁸,
436 2440 559 2503 cartam
592 2456 631 2503 ex
664 2455 752 2503 mors
778 2434 953 2502 involutam
980 2434 1165 2519 litterasque
1192 2432 1324 2521 protulit
1352 2433 1499 2519 deditque

339 2550 470 2618 mirabili
494 2556 621 2619 sanctae
642 2550 867 2618 recordationis
891 2552 968 2618 uiro.
1004 2549 1064 2629 Qui
1080 2550 1197 2635 statim,
1222 2550 1358 2638 acceptis
1373 2550 1498 2634 litteris,

339 2684 474 2735 annuens
499 2668 544 2751 ei,
569 2672 605 2733 ut
627 2666 737 2735 abiret.
772 2666 973 2755 Apostolicns
996 2687 1070 2733 vero
1093 2686 1194 2753 papa,
1216 2666 1362 2753 perlectis
1383 2664 1499 2731 litteris

339 2786 366 2848 et
386 2784 546 2851 recensita
568 2783 845 2850 commendaticiae
868 2780 1108 2869 conscriptionis
1130 2786 1227 2866 carta,
1251 2782 1395 2848 sedulum
1412 2776 1500 2848 dein·

337 2916 404 2986 ceps
427 2919 501 2967 cum
519 2920 554 2966 eo
571 2898 705 2966 habebat
720 2898 908 2965 cottidianae
924 2896 1145 2984 disputationis
1160 2897 1376 2982 conloquium;
1400 2896 1499 2963 donec

337 3014 553 3100 proficiscendi
579 3012 791 3099 redeundique
818 3014 953 3079 estiunm
980 3012 1113 3079 instaret
1140 3019 1276 3099 tempus.
1315 3010 1395 3078 (lum
1423 3032 1497 3078 vero
1516 3022 1568 3077 719

335 3128 431 3198 Nisan
453 3132 584 3215 mensis,
607 3130 661 3216 qui
683 3134 732 3197 est
746 3129 900 3217 Aprelis·,
923 3129 1120 3217 praeteriret,
1144 3133 1176 3195 et
1191 3126 1280 3210 lari‘,
1305 3129 1359 3213 qui
1380 3132 1414 3194 et
1430 3126 1498 3194 lla·

336 3244 389 3331 ius,
416 3247 484 3314 iam
507 3252 598 3333 porte
619 3250 825 3333 patescerent,
852 3250 919 3313 tum
943 3245 1049 3330 etiam,
1072 3244 1233 3331 postulata
1253 3248 1348 3329 atque
1370 3248 1499 3330 accepta

336 3362 523 3448 apostolicae
551 3362 634 3429 sedis
663 3360 878 3429 benedictione
906 3366 939 3429 et
965 3357 1106 3446 litteris⁴,
1137 3380 1156 3427 a
1182 3360 1365 3427 beatissimo
1394 3368 1498 3452 papa¹
1515 3370 1607 3419 usos

336 3477 371 3543 ud
397 3478 613 3565 inspiciendos
641 3478 874 3545 inmanissimos
897 3476 1084 3545 Germaniae
1115 3476 1248 3563 populos
1271 3475 1408 3543 direotus
1431 3479 1494 3558 est3

335 3598 379 3678 ut,
402 3613 444 3662 an
466 3593 588 3661 inculta
609 3594 751 3662 cordium
774 3614 864 3678 arva,
892 3592 1071 3677 euangelias
1095 3598 1184 3659 arata
1205 3611 1348 3677 vomere,
1371 3590 1498 3679 praedi·

334 3710 462 3777 cationis
488 3730 595 3777 semen
617 3710 757 3798 recipere
779 3709 961 3794 voluissent,
985 3708 1207 3776 consideraret

417 3826 468 3895 Ac
491 3826 538 3893 sic
555 3826 718 3914 extimplo,
741 3826 871 3893 collecta
885 3846 1052 3893 numerosa
1065 3824 1270 3910 reliquiarum
1286 3822 1496 3908 multitudine,

333 3942 493 4029 reciproco
516 3963 644 4010 suorum
666 3942 770 4010 reditu
792 3940 1032 4009 conservorum'¹
1054 3939 1165 4008 ltaliae
1184 3938 1264 4006 lines
1287 3939 1391 4022 adiit¹3
1414 3938 1497 4026 opti·

333 4074 481 4144 mumque
495 4056 772 4143 Longobardorum
785 4078 892 4142 regem
901 4056 1157 4125 Liodobrandum
1171 4054 1311 4143 pacificis
1326 4055 1497 4123 salutatum
1524 4062 1650 4139 Adloqu-

333 4174 514 4242 muneribus
542 4174 756 4263 compellavit3
787 4179 819 4241 et
839 4172 1007 4242 honorifice
1029 4172 1068 4239 ab
1094 4192 1131 4239 eo
1154 4176 1333 4259 susceptus,
1361 4125 1665 4248 lassata¹p⁰rffa0¹⁴22a

333 4308 370 4355 cx
391 4291 515 4358 itenere
535 4291 678 4358 membra
698 4290 923 4377 requiescebat
957 4289 1005 4357 Ac
1027 4288 1073 4355 sic
1094 4294 1323 4373 remuneratus,
1346 4287 1446 4354 ardua
1460 4306 1498 4355 ac

402 4464 423 4497 a.
444 4450 592 4498 obolitionenn
607 4452 633 4508 F,
649 4452 676 4498 B.
784 4449 807 4497 b.
827 4448 882 4497 iss.
983 4462 1003 4496 e.
1022 4448 1112 4495 itineris
1127 4451 1156 4496 A.
1256 4446 1279 4493 d
1300 4447 1455 4494 ommonem
1470 4450 1496 4494 P.

334 4541 352 4573 a
371 4529 459 4589 Aprilis
475 4532 548 4588 m.
608 4530 624 4578 l.
644 4530 730 4589 hirs,
746 4530 789 4577 lari
805 4532 833 4587 A,
849 4532 877 4577 B.
938 4542 959 4588 g.
979 4530 1080 4589 papst,
1142 4527 1343 4574 munerant.
1405 4528 1499 4574 tia!

333 4620 452 4671 sequuntur
468 4610 538 4658 daec.-
553 4608 678 4658 Adlocutus
694 4622 744 4657 cum
759 4608 898 4671 Lintprande
914 4622 974 4668 rege,
989 4612 1037 4657 siae
1052 4608 1121 4655 dudio
1137 4626 1149 4654 s
1162 4609 1265 4671 norgias
1278 4609 1302 4653 ia
1316 4616 1399 4653 utem
1418 4607 1497 4653 illata.

333 4685 355 4734 k
373 4689 461 4737 luscio
477 4692 503 4739 P.

402 4794 488 4851 1.11.
583 4794 608 4851 2.
633 4810 671 4850 so.
689 4809 705 4850 e
724 4794 785 4850 sinu
802 4795 861 4851 sire
879 4809 895 4849 e
913 4807 987 4863 pera
1081 4792 1108 4847 3.
1131 4806 1222 4861 pauno
1240 4790 1357 4861 (scripta
1374 4799 1495 4860 compre

333 4878 489 4955 hendente).
577 4884 605 4939 4.
628 4880 758 4940 Bonifatii
774 4888 803 4939 et
819 4880 891 4939 Lulli
908 4880 999 4953 epla
1016 4896 1101 4953 supra
1116 4896 1145 4951 p.
1158 4882 1202 4936 ὅθ.
