4342 6034
708 846 789 892 VITA
811 847 1006 893 annuentem
1027 846 1054 893 11

339 1004 382 1049 oso
403 984 494 1053 Unde
516 986 671 1053 bonorum
692 985 951 1073 philosophorum
974 987 1073 1054 verba
1096 987 1267 1073 sequendo,

405 1121 498 1168 omne
521 1101 605 1187 quod
627 1102 730 1185 audit,
754 1109 881 1188 pectore
903 1102 1038 1187 claudit,
1062 1104 1124 1171 rite
1146 1103 1299 1186 teuend03

404 1217 451 1283 sic
473 1217 534 1283 sibi
555 1224 641 1285 totus
663 1216 700 1284 fit
721 1218 783 1284 cito
806 1224 899 1285 notus
923 1218 1173 1306 philosophatus,

406 1333 452 1398 sio
475 1332 672 1418 adolescens,
697 1339 766 1401 arte
787 1334 962 1419 virescens,
986 1341 1035 1402 est
1057 1336 1234 1402 decoratus.

405 1447 527 1533 Cuique
548 1444 709 1537 placebat,
732 1470 807 1515 nam
829 1451 1001 1537 peragebat
1022 1458 1137 1519 cuneta
1160 1451 1315 1536 decenter,

338 1582 381 1628 oso
405 1566 550 1651 quodque
572 1565 716 1649 decebat,
741 1566 945 1633 subveniebat
967 1567 1080 1651 cuique
1102 1566 1246 1634 libenter.

449 1678 591 1765 Cumque
613 1681 841 1768 sophistarum,
864 1682 951 1748 velut
972 1704 1053 1750 nnus
1076 1682 1355 1769 Franoigenarnm,

402 1794 458 1862 ille
478 1797 694 1883 frequentaret
716 1797 871 1882 studium,
895 1818 956 1882 qno
978 1798 1114 1864 Francia
1136 1800 1244 1883 claret,

403 1912 525 1979 artibus
547 1913 713 1996 indulgens
737 1919 769 1980 et
790 1934 900 1981 aarum
922 1915 1016 1981 lande
1037 1914 1209 1998 refulgens,

404 2029 559 2114 prenituit
582 2034 705 2097 tantum
727 2036 874 2116 respectu
895 2030 1184 2117 philosophantem,

337 2162 380 2209 ees
403 2144 451 2210 sic
474 2144 620 2211 didiomse
644 2146 763 2229 virum,
786 2152 936 2213 canerent
957 2152 993 2211 ut
1014 2147 1155 2232 compita
1177 2146 1293 2212 mirum

404 2265 438 2326 et
460 2266 570 2326 contra
591 2281 712 2327 morem
735 2262 777 2328 sit
797 2260 933 2329 Francia
954 2282 1050 2348 passa
1072 2266 1243 2347 stuporem.

404 2373 485 2441 Cum
508 2377 604 2443 sitin
627 2377 686 2443 hoe
707 2377 821 2445 iuvene
843 2378 976 2445 fundata
997 2378 1131 2445 scientia
1154 2377 1246 2464 plene

403 2492 483 2557 artis
507 2498 671 2578 septenae,
696 2512 758 2577 qua
779 2514 869 2560 mens
892 2492 1020 2578 effulget
1042 2516 1162 2579 amone,

403 2606 563 2692 quadrivii
583 2608 690 2675 lumen
712 2610 861 2693 triviique
884 2611 1020 2696 patescit
1042 2631 1175 2677 acumen

335 2742 380 2788 aso
403 2724 531 2807 ingenio
555 2723 664 2806 docih,
688 2725 771 2808 quod
794 2731 902 2811 posset
923 2746 1011 2791 more
1036 2726 1130 2809 virili,

403 2860 460 2905 eor
481 2840 556 2924 quia
578 2839 693 2906 subtile
715 2860 773 2905 sua
795 2841 843 2905 vis
866 2841 981 2926 probat
1003 2862 1071 2907 esse
1094 2840 1195 2907 virile.

403 2954 449 3020 Ut
470 2976 540 3021 sum
562 2955 719 3041 prefatus,
742 2956 803 3021 luit
826 2975 900 3038 ergo
923 2962 1034 3042 stupor
1055 2958 1250 3040 geminatum

403 3091 541 3155 namque
563 3072 631 3137 viro
655 3071 739 3137 claro
763 3071 843 3138 solet
864 3072 924 3138 hoc
945 3072 1127 3156 contingere
1149 3091 1221 3137 raro

404 3188 603 3271 ingenuoque
625 3186 720 3253 nimis
742 3186 867 3255 florenti
890 3187 983 3253 rebus
1007 3188 1138 3273 opimis:

337 3322 382 3369 aas
404 3308 442 3369 nt
463 3307 563 3368 totam
587 3308 736 3386 mentem,
760 3304 935 3369 studiorum
958 3304 1048 3370 lucre
1071 3309 1265 3389 sequentem,

405 3418 565 3485 emendo
588 3422 705 3500 vertat3
729 3439 801 3485 cum
824 3419 895 3505 plns
917 3420 969 3486 hic
991 3440 1130 3507 paupere
1154 3424 1253 3486 certat

404 3540 489 3601 artes
513 3534 664 3619 excolere,
687 3535 800 3601 timeat
821 3536 911 3619 quasi
934 3536 1021 3603 dives
1045 3556 1145 3619 egere.

450 3648 595 3734 Namque
617 3650 720 3717 solent
741 3655 863 3717 mentes
887 3650 1034 3717 adbibere
1056 3652 1237 3736 frequenter
1260 3656 1398 3733 egentes,

404 3772 441 3833 nt
462 3766 591 3852 capiant
613 3776 707 3850 artes,
730 3766 851 3851 patrias
874 3772 906 3832 et
926 3766 1069 3851 linquere
1092 3773 1208 3853 partes.

339 3901 384 3947 sco
405 3882 534 3965 Plangit
554 3882 639 3948 enim
661 3882 752 3947 fenus
775 3882 933 3948 modicum
956 3904 1119 3968 possessor
1142 3902 1269 3966 egenus,

403 3999 543 4084 concipit
565 4003 597 4064 et
618 4017 725 4081 curas,
749 4003 844 4082 queat
865 4003 901 4062 ut
922 4019 974 4063 res
997 3998 1114 4084 pellere
1137 3998 1242 4063 duras.

403 4114 545 4199 Letaque
567 4118 739 4201 paupertas
763 4111 814 4196 lit,
838 4134 912 4199 opes
936 4114 1047 4196 gavisa
1068 4118 1227 4199 repertas:

403 4232 461 4297 has
484 4231 546 4297 sibi
568 4228 697 4313 donari,
720 4248 798 4313 quaa
821 4229 953 4311 contigit
976 4234 1044 4294 arte
1066 4228 1182 4315 parari.

404 4346 487 4427 Quas
510 4346 667 4433 poscendo
691 4346 775 4428 dari,
797 4344 963 4411 formicam
986 4344 1055 4409 vult
1077 4344 1211 4425 imitari;

340 4480 384 4527 ers
405 4464 500 4529 anxia
522 4482 602 4547 quae
625 4481 717 4529 curas
739 4460 820 4528 solet
842 4461 961 4526 enimse
983 4460 1105 4527 futuras

405 4584 437 4645 et
458 4578 537 4663 legit
558 4582 658 4645 estate
681 4576 825 4663 dispersa
846 4576 967 4643 cibaria
988 4576 1062 4659 late,

405 4716 485 4781 qnae
506 4694 586 4761 bene
609 4693 741 4761 collecta
762 4693 825 4759 fert
845 4692 931 4758 intra
953 4712 1091 4759 concava
1112 4697 1206 4775 teoto,

403 4812 524 4899 stipans
548 4830 674 4877 annona
694 4809 845 4894 granaria
866 4828 997 4895 corpore
1019 4828 1130 4894 prona,

403 4927 545 5015 pondera
567 4926 643 4993 dum
664 4924 758 5013 plura
779 4926 882 4993 defert
903 4946 960 5011 per
984 4924 1122 5009 agrestia
1143 4944 1228 5003 rura,

1191 5036 1224 5091 37
1233 5036 1251 5073 i
