4342 6034
631 727 694 791 118
877 743 904 790 s.
921 741 1098 790 eosrssrn
1121 743 1164 790 nr
1187 743 1290 790 susm
1312 741 1498 790 memnones
1521 742 1551 789 sa

543 889 596 945 743
627 885 743 969 brari·,
771 904 808 952 eo
837 883 922 969 quod
948 883 1052 950 omnis
1079 882 1312 952 aecclesiastica
1339 883 1449 968 regula
1476 884 1544 952 sive
1573 883 1743 974 disciplina
1763 888 1801 954 ab

530 965 610 1024 ’ΨΑ
629 1001 740 1068 eadem
767 1000 931 1087 provincia
957 1000 1100 1068 funditus
1131 999 1249 1068 abolita
1278 1005 1343 1084 est,
1373 1000 1456 1086 quod
1483 1000 1578 1068 nimis
1606 1001 1801 1086 morandum,

629 1117 713 1202 quod
741 1137 799 1202 per
822 1117 926 1202 spatis
947 1121 1127 1203 temporum
1149 1116 1267 1184 ibidem
1289 1115 1428 1202 synodus
1451 1117 1651 1184 sacerdotum
1673 1118 1803 1186 minime

629 1231 862 1316 celebraretur,
890 1231 975 1299 unde
996 1251 1099 1318 neque
1122 1231 1199 1316 qnid
1222 1232 1265 1298 sit
1286 1232 1514 1316 sacerdotium,
1543 1233 1583 1302 ab
1606 1233 1669 1318 eis,
1692 1234 1749 1320 qui
1771 1254 1804 1301 se

629 1349 807 1416 sacerdotes
831 1368 901 1415 esse
923 1349 1117 1432 exmbmant,
1141 1347 1348 1430 cognoscitur.
1385 1347 1448 1416 Sed
1469 1349 1544 1416 dum
1561 1349 1708 1418 iuvanteb
1724 1349 1803 1434 Deo,

630 1484 710 1550 quae
733 1484 753 1530 a
773 1464 916 1550 praefato
939 1463 1004 1532 fibo
1025 1463 1308 1550 nostropromisso
1327 1470 1412 1549 snut,
1436 1465 1477 1532 ad
1491 1463 1637 1534 effectum
1652 1466 1805 1552 perducta

628 1581 756 1664 fuerim,
779 1585 852 1646 tua⁰
868 1581 1050 1648 fraoernitas
1072 1585 1246 1648 memorato
1269 1580 1401 1648 concilio
1416 1581 1594 1650 consederit
1608 1601 1680 1650 cum
1695 1583 1804 1650 eodem

630 1695 895 1764 excellentissimo
925 1697 1009 1780 viro,
1043 1698 1072 1762 si
1104 1716 1182 1780 quos
1217 1697 1393 1783 reppererit
1420 1697 1584 1784 episcopos
1612 1699 1805 1784 presbiteros

630 1817 686 1880 aut
707 1813 855 1880 diaconos
876 1817 989 1879 contra
1009 1832 1146 1880 canones
1169 1810 1218 1878 vel
1241 1817 1362 1878 statuta
1383 1818 1510 1898 patrum
1525 1814 1699 1882 excessisse
1715 1815 1806 1880 —id

630 1929 734 1997 estin
757 1927 928 2013 adulterio,
958 1927 1008 1994 vel
1030 1928 1059 1994 si
1080 1927 1188 2014 plures
1211 1947 1326 1996 uxores
1350 1928 1520 2014 abuerunt,
1551 1935 1607 1998 aut
1628 1931 1656 1996 si
1679 1931 1806 2016 sangui·

630 2065 702 2112 nem
726 2045 970 2112 christianorum
992 2045 1059 2110 sive
1082 2063 1278 2130 paganorum
1310 2042 1501 2130 effuderunt,
1530 2045 1581 2114 val
1609 2047 1706 2114 etiam
1736 2046 1806 2114 aliis

631 2160 779 2248 capitulis
802 2160 915 2245 quibus
937 2159 1110 2227 canonibus
1133 2158 1277 2228 obviasse
1298 2161 1494 2248 reppereritd
1517 2167 1574 2230 tua
1594 2163 1747 2230 sanctitas
1764 2199 1805 2210 -

631 2277 721 2344 nulla
741 2276 864 2343 ratione
886 2275 1061 2362 apostolica
1081 2276 1269 2344 auctoritate
1292 2277 1456 2364 permittat
1476 2278 1685 2346 sacerdotium
1705 2279 1803 2364 tangi

633 2394 714 2473 Quia
735 2392 815 2460 tales
837 2412 858 2458 a
879 2411 935 2460 suo
958 2396 1082 2458 tantum
1106 2393 1235 2479 proprio
1260 2412 1314 2460 ore
1335 2393 1416 2476 false
1438 2394 1642 2462 nominantur
1661 2395 1806 2464 sacerdo-

633 2516 683 2576 tes
712 2514 744 2576 et
771 2508 944 2576 deteriores
974 2507 1162 2598 secularium
1191 2527 1260 2576 csse
1287 2515 1475 2594 noscuntur,
1504 2511 1576 2596 qui·
1600 2531 1634 2578 se
1662 2531 1808 2598 nequea

633 2625 893 2692 fornicationibus
920 2644 1022 2710 neque
1049 2645 1069 2690 a
1091 2624 1220 2692 usiadis
1249 2625 1460 2694 matrimoniis
1488 2626 1683 2696 abstinemt¹
1705 2649 1807 2715 neque

636 2741 675 2808 ab
697 2741 862 2808 hominum
884 2741 1046 2825 sanguinis
1069 2739 1221 2808 effusione
1243 2761 1356 2808 manus
1379 2747 1507 2810 servant
1528 2743 1684 2810 innoxias.
1724 2742 1807 2824 Qua·

633 2858 699 2925 les⁸
721 2878 757 2926 se
779 2878 848 2926 esse
871 2857 1049 2926 sacerdotes
1072 2856 1258 2924 existimant
1279 2863 1335 2926 aut
1356 2857 1432 2944 quid
1454 2858 1546 2926 inde*
1569 2860 1729 2945 scabunt,
1759 2861 1807 2928 di·

634 2979 725 3043 cente
739 2974 822 3042 Deo:
840 2976 1024 3044 Sacerdotes
1039 2978 1103 3040 mci
1115 2975 1208 3040 suaet
1222 2975 1352 3056 audant,
1369 2979 1402 3042 et
1417 2973 1592 3061 apostolus:
1613 2976 1712 3044 Unice
1727 3001 1806 3044 uco-

635 3095 681 3157 ris
708 3088 832 3158 υἰίιιιιι1
854 3096 887 3159 et
914 3096 1028 3158 cetera
1074 3089 1118 3156 Et
1140 3089 1199 3156 hoc
1222 3096 1295 3157 ante
1318 3093 1500 3177 susceptum
1526 3091 1738 3160 sacerdotium
1761 3095 1809 3160 nti

634 3207 757 3274 licitum
780 3214 845 3289 est;
867 3227 944 3274 uam
966 3227 986 3273 a
1008 3206 1060 3273 die
1082 3206 1222 3292 suscepti
1244 3207 1412 3274 sacerdotii
1427 3208 1523 3274 etiam
1539 3207 1664 3294 abipso
1679 3211 1808 3297 proprio

553 3331 558 3342 '
635 3323 781 3408 coniugio
804 3323 993 3410 probibendi
1014 3328 1098 3388 sunt
1145 3321 1306 3400 Quomodo
1334 3343 1369 3390 se
1391 3323 1601 3392 sacerdotium
1623 3323 1713 3410 iungi
1735 3345 1808 3394 con·

638 3440 794 3524 siderant,
825 3439 880 3524 qui
907 3438 1024 3506 tulibm
1052 3437 1223 3506 sceleribus
1252 3438 1386 3506 involuti
1415 3459 1484 3506 esse
1510 3445 1745 3527 monstrantur,
1774 3448 1810 3509 ut

637 3576 740 3642 neque
762 3555 918 3624 seculares
940 3553 1049 3623 fideles
1071 3555 1122 3621 bis
1144 3553 1336 3622 facinoribus
1359 3554 1523 3622 obvolutos
1538 3557 1704 3642 optemus?
1726 3556 1809 3636 Quo-

638 3672 731 3739 modo
754 3692 819 3738 non
841 3673 1069 3758 pertimescunt
1097 3671 1204 3738 divina
1231 3671 1383 3757 mysteria
1410 3671 1611 3756 confingeret
1639 3673 1706 3738 Ant
1732 3693 1810 3759 qno-

638 3789 732 3856 modo
749 3787 789 3854 ad
804 3788 959 3854 orandum
974 3807 1032 3874 pro
1052 3789 1195 3874 peccata‘
1212 3786 1321 3875 populi
1336 3786 1483 3854 accedere
1497 3793 1713 3874 praesumunt,
1734 3789 1810 3856 dum

638 3906 722 3973 sacri
745 3925 880 3972 canones
901 3924 1005 3989 neque
1026 3925 1142 3991 purum
1165 3903 1328 3988 clericum,
1358 3902 1408 3970 cui
1432 3905 1642 3972 sacerdotium
1663 3925 1728 3972 non
1750 3911 1810 3990 est,

640 4021 785 4089 secundis
819 4020 962 4107 copulari
988 4021 1110 4108 nuptiis
1139 4019 1358 4107 praecipiunt?
1393 4019 1450 4086 lsti
1478 4020 1562 4088 enim
1590 4040 1608 4088 e
1635 4023 1809 4104 contrario;

639 4157 703 4204 non
727 4135 830 4203 solnm
853 4138 928 4221 qnia
949 4142 1024 4223 post
1045 4140 1227 4223 susceptum
1251 4136 1462 4203 sacerdotium
1477 4155 1511 4203 se
1526 4137 1685 4204 abstinere
1699 4137 1812 4206 nolunt

533 4340 538 4352 .
641 4253 681 4320 ab
696 4273 760 4320 una
773 4272 883 4337 uxore,
906 4253 1015 4336 immo,
1037 4252 1181 4320 luxoriae
1197 4251 1346 4336 obvoluti,
1364 4253 1474 4339 peiora
1488 4251 1677 4320 secularium
1692 4252 1813 4322 scelera

640 4369 852 4453 committunt,
874 4374 912 4436 ut
925 4369 1033 4455 plures
1048 4388 1163 4436 uxores
1178 4368 1294 4438 habere
1307 4375 1522 4455 praesumant,
1544 4368 1696 4455 quorumk
1710 4389 1813 4456 neque

714 4579 735 4612 ι.
755 4583 812 4611 corr.
829 4570 852 4612 te
872 4563 999 4611 celebrares
1021 4567 1047 4614 C.
1124 4563 1147 4611 b.
1167 4563 1260 4611 iubente
1281 4567 1319 4619 M,
1340 4569 1436 4612 corais
1456 4565 1547 4612 iurante
1569 4567 1595 4613 C.
1673 4579 1693 4612 a
1716 4583 1773 4613 corr.
1789 4571 1812 4614 a

641 4667 725 4724 meque
743 4665 769 4711 c.
842 4663 865 4708 d.
887 4662 989 4721 repperit
1005 4665 1040 4708 M.
1111 4676 1130 4708 e.
1148 4627 1195 4723 ‚elui
1212 4664 1238 4710 C.
1307 4661 1324 4708 i.
1341 4679 1397 4709 corr.
1414 4666 1436 4710 tn
1452 4661 1567 4709 abdlnent
1583 4665 1609 4711 c.
1679 4675 1701 4722 g.
1718 4679 1760 4710 οι
1777 4667 1812 4712 n.

641 4741 665 4789 h.
684 4755 710 4790 aa
726 4743 783 4789 add
800 4757 879 4788 maus
896 4744 1009 4804 corrigam
1025 4743 1048 4788 tu
1065 4744 1091 4790 C.
1153 4743 1169 4788 l.
1186 4759 1243 4789 corr.
1260 4744 1282 4788 tu
1297 4743 1398 4802 paccatls
1415 4745 1441 4790 C.
1502 4741 1525 4789 k.
1542 4759 1600 4788 corr.
1616 4745 1639 4789 s'a
1656 4741 1738 4804 qulbus
1755 4745 1782 4791 C.

714 4847 738 4902 1.
764 4835 949 4914 innotus,
962 4845 988 4900 u.
