4342 6034
554 923 606 979 m

521 999 573 1044 anto
581 997 631 1045 Oet

652 758 715 823 138
922 776 949 822 s,
967 775 1143 822 normann
1165 777 1209 821 ran
1230 775 1332 822 uuam
1354 773 1541 822 memnonia
1564 773 1593 820 so

650 916 799 1002 quioquid
821 915 900 982 mihi
922 915 1062 983 laetitiae
1084 915 1136 982 vel
1157 915 1307 982 tristitiae
1330 915 1497 998 acciderat,
1520 914 1692 1000 apostolico
1715 916 1820 1001 ponti-

649 1031 702 1099 fici
725 1031 863 1098 solebam
886 1031 1041 1113 indicare;
1064 1031 1157 1097 utin
1178 1031 1251 1098 letis
1274 1030 1369 1097 simul
1390 1011 1591 1097 laudaremus
1606 1030 1711 1098 Deum
1734 1031 1820 1098 etin
1935 1035 1936 1058 ³

649 1148 794 1215 tristibus
819 1148 885 1214 eiua
909 1146 1040 1213 oonsilio
1062 1147 1238 1214 roborarer.
1273 1146 1323 1213 lta
1345 1153 1377 1214 et
1398 1167 1481 1213 nunc
1504 1147 1582 1212 mihi
1603 1146 1693 1214 vohis
1716 1146 1819 1214 liceat.

650 1263 766 1330 Pietati
787 1267 912 1330 vestrae
934 1262 1093 1349 supplico,
1124 1263 1206 1330 sicut
1234 1262 1385 1349 scriptum
1415 1267 1479 1328 est:
1510 1264 1677 1351 Iucmopa
1697 1277 1821 1350 putrere

651 1393 753 1461 mum,
778 1393 807 1446 et
828 1381 1045 1446 adnuntiabit·
1067 1381 1142 1457 tidir
1165 1383 1300 1445 seniores
1323 1392 1407 1460 tuoe,
1433 1392 1461 1445 st
1483 1381 1586 1445 dicent
1607 1374 1691 1446 etit
1935 1447 1936 1464 ἶ

739 1493 858 1560 Notum
881 1495 965 1560 enim
987 1495 1029 1560 sit
1043 1494 1229 1581 paternitati
1243 1498 1377 1578 vestrae,
1402 1494 1485 1579 quia,
1508 1497 1676 1581 postquam
1690 1493 1821 1578 indigno

649 1609 728 1676 mihi
750 1610 940 1694 mandastis,
969 1611 1003 1676 in
1026 1610 1191 1697 provincia
1212 1607 1421 1694 Francorum,
1449 1610 1531 1676 siout
1552 1615 1584 1676 et
1605 1609 1668 1696 ipsi
1689 1630 1822 1694 rogave-

650 1725 753 1811 runt¹'‚
778 1725 965 1793 sacerdotali
987 1725 1120 1792 concilio
1144 1731 1176 1791 et
1194 1723 1328 1791 sinodali
1343 1725 1510 1792 conventui
1524 1745 1681 1812 praeesse,
1704 1725 1822 1792 multas
1935 1715 1936 1718 ¹

650 1841 783 1908 iniurias
806 1847 838 1908 et
859 1842 1094 1928 persecutiones
1118 1861 1229 1927 passus
1259 1861 1344 1922 sum,
1372 1841 1510 1908 maxime
1539 1861 1664 1927 semper
1690 1840 1821 1907 aialsis
1935 1839 1936 1902 l

650 1958 882 2042 sacerdotibus,
907 1958 946 2024 ab
970 1957 1154 2024 adulteratis
1177 1956 1361 2042 presbiteris
1386 1976 1440 2023 seu
1463 1956 1645 2023 diaconibus
1669 1962 1702 2025 et
1724 1957 1822 2024 fomi-

649 2074 745 2140 cariis
767 2073 899 2140 clericis.

739 2187 897 2256 Maximus
918 2193 1026 2255 tamen
1048 2185 1127 2254 mihi
1146 2187 1236 2253 labor
1257 2187 1319 2252 luit
1332 2192 1443 2253 eontra
1457 2185 1535 2253 duos
1550 2186 1705 2255 hereticos
1720 2189 1821 2274 pessi·

649 2325 718 2371 mos
742 2311 774 2371 et
795 2304 937 2391 publicos
960 2309 993 2370 et
1014 2303 1213 2390 blasphemos
1237 2307 1347 2369 contra
1369 2301 1472 2369 Deum
1503 2307 1535 2369 et
1556 2305 1667 2369 contra
1688 2303 1821 2370 catholi-

650 2440 720 2486 cam
742 2419 847 2486 fidem.
893 2418 982 2486 Unus
1010 2419 1064 2504 qui
1093 2418 1209 2484 dicitur
1231 2417 1382 2486 Eldehert
1409 2419 1537 2485 natione
1564 2419 1687 2503 generis
1710 2417 1821 2486 Galim

651 2540 714 2618 est,
738 2534 819 2601 alter
841 2535 895 2620 qni
917 2535 1033 2601 dicitur
1055 2533 1200 2601 Clemens
1223 2554 1337 2618 genere
1361 2535 1485 2601 Scottus
1508 2538 1571 2614 est3
1601 2535 1706 2621 specie
1736 2555 1822 2602 erro-

650 2651 694 2716 ris
723 2651 857 2736 diversi,
892 2650 949 2718 sed
975 2650 1115 2737 pondere
1142 2655 1340 2736 peccatorum
1371 2669 1532 2737 conpares.
1586 2649 1704 2717 Contra
1731 2651 1821 2736 istos,
1935 2715 1936 2718 ,

651 2767 779 2834 obsecro
804 2767 1009 2853 apostohcam
1032 2766 1250 2832 auctoritatem
1273 2771 1428 2850 vestram,
1458 2765 1542 2850 quod
1569 2785 1673 2832 meum
1700 2767 1821 2834 medio-
1935 2777 1936 2828 3

650 2884 793 2950 critatem
816 2883 983 2949 defendere
1006 2887 1038 2949 et
1061 2882 1226 2966 adiuvare,
1255 2889 1287 2950 et
1314 2903 1371 2969 per
1399 2882 1519 2968 scripta
1540 2889 1646 2949 vestra
1667 2883 1821 2969 populum
1935 2903 1936 2914 ³

649 2998 842 3066 Francorum
865 3006 898 3066 et
920 2997 1083 3066 Gallorum
1106 2999 1263 3082 corrigere
1286 2997 1454 3064 studeatis:
1482 3002 1519 3063 ut
1540 2997 1752 3064 hereticorum
1774 2999 1821 3064 fa·

650 3115 740 3182 bulas
764 3120 796 3181 et
817 3135 900 3182 vana
921 3114 1068 3200 prodigia
1090 3119 1121 3180 et
1143 3114 1234 3197 signu
1256 3113 1468 3199 precursoris⁸
1492 3113 1652 3180 antikristi
1674 3133 1739 3179 non
1754 3131 1822 3181 sec·

649 3235 773 3312 tantnr3
803 3231 859 3298 sed
889 3230 929 3296 ad
957 3230 1108 3297 canonica
1130 3230 1201 3295 iura
1223 3234 1255 3296 et
1278 3229 1317 3294 ad
1339 3228 1424 3294 uum
1447 3248 1541 3295 verae
1564 3229 1725 3296 doctrinae
1748 3249 1822 3296 con·

650 3350 824 3412 vertantur.
860 3345 903 3412 Et
925 3351 962 3412 ut
983 3365 1041 3432 per
1062 3345 1193 3411 verbum
1216 3349 1356 3411 vestrum
1378 3345 1432 3410 isti
1454 3344 1585 3411 heretici
1607 3345 1668 3410 duo
1691 3347 1822 3412 mittan-

651 3469 705 3528 tur
725 3462 760 3527 in
782 3481 959 3546 carcerem,
990 3462 1018 3528 si
1040 3461 1130 3527 vohis
1152 3461 1270 3526 instrum
1294 3479 1362 3527 esse
1385 3459 1544 3544 videatur,
1573 3480 1645 3527 oum
1667 3461 1767 3528 vitam
1790 3467 1823 3529 et

651 3578 829 3645 doctrinam
851 3577 977 3644 illorum
1001 3577 1090 3643 vohis
1111 3576 1309 3642 intimavero.
1356 3574 1399 3642 Et
1420 3575 1525 3642 nullus
1548 3594 1621 3643 cnm
1643 3577 1688 3643 eis
1710 3577 1822 3662 loqua-

652 3699 705 3760 tur
728 3693 801 3760 aut‘¹
823 3694 1075 3760 communionem
1098 3691 1222 3776 habeat
1246 3711 1285 3756 ne
1306 3691 1398 3774 forte,
1421 3691 1574 3758 fermento
1595 3691 1736 3759 doctrine
1751 3693 1823 3760 illo-

652 3830 723 3875 rum
751 3810 974 3892 fermentatus,
1004 3808 1118 3892 aliquis
1146 3811 1270 3894 pereat3
1301 3806 1356 3873 sed
1384 3808 1541 3891 segregati
1568 3807 1677 3874 vivant
1705 3845 1748 3854 —
1780 3816 1822 3894 et,

651 3926 741 3991 iuxta
777 3924 896 3990 dictum
931 3924 1081 4009 apostoli,
1115 3921 1294 3989 huiusmodi
1321 3921 1431 3988 traditi
1459 3927 1569 3990 satane
1595 3923 1628 3989 in
1657 3923 1823 3992 interitum

652 4041 767 4123 carnis,
790 4044 827 4105 ut
848 4039 979 4126 spiritus
1002 4039 1108 4106 salvus
1131 4038 1174 4104 sit
1195 4039 1229 4104 in
1251 4037 1303 4104 die
1324 4033 1485 4120 Domini‘3
1515 4043 1547 4105 et
1572 4039 1663 4105 iuxta
1685 4059 1823 4125 euange-

650 4155 746 4221 licum
775 4160 994 4241 praeceptum,
1022 4156 1098 4222 dum
1127 4154 1310 4221 aecclesiam
1333 4173 1396 4220 non
1424 4153 1607 4239 audierunt,
1637 4155 1702 4221 sint
1729 4155 1823 4224 nohis

652 4271 734 4338 siam
763 4270 900 4337 aethnici
927 4276 960 4337 et
981 4265 1159 4358 publicani³
1183 4305 1224 4316 —
1249 4270 1348 4338 donec
1370 4270 1493 4337 discant
1514 4290 1579 4338 non
1601 4269 1823 4356 blasphemare

650 4407 710 4454 neo
732 4386 874 4454 scindere
896 4387 1032 4454 tonicam
1056 4381 1201 4453 Christi‘.
1291 4385 1426 4472 Propter
1455 4387 1532 4454 istos
1561 4386 1645 4453 enim
1672 4405 1822 4473 persecu-

722 4604 743 4637 ι
765 4589 889 4637 ednunavlt
905 4593 939 4636 Μ.
1013 4589 1036 4636 h.
1058 4593 1166 4650 rogarunt
1183 4593 1209 4639 c.
1281 4603 1301 4637 c.
1322 4589 1463 4650 precursoris
1481 4593 1514 4637 n.
1584 4589 1607 4637 d.
1629 4607 1672 4638 om.
1688 4593 1730 4647 M,-
1746 4607 1822 4652 σιφα-

648 4673 754 4730 acram
769 4679 803 4717 m
817 4673 841 4716 ia
857 4672 884 4718 C.

721 4775 746 4829 1.
769 4773 852 4829 nent.
865 4774 909 4844 aa,
922 4774 948 4828 u.
1030 4773 1302 4844 arceremus.
1386 4773 1412 4828 a.
1435 4773 1530 4829 natu.
1545 4775 1586 4844 ra,
1601 4773 1642 4829 rr.
1726 4775 1753 4830 4.
1779 4773 1820 4832 or.

649 4861 877 4933 mmmm
