4342 6034
693 715 762 785 536
949 732 1111 783 montom
1132 733 1319 782 manassae
1341 734 1422 781 vrrs
1444 732 1617 781 hennom

526 877 753 943 1018·1030hoc
775 876 983 960 excogitavit:
1011 880 1049 941 nt
1076 874 1117 941 ab
1146 874 1360 961 septentrione
1384 874 1425 941 ad
1447 873 1613 941 meridiem
1635 870 1740 959 virgo¹
1759 873 1848 960 respi-
1915 916 1916 935 ι

693 997 779 1059 caret
791 988 976 1075 virgines¹¹‚
999 996 1033 1057 et
1046 990 1087 1057 ab
1103 997 1174 1057 ortu
1189 990 1265 1057 solis
1279 991 1314 1055 in
1329 989 1494 1057 oecasnrnb
1511 984 1689 1077 apostolns³
1704 987 1849 1057 hahent

692 1106 811 1175 Habito
834 1127 908 1191 ergo
930 1106 1073 1191 consilio,
1095 1111 1237 1173 teneram
1259 1104 1357 1171 liliam
1381 1104 1478 1173 abbas
1498 1110 1609 1173 saneto
1624 1107 1692 1172 viro
1707 1125 1852 1173 commen·

693 1222 791 1306 davit,
813 1228 852 1289 ut
872 1228 906 1289 et
926 1258 967 1271 -
991 1222 1186 1309 temporibus
1208 1220 1361 1288 infantiae
1376 1256 1418 1269 -
1434 1221 1516 1288 lacte
1537 1226 1721 1307 pasceretur
1742 1227 1774 1287 et
1792 1222 1853 1287 sins

693 1339 878 1405 austeritate
906 1337 1109 1425 disciplinata
1137 1336 1311 1404 doceretur.
1345 1336 1426 1403 Tum
1448 1336 1498 1403 vir
1520 1336 1661 1424 perfecte
1682 1336 1781 1420 vitae,
1807 1336 1853 1423 pie

693 1474 728 1520 se
749 1453 950 1520 conformans
971 1454 1125 1520 infantiae
1147 1452 1306 1520 nutricum
1327 1472 1426 1535 more,
1449 1452 1510 1519 etsi
1532 1452 1734 1519 assuescebat
1754 1452 1793 1518 ad
1805 1471 1854 1537 po·

693 1570 748 1636 des
773 1568 904 1636 Domini
931 1571 1016 1637 vitae
1042 1569 1230 1653 theoretice,
1261 1588 1394 1653 gnarum
1422 1572 1531 1635 mmen
1558 1589 1593 1635 se
1620 1566 1804 1635 ostendebat
1828 1574 1855 1634 et

691 1686 866 1773 practicae3
889 1686 1020 1753 imitam
1041 1684 1143 1768 illum,
1168 1685 1233 1770 qui,
1255 1704 1328 1751 cum
1349 1688 1459 1751 tantae
1473 1684 1628 1753 claritatis
1643 1689 1736 1769 esset,
1759 1688 1796 1750 ut
1808 1683 1854 1750 de

691 1801 869 1869 siderarent
889 1803 923 1868 in
940 1822 1012 1869 eum
1028 1800 1133 1886 angeli
1148 1800 1340 1888 prospicere,
1364 1806 1529 1887 assumpta
1542 1800 1734 1869 obscuritate
1748 1800 1853 1882 carnis,

691 1924 800 1984 nostro
822 1919 972 1984 inventus
993 1923 1043 1984 ost
1062 1918 1098 1983 in
1118 1934 1259 2004 corpore.
1294 1915 1452 1995 Quantum
1468 1936 1503 1983 se
1517 1916 1551 1981 in
1566 1916 1626 1983 hoc
1639 1916 1740 2000 gradu
1754 1915 1854 1983 lerant

691 2034 939 2121 expectabilem,
973 2032 1053 2099 mihi
1081 2052 1161 2119 opus
1189 2051 1253 2098 non
1282 2037 1330 2099 est
1358 2031 1533 2114 declarare;
1567 2032 1652 2118 quod
1679 2037 1728 2099 tot
1753 2032 1852 2099 testari

690 2150 854 2234 ridentur,
877 2152 971 2235 qnot⁰
994 2148 1112 2232 adhuc,
1136 2148 1204 2215 eius
1227 2146 1380 2234 exemplis
1401 2146 1589 2232 illuminati,
1612 2154 1774 2232 reguntur.

523 2269 683 2325 1024-1000
779 2265 1060 2353 Appropinquavit
1079 2264 1219 2349 interim,
1243 2263 1326 2349 quod
1349 2264 1502 2350 scriptum
1525 2268 1588 2331 est:
1612 2265 1696 2331 Ecce
1714 2266 1852 2351 maipa

690 2404 799 2447 emas
826 2404 930 2463 mess,
962 2382 1152 2447 suadebatur
1175 2380 1411 2461 etelwoldus,
1441 2392 1470 2445 et
1491 2380 1635 2445 soblem
1658 2384 1719 2447 ese
1737 2376 1850 2460 vulde⁸3

583 2574 587 2581 .
690 2497 776 2583 quia,
800 2515 894 2582 quem
917 2501 1045 2563 sanctus
1067 2494 1274 2563 accendebatd
1291 2494 1439 2582 Spiritus,
1463 2494 1656 2562 abscondere
1677 2515 1742 2561 non
1761 2494 1853 2582 potuit

690 2606 843 2679 modius⁸.
881 2610 979 2678 Venit
1005 2612 1089 2678 enim
1118 2612 1240 2678 hisdem
1270 2610 1381 2678 diebus
1408 2631 1467 2679 rex
1495 2608 1697 2678 cuonradus·
1718 2610 1851 2692 Fuldam,

691 2732 724 2794 et
751 2747 772 2794 a
798 2724 892 2794 beato
921 2732 1013 2813 patre
1039 2726 1196 2799 Richards
1226 2724 1267 2792 ad
1294 2726 1452 2793 novellam
1481 2726 1635 2793 adductus
1663 2732 1713 2793 est
1738 2721 1850 2793 filiam'.

690 2842 752 2910 Ubi
775 2841 859 2909 tnm¹
879 2843 1034 2909 nutricius
1057 2842 1198 2910 eiusdem
1220 2840 1315 2927 filiae,
1336 2843 1387 2909 vir
1407 2840 1527 2909 sedicet
1544 2842 1716 2929 predictus,
1737 2842 1851 2909 obuiam

690 2958 756 3026 illis
779 2978 924 3044 egressus
947 2964 997 3025 est
1017 2964 1059 3042 et,
1082 2963 1119 3024 ut
1141 2963 1210 3025 erat
1232 2958 1319 3025 mitis
1335 2961 1368 3025 et
1381 2958 1592 3025 urbanissime
1605 2958 1766 3043 educatus,
1787 2978 1850 3025 een·

690 3096 770 3160 grue
793 3074 913 3141 honore
934 3074 1074 3161 suscepit
1096 3094 1158 3141 eos.
1196 3072 1259 3141 Sed
1286 3074 1361 3159 quia
1388 3094 1451 3140 non
1472 3074 1611 3141 inaniter
1637 3076 1740 3158 venit,
1767 3093 1848 3159 quom

691 3191 800 3258 divim
820 3190 910 3257 misit
931 3189 1141 3277 providentia,
1164 3196 1332 3277 postquam
1355 3189 1497 3256 oratione
1512 3189 1663 3277 petitnm⁸
1679 3188 1848 3257 aecclesiam

691 3326 838 3391 egressum
861 3310 919 3390 est,
943 3304 1070 3389 singula
1092 3305 1131 3372 de
1144 3306 1205 3373 hoe
1218 3305 1287 3373 loco
1302 3310 1524 3393 percunctatus
1541 3340 1583 3353 -
1600 3326 1682 3391 quae
1695 3306 1743 3373 illi
1756 3312 1848 3373 essent

690 3422 838 3507 servitia,
862 3422 917 3509 qui
939 3421 1069 3505 matres,
1093 3422 1163 3506 quis
1186 3421 1297 3508 pater?
1320 3457 1363 3467 —
1387 3441 1459 3487 cum
1482 3421 1589 3487 omnia
1609 3422 1757 3507 resciret,
1776 3422 1848 3487 hunc

691 3540 788 3607 etiam
810 3542 934 3625 patrem
957 3556 998 3603 ex
1019 3537 1147 3603 nomine
1170 3536 1303 3622 audiret,
1326 3536 1430 3604 subito
1444 3535 1583 3624 repletus
1599 3557 1723 3605 summo
1737 3536 1846 3623 gaudio,

691 3654 775 3740 qnod
803 3654 894 3721 eum·
916 3652 1052 3737 videret,
1081 3671 1174 3737 quem
1203 3652 1321 3719 dudum
1349 3652 1410 3719 sibi
1433 3652 1499 3718 ...¹
1521 3652 1638 3737 diuque
1666 3653 1846 3739 multumne

691 3770 753 3837 sibi
775 3770 862 3836 lama
887 3768 1090 3854 loquebatur,
1119 3768 1233 3835 iterato
1256 3768 1427 3835 salutatum
1450 3767 1664 3854 amplexatum
1688 3768 1846 3837 nseulatun

690 3886 856 3974 promisit,
884 3903 957 3951 cum
983 3884 1122 3972 primum
1150 3886 1385 3952 nancisceretur
1406 3885 1530 3971 copiam
1552 3888 1608 3951 aut
1627 3889 1770 3973 tempus,
1795 3902 1846 3951 nen

691 4001 851 4068 dimittere
873 4020 909 4067 se
930 3999 993 4067 nisi
1014 3998 1162 4069 redderet
1184 4000 1366 4069 exaltatum.
1401 4000 1482 4069 Erat
1503 4020 1626 4089 quoqne
1647 4001 1701 4070 hic
1714 4002 1774 4070 Dei
1793 4020 1845 4067 ser·

691 4137 750 4184 vus
772 4112 901 4203 regino⁸
923 4117 1190 4201 consanguineum
1214 4122 1246 4184 et
1268 4116 1382 4183 exinde
1397 4118 1615 4203 promissionis
1630 4118 1754 4187 facilior
1767 4118 1845 4185 fiebat

763 4307 784 4342 a.
805 4294 905 4353 vhm'ner
920 4297 1057 4354 aeripes’m
1072 4294 1189 4353 drumm
1266 4294 1288 4341 b.
1309 4306 1392 4341 cecam
1409 4312 1429 4341 c.
1501 4308 1521 4343 c.
1543 4296 1642 4357 quode.
1715 4296 1738 4345 d.
1753 4292 1844 4343 meando

691 4374 767 4422 bate.
845 4364 1041 4421 aodnndusc.
1117 4373 1242 4421 t.eume.
1319 4375 1484 4434 &petitam
1547 4374 1656 4423 laede.
1734 4372 1844 4423 cast

690 4455 894 4503 maulam

762 4558 788 4613 1.
806 4556 835 4613 S.
847 4556 942 4613 llarla
1010 4558 1036 4612 0.
1055 4554 1083 4611 S.
1093 4554 1241 4613 Iohannem
1255 4554 1403 4627 bapttstam
1415 4562 1446 4613 et
1455 4556 1484 4615 S.
1493 4558 1642 4615 Iohannem
1654 4559 1842 4631 congelatam

691 4644 734 4703 (lt.
754 4646 870 4717 Apoeal.
889 4644 932 4716 14,
948 4645 980 4701 4:
1009 4644 1076 4716 „qui
1099 4660 1162 4701 enm
1185 4645 1343 4701 mulieribus
1366 4661 1422 4703 nen
1444 4648 1714 4721 contemnendarum
1738 4646 1842 4716 virginet

690 4734 764 4789 enim
781 4732 876 4790 sueth
956 4734 982 4789 3.
1007 4732 1113 4789 Petrus
1189 4734 1216 4790 4.
1239 4734 1388 4790 Andreena
1466 4738 1492 4793 5.
1515 4738 1636 4806 lsaiblt,
1649 4738 1692 4793 13.
1763 4736 1787 4791 6.
1806 4728 1838 4787 Ol.

691 4824 759 4878 Luc.
774 4824 817 4893 11,
829 4823 874 4879 33,
964 4822 990 4878 l.
1013 4822 1050 4877 ad
1067 4822 1401 4879 Nouum-monasterium.
1490 4823 1516 4881 8.
1541 4824 1643 4882 (lisiae.
