4342 6034
501 882 658 939 nee-1158

668 714 735 781 406
1010 729 1203 796 nersronau
1219 729 1450 777 moeuurmue
1470 728 1503 775 se

756 870 807 939 De
829 876 1013 957 contemptu
1034 890 1159 957 quoque
1181 870 1279 938 seculi
1301 870 1438 939 seribere
1453 868 1543 937 vobis
1557 868 1769 936 necessarium
1782 868 1833 935 du·

668 988 791 1073 ximus,
816 987 855 1055 de
878 987 1069 1073 suspitione·
1093 986 1296 1069 diviciarum,
1325 986 1395 1053 auri
1416 984 1563 1053 videlicet
1584 990 1617 1053 et
1639 984 1777 1068 argenti,
1802 985 1833 1051 in

669 1104 784 1190 quibus
805 1100 967 1169 confidunt
988 1103 1142 1187 homiues,
1165 1102 1205 1171 de
1227 1121 1294 1189 spe,
1317 1101 1357 1168 de
1377 1101 1643 1189 contemplatione
1663 1101 1836 1167 futurorum

668 1220 833 1303 bonorum,
854 1218 894 1287 de
907 1218 1034 1301 iudicio,
1051 1218 1090 1285 de
1104 1220 1227 1285 ratione
1241 1217 1402 1285 reddenda
1416 1218 1656 1285 commissarum
1670 1216 1761 1283 vobis
1774 1216 1836 1282 ani-

668 1354 803 1419 marum,
825 1334 864 1401 de
884 1338 995 1417 morte,
1020 1334 1059 1401 de
1081 1333 1194 1401 mortis
1216 1332 1373 1420 supplicio
1395 1334 1486 1399 iuxta
1505 1332 1587 1399 illud
1608 1332 1778 1419 sapientis:
1801 1332 1837 1398 In

668 1452 811 1519 comibus
839 1452 986 1538 operabar
1009 1453 1070 1517 tois
1093 1448 1284 1517 rraeororareb
1306 1452 1478 1517 corebama
1500 1463 1555 1517 trac
1578 1462 1606 1515 et
1626 1452 1663 1515 sir
1685 1462 1839 1515 ammom

667 1592 732 1635 noc
742 1566 894 1655 'peccabis
903 1561 921 1631 ¹.
957 1564 1039 1652 Sepo
1058 1586 1196 1651 namque
1215 1566 1342 1633 evenire
1360 1564 1452 1648 solet,
1475 1564 1569 1650 quod,
1592 1564 1719 1651 qnando
1734 1564 1838 1631 mnndi

667 1683 778 1767 gloria,
801 1700 907 1749 rerum
930 1680 1155 1765 habundantia,
1178 1680 1363 1768 temporalis
1385 1685 1525 1767 potestas
1547 1681 1643 1747 corda
1661 1680 1839 1750 mortalium

667 1798 829 1885 possidere
843 1796 1010 1884 incipiunt,
1034 1797 1150 1863 mentis
1168 1797 1304 1882 quadam
1320 1798 1461 1881 cecitate,
1485 1797 1616 1884 spiritns
1632 1796 1839 1863 obstinatione
1912 1821 1913 1888 f

668 1913 784 1980 tollunt
812 1912 851 1979 ab
877 1912 975 1979 oculis
999 1929 1108 1979 eorum
1136 1912 1248 1979 mortis
1274 1912 1476 1996 memoriam,
1505 1918 1666 1979 aeternam
1687 1910 1839 1978 contnuo

667 2048 757 2113 nem,
785 2038 942 2113 geennae⁶
964 2028 1122 2115 inopiam,
1150 2028 1342 2114 perdicionis
1365 2047 1532 2095 carcerem.
1622 2028 1839 2094 Necessarium

666 2146 766 2229 igitur
787 2144 877 2211 vobis
900 2148 1006 2211 essent
1028 2143 1101 2210 duri
1124 2148 1297 2229 argutores,
1321 2164 1385 2211 non
1407 2144 1516 2211 blandi
1538 2143 1736 2226 adulatores3
1760 2164 1839 2210 mor·

665 2262 711 2328 tis
731 2280 900 2349 precones,
929 2278 993 2325 non
1015 2262 1100 2327 vitae
1122 2260 1347 2347 promissorem
1379 2260 1473 2325 amici
1494 2260 1656 2344 veritatis,
1678 2280 1745 2326 non
1767 2260 1839 2326 socii

668 2376 835 2459 vanitatis3
859 2396 899 2442 ne
922 2374 1091 2460 aliquando
1113 2394 1220 2442 rerum
1240 2374 1411 2459 affluentia,
1434 2374 1619 2463 temporalis
1634 2375 1775 2460 dignitas
1791 2376 1840 2443 ab

670 2492 824 2559 scondant
846 2490 886 2558 ab
908 2490 1007 2558 oculis
1030 2491 1146 2558 mentis
1169 2488 1220 2557 vel
1236 2488 1442 2578 supplantent
1456 2492 1580 2557 futuras
1594 2512 1705 2579 penas,
1728 2492 1840 2577 geben·

669 2606 757 2674 nales
778 2606 934 2673 miserias.

758 2722 857 2789 Dives
880 2722 1025 2807 quidam,
1055 2722 1110 2807 qui
1132 2720 1280 2789 mollibus
1309 2721 1515 2806 vestiebatur,
1543 2722 1630 2790 laute
1658 2722 1841 2810 epulabatur

675 2876 710 2889 -
734 2838 840 2906 brevis
864 2844 913 2906 eet
933 2837 1042 2905 fabula
1056 2872 1098 2885 -
1114 2858 1155 2905 ne
1177 2838 1309 2905 deliciae
1330 2838 1435 2905 camis
1458 2838 1597 2905 animam
1618 2840 1654 2905 in
1677 2839 1840 2907 oblivionis

669 2955 852 3040 voraginem
874 2955 1104 3042 precipitarent
1124 2954 1181 3020 sed
1203 2974 1328 3040 semper
1349 2960 1485 3022 mortem
1508 2960 1689 3042 suspectam
1703 2955 1838 3038 baberet,

670 3092 762 3139 ores
785 3070 957 3139 memoriae
986 3070 1097 3155 digna,
1126 3070 1240 3136 statuit
1267 3070 1308 3136 ad
1337 3090 1480 3137 mensam
1503 3091 1593 3137 suam
1615 3090 1751 3157 puerum
1772 3071 1838 3137 duri

670 3188 734 3255 oris
757 3192 790 3254 ct
817 3188 1005 3270 clamosum,
1034 3186 1088 3271 qni
1111 3185 1152 3252 ad
1174 3184 1300 3269 singula
1321 3206 1443 3272 queque
1465 3186 1598 3271 fercula,
1626 3206 1709 3273 quae
1728 3188 1838 3254 infero

671 3296 801 3387 bantur,
824 3302 970 3390 preconis
993 3320 1069 3368 voce
1092 3300 1259 3369 clamaret:
1290 3302 1380 3386 Stre,
1403 3317 1437 3370 tu
1458 3310 1580 3388 meda,
1602 3302 1663 3370 boc
1685 3309 1749 3370 est:
1771 3306 1836 3371 Do·

670 3424 764 3501 cane,
789 3432 824 3487 tc
845 3420 1007 3495 moriem
1030 3421 1063 3483 et
1084 3416 1139 3483 ille
1155 3417 1335 3504 respondit:
1358 3420 1423 3485 Ver
1437 3433 1471 3486 tc
1486 3422 1545 3501 dte,
1569 3420 1629 3487 hoc
1643 3424 1708 3486 est:
1730 3420 1837 3486 Veram
1912 3421 1913 3424 ’

670 3550 705 3603 ra
726 3536 824 3611 dicia·
847 3552 961 3621 parum
982 3532 1155 3619 prelibans,
1178 3534 1336 3620 reliquum
1352 3534 1442 3602 misit
1455 3536 1616 3603 esurienti.
1690 3534 1838 3602 Similiter

670 3670 742 3719 cnm
769 3652 858 3717 veste
885 3670 968 3716 nova
996 3668 1033 3715 ac
1061 3650 1206 3735 preciosa
1226 3651 1315 3719 dives
1341 3650 1542 3735 indueretur,
1572 3656 1604 3718 et
1626 3670 1720 3738 puer,
1747 3670 1836 3739 preco

670 3766 798 3851 mortis,
821 3766 913 3833 solito
936 3764 1103 3832 clamerett
1134 3766 1217 3848 Stre,
1241 3780 1276 3833 ra
1296 3773 1413 3849 mareu,
1438 3771 1471 3833 et
1491 3766 1546 3833 ille
1566 3774 1771 3853 compunctus
1790 3786 1836 3832 re-

671 3883 867 3970 spondiseet:
890 3882 954 3949 νόν
976 3894 1011 3947 tc
1032 3883 1092 3963 dtr,
1116 3887 1204 3948 veste
1226 3882 1346 3949 nudum
1361 3884 1497 3969 operuit,
1519 3882 1676 3967 algentem
1691 3881 1834 3951 calefedt

671 3998 790 4079 Quodsi
812 3998 871 4064 hac
892 3996 1045 4084 parabola
1071 4016 1136 4064 non
1163 3998 1320 4083 tangeris,
1350 4020 1460 4065 verum
1487 3999 1521 4065 in
1544 3998 1648 4087 epulis
1668 4000 1733 4066 tuis
1755 4003 1785 4065 st
1803 3997 1836 4061 in

671 4114 773 4199 gloria
800 4120 856 4181 tua
882 4114 984 4179 mavis
1012 4114 1182 4201 temporali
1207 4114 1314 4181 leticia
1340 4114 1497 4181 consolari
1525 4134 1621 4199 quam
1643 4114 1755 4181 mortis
1774 4132 1834 4179 me-

672 4228 776 4299 moria
797 4228 976 4317 perturbari
991 4266 1035 4277 —-
1050 4249 1123 4297 cum
1145 4236 1254 4298 tamen
1275 4230 1389 4297 melius
1404 4230 1456 4315 sit,
1478 4230 1526 4297 ire
1541 4230 1581 4296 ad
1597 4230 1726 4298 domum
1739 4231 1833 4297 luctus

674 4366 770 4434 quam
793 4346 834 4413 ed
856 4345 984 4412 domum
1006 4346 1143 4413 convivii
1159 4352 1250 4414 —et
1270 4346 1341 4413 ideo
1361 4367 1425 4413 non
1440 4347 1619 4413 inveniatur
1631 4348 1716 4415 inter
1729 4362 1834 4435 pueros

674 4468 895 4551 tyrannorum,
931 4462 985 4549 qui
1011 4482 1155 4529 mensam
1181 4469 1270 4529 tuam
1298 4468 1468 4548 occupant,
1498 4482 1578 4550 puer
1604 4462 1760 4549 Hebreus,
1787 4460 1833 4547 qui

748 4654 769 4688 a
785 4640 912 4701 suspitione
927 4642 1011 4700 πήρη·
1022 4656 1065 4699 pre
1082 4639 1243 4700 suppeditans
1259 4658 1279 4687 c.
1326 4639 1350 4686 b.
1365 4642 1480 4687 menet
1491 4642 1515 4687 et
1529 4640 1554 4687 in
1569 4652 1615 4687 non
1629 4654 1654 4701 p.
1670 4660 1691 4688 e.
1740 4655 1759 4688 a
1774 4651 1832 4699 gesn-

674 4734 718 4769 πω
733 4724 817 4781 ecrv'psa‘
827 4738 870 4781 pro
885 4721 964 4779 guttae
981 4738 1001 4765 c.

747 4827 771 4881 1.
796 4824 879 4881 Eccli.
894 4825 918 4895 7,
930 4824 974 4877 40.
