4342 6034
650 751 713 817 176
897 769 924 817 s.
942 768 1119 817 soumsun
1141 770 1185 817 ur
1207 769 1310 818 nuum
1330 768 1518 817 nemronsn
1541 768 1571 815 sc

489 920 628 977 744-747
648 913 779 989 mamb,
810 914 898 975 culus
927 933 991 975 nom
1022 924 1066 975 est
1093 914 1257 996 cuempiam
1284 913 1426 975 inuenire
1434 905 1453 991 ¹,
1484 923 1542 976 out
1568 922 1732 995 tamquam
1753 914 1819 974 auis

648 1027 848 1091 mummolum
871 1030 906 1090 m
929 1020 1026 1091 aere’.
1071 1024 1116 1091 Et
1137 1030 1211 1112 post
1232 1044 1348 1111 pauca:
1373 1025 1431 1092 So
1452 1039 1482 1091 et
1502 1048 1560 1091 noe
1581 1028 1653 1091 uati
1673 1029 1819 1091 continuo
1928 1043 1929 1052 ¹

649 1144 816 1207 desivimus
840 1164 919 1217 eare3
941 1144 977 1206 im
999 1142 1195 1229 malepmitute
1215 1151 1343 1208 norma·
1366 1144 1546 1227 consumpti
1566 1163 1683 1206 mmm.
1726 1140 1821 1205 Tulle

648 1259 796 1333 dicerunt
818 1261 852 1321 iu
874 1257 1000 1341 infirmo
1023 1258 1084 1338 lull,
1115 1261 1173 1343 qui
1189 1269 1413 1343 peccaveram
1442 1254 1610 1341 quoniam*
1633 1278 1705 1342 epea
1728 1259 1822 1341 inopia·

648 1386 810 1458 tamquam
832 1373 948 1458 muopo
972 1386 1016 1437 eat
1038 1396 1120 1459 quae
1142 1399 1163 1439 a
1184 1386 1273 1439 emto
1296 1372 1444 1451 tollitar⁰,
1473 1386 1502 1437 et
1523 1385 1686 1457 tamquam
1708 1394 1821 1458 memo
1927 1419 1929 1424 ⁴

646 1490 778 1573 praellae
802 1510 882 1574 quae
905 1513 925 1553 u
943 1489 1089 1574 procella
1110 1491 1314 1574 draperpr'tur,
1338 1500 1366 1553 et
1388 1500 1550 1573 tamquam
1562 1484 1699 1572 fumusd
1722 1490 1782 1573 qui
1801 1510 1821 1550 u
1928 1575 1929 1578 Ἴ

647 1616 736 1670 oemto
760 1605 893 1689 diffmos
917 1616 970 1685 est,
996 1616 1025 1669 et
1046 1616 1208 1689 tamquam
1224 1606 1376 1668 moratoria
1390 1604 1522 1689 bospitio
1537 1605 1632 1668 unios
1647 1605 1714 1667 diei
1724 1625 1821 1688 prue-

648 1713 821 1785 semermi
856 1717 899 1785 Et
921 1718 1014 1785 alias:
1038 1720 1198 1785 Numerus
1221 1721 1345 1784 tieem
1365 1722 1449 1784 vitoe
1463 1719 1609 1799 bominis,
1632 1722 1664 1782 si
1676 1718 1820 1798 malmm,

649 1848 768 1901 reatum
791 1838 879 1916 omni,
905 1839 1000 1920 quusi
1016 1836 1158 1922 parvolo
1178 1848 1269 1921 putta
1283 1837 1322 1900 de
1336 1856 1452 1921 meque
1466 1838 1552 1901 muci
1565 1836 1734 1921 depactum
1750 1829 1820 1899 eet‘.
1928 1887 1929 1892 ,

648 1948 734 2015 Haec
757 1950 842 2015 enim
865 1949 971 2015 omnia
994 1949 1167 2015 secundnm
1189 1951 1407 2017 auctoritatem
1431 1953 1558 2017 sunctae
1581 1949 1760 2035 scripturae
1773 1969 1822 2015 re·

648 2086 719 2131 rum
742 2064 918 2131 conlatione
942 2064 1105 2132 simillima
1126 2070 1209 2132 sunt
1245 2064 1299 2133 Sic
1321 2070 1354 2131 et
1375 2064 1506 2133 lacobus
1528 2066 1628 2131 irater
1643 2064 1776 2131 Domini
1791 2069 1823 2130 et

649 2180 821 2267 apostolus,
842 2179 880 2247 ds
895 2180 993 2266 impio
1009 2180 1108 2249 divite
1123 2182 1299 2267 disputans,
1315 2181 1413 2247 dixit:
1438 2181 1529 2249 Sicut
1535 2181 1704 2267 floafomi
1716 2194 1821 2247 tram·

649 2298 725 2374 totu
754 2309 878 2362 emortua
908 2309 953 2361 eet
981 2300 1064 2362 enlm
1092 2298 1141 2363 sol
1168 2320 1239 2363 cum
1264 2300 1380 2363 ardore
1401 2311 1431 2363 ct
1453 2298 1598 2383 arescent·
1612 2298 1767 2382 foenum5
1795 2310 1823 2362 et

642 2414 706 2498 flos
736 2414 801 2477 eiua
829 2413 959 2491 deradit,
992 2424 1020 2477 et
1042 2414 1136 2478 decor
1156 2414 1260 2479 cobus
1283 2417 1348 2479 elue
1370 2410 1529 2500 deperiit,
1559 2416 1606 2478 itu
1628 2426 1658 2477 ct
1678 2415 1767 2477 dives
1789 2416 1822 2476 in

649 2529 814 2595 lamellae
843 2531 909 2592 sule
931 2524 1120 2593 muscarel·
1164 2527 1209 2595 Et
1229 2529 1302 2613 ipsa
1322 2528 1440 2594 veritas
1462 2528 1497 2594 in
1519 2526 1684 2611 euangelio
1706 2547 1822 2614 propo·

649 2664 727 2709 nens
751 2643 846 2709 dixit:
873 2643 960 2725 Quid
981 2646 1064 2709 mim
1081 2645 1230 2731 proderat
1250 2645 1387 2724 dommi,
1415 2648 1445 2709 ei
1466 2646 1620 2711 locemus*
1641 2647 1823 2710 autemeam

649 2762 811 2841 mundum,
836 2763 961 2825 animae
979 2782 1052 2826 uero
1073 2783 1150 2825 saue
1169 2762 1386 2827 lemmatum
1396 2755 1602 2847 patiuturl⁶¹³
1635 2758 1723 2825 Nihil
1738 2760 1822 2825 euim

724 2880 743 2918 ⁴*
769 2902 815 2957 ep.
838 2882 1004 2940 willelmum
1032 2881 1308 2945 Molmeslumeneem
1338 2890 1364 2939 et
1388 2883 1546 2941 Romulum
1575 2884 1666 2940 eadum
1690 2882 1824 2956 epistolae

769 2983 820 3037 iste
844 2988 900 3037 est:
925 2978 1128 3056 Quapropter,
1155 2978 1199 3038 fili
1226 2978 1392 3055 carissimo,
1417 2979 1550 3055 paternis
1576 2983 1606 3039 te
1632 2982 1664 3037 ot
1688 2978 1823 3037 subnixis

769 3077 907 3152 precibus
928 3075 1130 3153 deprecamur,
1151 3079 1263 3135 utnon
1284 3076 1431 3152 despicias
1451 3077 1606 3136 consilium
1627 3080 1746 3153 patrum
1760 3080 1823 3135 tuo·

770 3191 844 3249 rum,
865 3174 916 3249 qui
937 3190 990 3248 pro
1005 3173 1062 3232 Dei
1082 3191 1183 3233 amore
1197 3178 1277 3233 tuam
1292 3176 1442 3250 appellere
1455 3173 1659 3233 celsitudinem
1674 3179 1822 3251 satagunt

770 3270 853 3331 Nihil
874 3270 952 3329 enim
974 3270 1051 3330 bono
1073 3272 1136 3347 regi
1157 3272 1314 3349 salubrius,
1334 3288 1423 3347 qnam
1441 3272 1467 3330 si
1480 3272 1553 3331 talia
1567 3272 1735 3347 commissa,
1757 3288 1822 3330 cum

769 3374 941 3446 arguuntur,
962 3368 1089 3428 libenter
1110 3368 1311 3446 emendentur,
1332 3369 1403 3444 quia
1422 3386 1476 3445 per
1492 3369 1679 3429 Salomonem
1700 3369 1822 3428 dicitnr:

771 3465 828 3537 Qus
847 3468 938 3542 dilipc't
957 3467 1145 3543 disciplinam,
1165 3466 1257 3543 dillps't
1274 3469 1468 3543 supimtlom⁷.
1499 3468 1579 3545 Ideo,
1600 3466 1644 3526 fili
1660 3467 1822 3543 carissime,

771 3563 961 3623 ostendentes
981 3564 1136 3624 consilium
1157 3564 1277 3641 iustum,
1297 3567 1499 3624 contestamur
1518 3570 1549 3624 et
1568 3565 1759 3625 obsecramus
1772 3581 1823 3640 per

772 3661 919 3721 viventem
935 3663 1028 3721 Deum
1051 3665 1082 3721 et
1101 3678 1154 3736 per
1173 3661 1238 3720 eius
1257 3660 1350 3721 filium
1365 3662 1462 3721 Iesum
1477 3660 1625 3721 Christum
1645 3666 1676 3721 et
1692 3678 1746 3737 per
1759 3661 1823 3737 Spi-

771 3759 860 3818 ritum
882 3763 1027 3835 sanctum,
1047 3763 1080 3817 ut
1101 3758 1274 3835 recorderis,
1295 3776 1383 3835 qnam
1404 3758 1531 3836 fugitiva
1551 3760 1591 3819 sit
1605 3759 1669 3818 vita
1682 3776 1822 3834 praesens

771 3860 802 3916 et
821 3873 909 3931 quarn
930 3856 1030 3916 brevis
1050 3860 1079 3915 et
1093 3873 1181 3931 quam
1195 3862 1401 3916 momentanea
1415 3857 1572 3915 delectatio
1586 3872 1711 3932 spurcae
1725 3858 1823 3916 carnis

772 3956 803 4013 ot
822 3970 910 4030 quam
932 3953 1159 4030 ignominiosum
1174 3954 1222 4031 sit,
1242 3958 1276 4013 ut
1289 3954 1388 4014 brevis
1402 3954 1481 4013 vitoe
1494 3952 1584 4013 homo
1597 3954 1676 4012 mala
1689 3956 1822 4030 exempla

772 4050 802 4109 in
823 4054 996 4127 perpetuum
1017 4052 1144 4127 posteris
1165 4052 1322 4127 relinquat.
1358 4052 1459 4129 Incipe
1479 4069 1550 4128 ergo
1571 4052 1744 4112 melioribus
1763 4068 1822 4112 mo

772 4148 854 4207 ribus
874 4149 965 4208 vitam
988 4166 1164 4226 componere
1185 4155 1215 4209 et
1234 4150 1410 4226 prseteritos
1430 4166 1545 4210 errores
1559 4150 1721 4211 iuventutis
1734 4150 1822 4209 corri-

772 4262 857 4323 gere,
884 4250 917 4306 ut
943 4245 993 4307 hic
1018 4265 1119 4307 coram
1145 4246 1316 4307 bominibus
1342 4247 1459 4307 laudem
1486 4246 1599 4307 habeas
1622 4251 1654 4307 et
1672 4248 1704 4306 in
1726 4246 1822 4307 tuturo

773 4348 895 4404 aeterna
920 4345 1016 4421 gloria
1040 4344 1182 4422 gaudeas.
1220 4346 1326 4405 Valere
1353 4345 1558 4407 celsitudinem
1582 4349 1663 4405 tuam
1687 4348 1719 4405 et
1737 4345 1822 4405 bonis

772 4442 904 4502 moribus
923 4440 1067 4518 prolicere
1087 4448 1233 4519 optamus.

725 4580 745 4615 a.
765 4582 818 4615 nam
834 4571 892 4621 MV.
911 4566 955 4616 nr‘i
969 4572 996 4617 C.
1067 4569 1090 4615 b.
1112 4571 1166 4629 quia
1182 4573 1208 4618 c.
1278 4583 1299 4617 e
1317 4568 1412 4616 tolletur
1428 4571 1485 4617 MV.
1556 4570 1579 4616 d.
1601 4587 1644 4617 orn.
1661 4573 1688 4618 C.
1759 4585 1780 4617 e.
1801 4575 1822 4617 et

654 4648 710 4695 add.
728 4652 762 4695 Μ.
839 4648 856 4695 l.
876 4648 965 4709 deperit
982 4648 1038 4695 MV.
1116 4662 1138 4707 ς.
1159 4652 1183 4696 et
1201 4650 1277 4696 cetera
1293 4653 1333 4703 rr,
1354 4650 1393 4696 ull
1412 4660 1437 4695 ue
1456 4654 1478 4696 in
1497 4650 1520 4698 V
1532 4652 1621 4711 reliqu
1641 4650 1729 4698 dunat.
1760 4654 1822 4710 ow

653 4738 780 4789 eeqrumtnr,
796 4738 847 4775 erret
863 4731 885 4775 ln
902 4732 929 4777 C.

725 4809 749 4861 1.
774 4804 991 4877 sirpus-10.
1081 4803 1292 4877 2.Sap.5,11.
1375 4807 1401 4861 3.
1426 4806 1491 4877 Sep.
1503 4806 1530 4877 ὅ,
1544 4807 1662 4862 13-16.
1744 4808 1771 4862 ln
1789 4807 1821 4862 V.

653 4892 737 4950 Ecoli.
751 4896 793 4965 18,
806 4896 832 4950 8.
904 4894 930 4950 5.
954 4892 1046 4951 Iacob.
1060 4896 1084 4965 l,
1098 4896 1198 4951 10.11.
1271 4896 1297 4951 6.
1320 4894 1418 4951 bistili.
1432 4896 1475 4966 16,
1487 4896 1531 4952 26.
1603 4897 1629 4951 l.
1646 4895 1729 4953 Prov.
1742 4898 1786 4967 lit,
1798 4898 1821 4952 1.
