4342 6034
588 738 616 786 e.
632 738 808 786 normann
830 739 874 785 nn
895 739 999 785 nunnn
1020 737 1208 786 nrrsnonnn
1232 737 1311 784 scas
1489 722 1532 787 85

360 877 538 946 iunioribus
559 880 678 946 nostris
701 899 757 945 seu
778 879 885 946 missis
908 879 1146 948 decurrentibus
1169 885 1201 948 et
1224 879 1334 946 amicis
1351 880 1469 948 nostris
1485 881 1534 947 in-
1554 890 1606 943 723

359 996 478 1064 luster·
500 997 551 1062 vir
573 994 703 1061 Oorlus¹³
725 995 827 1062 maior
848 995 977 1080 domus,
1000 995 1080 1062 bene
1103 995 1233 1082 cupiens
1257 1000 1370 1062 vester.

449 1110 666 1196 chnoscatis,
689 1111 825 1196 qualiter
847 1112 1038 1198 apostolicus
1061 1112 1121 1196 vir,
1145 1111 1179 1178 in
1200 1111 1325 1178 Christo
1349 1115 1449 1197 pater,
1473 1109 1535 1178 Bo·

358 1228 496 1296 niiacius
525 1228 692 1314 episcopus
720 1226 760 1293 ad
787 1247 845 1294 uos
873 1228 962 1294 venit
990 1233 1023 1294 et
1048 1227 1140 1294 nobis
1169 1227 1341 1312 suggessit,
1370 1227 1454 1312 quod
1476 1226 1534 1294 sub

357 1349 470 1411 nostro
498 1342 745 1410 mundeburdio³
780 1343 830 1410 vel
859 1344 1039 1410 defensione
1067 1365 1139 1410 eum
1168 1344 1309 1430 recipere
1339 1342 1533 1410 deberemus.

359 1459 451 1538 Quod
473 1459 522 1525 ita
542 1479 601 1526 nos
623 1464 769 1543 gratante
791 1459 896 1525 animo
918 1458 997 1526 boc*
1019 1459 1142 1544 fecisse,
1166 1459 1352 1543 cognoscite.
1399 1457 1535 1526 Proinde

359 1595 419 1642 nos
442 1574 551 1642 taliter
571 1575 643 1659 visi,
665 1575 797 1641 fecimus
820 1576 850 1641 ei
871 1596 968 1642 manu
982 1580 1092 1642 nostra
1106 1575 1287 1642 roboratam
1302 1575 1392 1642 dare:
1416 1579 1452 1642 ut
1466 1573 1536 1640 ubi-

361 1711 515 1777 cumque,
543 1690 598 1756 ubi
621 1695 652 1758 et
673 1690 744 1775 ubi,
773 1691 935 1758 ambulare
957 1693 1099 1779 videtur,
1131 1711 1202 1758 cum
1225 1697 1333 1758 nostro
1357 1709 1463 1758 amore
1485 1689 1537 1757 vel

361 1806 421 1874 sub
450 1811 560 1872 nostro
587 1806 832 1874 mundeburdio·
856 1813 888 1874 et
910 1807 1091 1875 defensione
1114 1808 1238 1892 quietus
1261 1806 1312 1874 vel
1334 1810 1536 1872 conservatus

362 1943 432 1990 esse
456 1922 584 2004 debeat3
607 1923 641 1988 in
663 1924 856 2008 curatione,
879 1929 915 1990 ut
937 1924 1092 1990 iustitiam
1107 1923 1220 1990 reddat
1235 1927 1267 1989 et
1283 1921 1429 1988 similiter
1444 1921 1536 1988 iusti-

360 2040 442 2106 tium
465 2037 623 2124 accipiat'.
660 2037 705 2104 Et
726 2039 755 2104 si
777 2039 884 2124 aliqua
905 2041 1046 2106 causatio
1066 2039 1118 2106 rel
1132 2039 1303 2106 necessitas
1318 2039 1349 2104 ei
1365 2037 1536 2121 advenerit,

363 2175 445 2241 quae
474 2173 533 2241 per
558 2153 661 2238 legem
690 2152 814 2221 definiri
841 2174 906 2220 non
928 2155 1085 2241 potuerit,
1113 2175 1213 2241 usque
1236 2158 1309 2222 ante
1331 2173 1389 2220 nos
1413 2153 1536 2238 quietus

362 2270 413 2337 rel
437 2273 642 2338 conservatus
664 2289 733 2337 esso
764 2270 893 2355 debeat,
923 2277 1020 2356 quot⁸
1042 2271 1127 2358 ipse,
1157 2291 1252 2356 quam
1276 2270 1330 2356 qui
1351 2290 1410 2357 per
1432 2271 1536 2357 ipsum

363 2407 495 2474 sperare
523 2386 686 2468 ridentur3
715 2390 752 2451 ut
773 2386 804 2452 ci
825 2385 930 2453 nulius
952 2387 1051 2453 ullam
1073 2388 1330 2454 contrarietatem
1352 2385 1404 2454 vel
1426 2385 1537 2473 damp-

363 2503 527 2570 nationem
547 2502 697 2569 adversus
712 2522 784 2568 eum
798 2501 902 2569 facere
916 2503 998 2569 non'¹
1014 2503 1142 2586 debeat3
1166 2503 1229 2570 nisi
1245 2507 1280 2570 ut
1295 2501 1382 2570 omni
1395 2507 1539 2589 tempore

364 2619 421 2686 sub
444 2624 555 2686 uostm
577 2617 818 2684 mundeburdio*
840 2617 891 2684 vel
912 2618 1093 2686 defensione
1109 2621 1233 2706 quietus
1249 2618 1300 2686 vel
1315 2617 1538 2686 consensius*

363 2735 503 2802 residere
526 2733 647 2801 debeat
692 2734 737 2800 Et
758 2740 795 2801 ut
815 2735 931 2802 certius
954 2736 1116 2820 credatur,
1145 2755 1242 2804 mann
1271 2735 1403 2823 propria
1430 2735 1539 2803 subter

364 2851 490 2920 firmavi
513 2851 607 2918 etde
630 2849 723 2917 anulo
745 2855 854 2918 nostro
877 2851 986 2920 subter
1008 2851 1226 2937 sigillavimus.

368 3068 428 3138 25.
457 3063 631 3152 Gregorius
646 3065 690 3130 ΙΙ
701 3089 795 3152 papa
809 3066 988 3152 Bonifatio,
1013 3069 1100 3154 qood
1123 3079 1264 3154 coeptum
1287 3088 1366 3154 opus
1384 3087 1539 3152 prospere

449 3183 614 3271 procedat,
629 3182 819 3268 gratulator.
844 3181 1012 3269 Significat
1026 3185 1065 3248 de
1080 3183 1219 3270 epistolio
1235 3183 1279 3248 ad
1290 3181 1437 3247 Cinrolum
1446 3181 1538 3248 Mar·

454 3300 562 3366 tellum
590 3311 620 3363 et
640 3300 684 3364 ad
705 3297 885 3385 Tdamngos
909 3311 937 3365 et
958 3302 1002 3364 od
1025 3297 1214 3368 Gemonios
1234 3298 1390 3385 populum
1411 3295 1537 3362 minnist

1248 3412 1283 3496 (S
1302 3415 1375 3499 125,
1397 3411 1466 3480 WG
1485 3411 1537 3494 15)

454 3547 721 3614 Reverentissimc
755 3552 789 3613 et
816 3547 1015 3614 sanctissimo
1044 3548 1137 3614 fratri
1165 3547 1323 3614 Bonifatio
1351 3547 1537 3634 coepiscopo
1570 3557 1622 3610 724

369 3664 539 3748 Gregorius
562 3683 671 3730 servus
694 3682 857 3730 servorum
879 3661 950 3728 Dei.
1554 3629 1634 3675 ΒΜ

455 3779 603 3846 Creditus
624 3779 848 3864 speculationis
870 3777 1081 3846 sollicitudine
1095 3779 1242 3866 permoti,
1266 3778 1447 3862 euangelica
1461 3797 1538 3863 quo·

367 3918 426 3984 que
447 3895 664 3978 institutione,
687 3915 751 3980 qua
772 3895 831 3960 ait:
858 3896 1048 3961 obsecrarem
1070 3897 1233 3960 dominum
1254 3898 1373 3976 messab,
1397 3907 1432 3960 at
1447 3897 1539 3960 eiciat

368 4017 532 4102 operarios
554 4016 590 4077 in
611 4034 739 4077 mosem
760 4035 852 4078 scam
860 4007 878 4092 ¹,
902 4014 990 4076 tuom
1012 4010 1146 4096 proinde
1169 4010 1374 4077 reverendam
1390 4009 1537 4076 fraterni-

366 4136 462 4196 tatem
488 4127 530 4194 ad
551 4127 760 4194 imitationem
778 4127 992 4214 apostolorum
1009 4163 1051 4172 -
1066 4132 1103 4192 ut
1117 4125 1253 4192 Domino
1269 4126 1395 4194 iubente
1409 4145 1538 4214 praece·

366 4246 413 4334 pti
435 4250 527 4312 sunt:
548 4245 668 4311 Montes
678 4246 864 4332 praedicate
879 4243 1076 4330 euangelium
1089 4239 1196 4330 reyai’
1203 4267 1214 4322 ,·
1238 4241 1347 4312 Gratis
1362 4245 1535 4330 accepistis,

437 4428 459 4461 ι.
481 4412 587 4460 inlustris
607 4415 680 4460 Μία.
766 4411 789 4458 b.
810 4411 904 4458 carolus
921 4413 961 4459 Gi.
1049 4423 1069 4457 r.
1089 4409 1253 4469 mundeburgio
1271 4413 1364 4458 MCd'.
1451 4410 1474 4457 d.
1494 4409 1538 4457 boo

367 4497 463 4542 delam
479 4505 513 4542 est
528 4496 552 4539 s‘n
568 4495 613 4542 Ca.
678 4507 699 4539 e.
714 4491 877 4549 mundeburgio
894 4494 937 4538 Co.
1005 4491 1021 4538 i.
1037 4491 1134 4550 recipiat
1150 4494 1183 4538 M.
1252 4503 1273 4548 g.
1290 4508 1346 4536 corr.
1363 4493 1386 4536 in
1401 4493 1447 4537 tom
1459 4491 1536 4538 caci.

366 4575 389 4622 h.
409 4590 457 4622 non
474 4576 571 4622 deleam
588 4582 621 4620 ut
636 4576 658 4619 iu
675 4574 753 4620 cuch.
820 4572 836 4617 i.
856 4571 1020 4630 mundebnrgio
1038 4575 1081 4618 Co.
1146 4570 1169 4616 ir.
1190 4571 1336 4616 conservatur
1350 4571 1407 4618 MV.
1474 4569 1490 4616 l.
1508 4586 1538 4614 ex

368 4659 396 4701 J!
409 4657 424 4702 8
436 4655 513 4709 -9ιι,
535 4653 657 4700 c'l-te.
689 4655 742 4701 Siue
762 4654 866 4696 &mmm
883 4655 921 4704 M,
944 4651 983 4696 ubi
1002 4660 1075 4696 rames
1097 4655 1120 4697 in
1136 4653 1241 4712 Gregorii
1255 4653 1281 4698 11
1294 4651 1373 4696 meent
1387 4651 1465 4710 positu
1481 4649 1537 4694 daec

366 4737 465 4794 epistola
481 4743 529 4790 eso,-
544 4731 602 4778 item
618 4732 721 4790 Gregorii
735 4731 798 4778 tertii
815 4733 841 4778 C.
919 4743 950 4776 m.
970 4729 1065 4776 obsecro
1080 4734 1116 4785 M,
1132 4729 1251 4776 obsecrare
1269 4733 1294 4777 C.

436 4841 463 4894 1.
485 4834 857 4907 msn.o,oo,nu0.1o,2.
947 4835 973 4889 2.
997 4832 1253 4904 occasions.
