4342 6034
673 812 740 878 374
1010 828 1199 875 semrom
1220 825 1449 874 uoaunrmnu
1472 826 1501 871 sr

676 969 736 1041 31.
758 971 940 1037 diothardus
964 970 1218 1057 archiepiscopus
1240 970 1448 1056 Moparrts'ous
1464 965 1739 1034 Haldcretodsases
1757 968 1816 1033 ior·
1917 1048 1919 1073 Ι

759 1100 857 1167 sacar,
881 1100 925 1167 ac,
950 1108 1040 1151 soum
1063 1086 1237 1173 eucarpium
1258 1099 1426 1171 sequestres,
1451 1108 1472 1148 a
1486 1084 1651 1149 reema
1665 1085 1819 1161 decedam
1917 1097 1918 1100 ’

761 1215 856 1288 atque
878 1204 929 1267 die
952 1204 970 1267 1
994 1225 1035 1266 m.
1060 1202 1243 1267 Decembris
1266 1203 1310 1265 ad
1331 1202 1485 1287 synodum
1507 1202 1663 1265 amicust

586 1341 654 1395 1098
762 1334 939 1401 liethardus
952 1333 1011 1399 Dei
1026 1333 1130 1417 gratia
1141 1331 1322 1416 Mogontine
1334 1332 1464 1400 ecclesie
1476 1330 1730 1419 archiepiscopus
1739 1330 1822 1397 omni·

673 1450 731 1517 bus
755 1450 789 1515 in
811 1450 894 1515 clero
910 1448 1169 1515 Halberstadensi
1192 1449 1345 1515 unitatem
1369 1452 1476 1513 sancte
1500 1447 1630 1515 ecclesie
1653 1446 1823 1534 amplecten-

673 1564 757 1631 tibus
780 1564 952 1631 fraternam
975 1563 1185 1630 dilectionem.

762 1678 822 1758 Qui
852 1699 925 1745 vere
953 1678 1131 1745 dilectionis
1154 1678 1237 1744 dona
1259 1698 1279 1745 a
1300 1677 1368 1745 Deo
1391 1678 1479 1766 pacis
1501 1676 1650 1762 consequi
1672 1680 1824 1757 merentur,

673 1794 876 1862 excellentius
910 1794 1021 1861 ceteris
1050 1798 1257 1877 cognoscunt,
1290 1800 1443 1879 quantum
1470 1792 1592 1880 pondus
1623 1790 1826 1857 sollicitudinis

673 1910 826 1977 sustineat
848 1908 1013 1994 vigilantia
1035 1910 1180 1975 ordinate
1202 1908 1388 1975 dilectionis.
1422 1908 1491 1975 Hoc
1512 1915 1630 1991 tamen,
1654 1928 1694 1974 ex
1713 1926 1769 1991 quo
1782 1904 1826 1971 de

671 2024 736 2109 bui,
764 2046 888 2111 semper
911 2046 969 2113 pro
992 2024 1081 2092 vobis
1104 2024 1272 2108 vigilanter
1295 2024 1401 2091 debita
1423 2024 1588 2091 devotione
1610 2024 1744 2110 portasi
1774 2020 1826 2087 lle

672 2162 733 2226 quo
756 2142 850 2226 enim,
875 2140 902 2206 si
926 2138 966 2206 ad
988 2140 1100 2206 horam
1122 2138 1303 2206 intermissa
1324 2140 1385 2205 fuit
1406 2128 1514 2206 nostre
1535 2138 1736 2226 paternitatis
1755 2157 1827 2205 com

672 2256 814 2341 monitio,
837 2256 942 2321 minus
965 2274 1023 2341 pro
1047 2254 1136 2321 vobis
1159 2254 1302 2339 vigilavit
1325 2255 1436 2321 devote
1460 2254 1680 2321 sollicitudinis
1697 2253 1825 2319 intentio.

671 2370 808 2439 Proinde
830 2390 915 2437 nuno
937 2390 1061 2455 qnoque
1083 2388 1139 2435 sos
1164 2368 1336 2455 apostolica
1358 2370 1576 2437 exhortatione
1596 2375 1763 2454 contestor,
1783 2366 1828 2435 oh

672 2506 798 2553 sacrans
824 2484 858 2551 in
881 2484 1022 2552 christo:
1051 2484 1298 2551 reconciliamini
1325 2484 1404 2552 Deo.
1438 2484 1534 2552 Nulla
1561 2486 1650 2553 vobis
1678 2486 1739 2551 erit
1765 2503 1828 2551 con·

671 2602 753 2669 lusio
775 2602 872 2667 immo
895 2600 996 2685 gloria
1018 2606 1051 2667 et
1072 2600 1182 2684 honor,
1208 2600 1312 2667 redire
1334 2601 1374 2667 ad
1397 2602 1481 2668 siam
1504 2602 1636 2686 iustitie,
1660 2622 1680 2667 a
1702 2620 1764 2687 qna
1782 2618 1829 2664 vos

673 2716 803 2783 deduxit
824 2721 967 2782 tortuosa
990 2716 1103 2783 semita
1125 2715 1262 2782 sinistre.
1298 2715 1422 2783 Scimus
1446 2718 1601 2803 equidem,
1624 2717 1775 2804 spiritalis
1788 2716 1830 2783 in·

671 2832 842 2916 telligentie
869 2836 974 2899 vestre
1003 2832 1128 2899 oculum
1157 2852 1356 2916 nequaquam
1383 2832 1544 2918 effugisse,
1574 2834 1658 2918 quod
1685 2832 1829 2900 Dominus

671 2948 751 3036 ipse,
775 2948 828 3035 qui
852 2953 958 3014 eterno
982 2948 1036 3013 illo
1060 2947 1258 3034 providentie
1280 2948 1345 3014 ictu
1367 2948 1474 3015 omnia
1496 2948 1591 3015 simul
1612 2948 1828 3036 complectitur,

671 3085 729 3151 pro
758 3064 941 3131 meritorum
973 3063 1124 3147 qualitate
1153 3063 1341 3129 sententiam
1369 3085 1460 3130 snam
1487 3064 1603 3149 legitur
1631 3070 1769 3131 mutasse
1794 3064 1829 3129 si·

673 3178 799 3264 mulque
822 3200 894 3247 cum
916 3178 1079 3245 voluntate
1102 3176 1273 3243 voluntatis
1297 3180 1452 3246 actionem
1471 3179 1659 3266 precidisse3
1682 3200 1753 3247 oum
1767 3198 1829 3246 eum

674 3300 729 3361 aut
751 3296 851 3362 oratio
876 3314 1003 3360 suorum
1026 3294 1232 3380 impotentem
1250 3294 1397 3379 reddidit,
1421 3300 1476 3361 aut
1489 3294 1539 3361 ira
1553 3294 1630 3381 eius,
1653 3296 1829 3362 miserorum

673 3410 793 3495 gemitu
815 3410 915 3493 victa,
944 3410 1117 3476 succubuit.
1153 3408 1225 3495 lpse
1245 3410 1393 3497 princeps
1416 3410 1645 3497 apostolorum,
1668 3433 1688 3478 a
1709 3411 1828 3477 minimo

674 3524 797 3609 collegii
823 3524 908 3591 illins
938 3531 1080 3592 consorte
1104 3532 1276 3613 correptus,
1298 3534 1458 3593 correctus
1481 3533 1544 3608 est;
1571 3547 1630 3593 neo
1651 3528 1768 3594 veritus
1788 3532 1830 3592 est

674 3640 784 3707 cedere
812 3640 1018 3707 admonitioni
1044 3642 1193 3725 iunioris,
1221 3642 1309 3708 cuius
1332 3642 1435 3708 zelum
1458 3642 1537 3708 vidit
1557 3642 1593 3708 in
1614 3644 1718 3710 studio
1741 3641 1830 3709 divini

675 3758 800 3823 amoris.

763 3870 832 3938 Hoc
860 3872 966 3939 celesti
996 3872 1122 3940 oraculo
1150 3892 1208 3939 nos
1232 3892 1356 3959 quoque
1379 3872 1547 3958 admoniti,
1575 3872 1667 3940 nobis
1688 3874 1766 3961 ipsis
1786 3893 1829 3939 rc·
1915 3863 1916 3922 l

675 3986 891 4053 nunciarimus
919 3992 965 4071 et,
993 3988 1131 4074 priorem
1154 3994 1296 4056 nostram
1318 3990 1432 4073 vitam,
1463 3988 1492 4055 si
1513 3994 1619 4056 tamen
1642 3991 1709 4057 rita
1730 3994 1775 4058 est
1795 3988 1829 4054 ad

675 4110 808 4169 mortem
831 4102 957 4186 ducens,
980 4104 1045 4169 iam
1068 4104 1190 4190 pridem
1213 4106 1490 4192 condempnantes,
1512 4106 1546 4171 in
1568 4104 1699 4173 ecclesio
1720 4106 1829 4180 unitate
1915 4089 1916 4124 ³

675 4219 792 4302 renati,
820 4238 933 4285 novam
956 4218 1054 4287 vitam
1081 4220 1115 4287 in
1138 4218 1262 4287 Christo
1285 4219 1438 4287 ducimus.
1474 4220 1521 4287 Ob
1544 4220 1711 4289 maledicta
1733 4219 1829 4289 etde

676 4334 845 4401 mactiones
867 4335 900 4401 in
923 4334 1054 4401 ecclesia
1072 4334 1132 4401 Dei
1153 4334 1245 4421 lepra
1265 4337 1396 4422 perfusi,
1418 4342 1509 4403 extra
1529 4342 1636 4403 omtra
1656 4355 1792 4403 seorsum
1812 4353 1829 4398 a

675 4448 794 4537 populo
816 4450 998 4516 mansimus.
1033 4448 1124 4515 Nunc
1147 4456 1267 4537 autem,
1295 4452 1416 4541 hysopo
1438 4452 1626 4519 humilitatis
1649 4458 1681 4519 et
1702 4448 1829 4519 sanctifi·
1914 4497 1915 4542 r

677 4570 769 4633 canta
795 4566 968 4652 penitentie
996 4585 1078 4651 aqna
1099 4586 1157 4653 per
1184 4588 1314 4637 manum
1343 4570 1450 4653 magui
1476 4568 1647 4637 sacerdotis
1668 4560 1827 4649 mundati¹‚
1914 4555 1915 4632 l

748 4712 768 4746 Ι.
793 4700 856 4747 neae
877 4715 911 4758 ep.
927 4700 1005 4759 positu
1024 4709 1057 4747 eet
1077 4702 1101 4746 irs
1119 4702 1255 4749 Aaronem
1274 4704 1375 4750 Samis
1395 4704 1447 4749 eod.
1467 4704 1521 4749 aar.
1541 4705 1594 4761 inp.
1614 4704 1691 4751 Paria.
1705 4705 1746 4749 lat.
1759 4698 1826 4749 ltttl
1914 4637 1915 4712 i

676 4776 902 4841 (ers-mnae
919 4776 1098 4837 eraserat
1112 4780 1166 4827 sor.
1188 4759 1826 4841 mammaemam-

676 4858 1295 4919 eod-demumcmuitbcpeldulisiiaela

748 4946 772 5001 1.
796 4944 841 4999 Ps.
854 4946 897 5015 50,
910 4946 939 5001 9:
960 4944 1120 5017 „Asperges
1137 4962 1181 5003 ms
1199 4946 1320 5019 hyssopo
1337 4952 1367 5003 at
1383 4946 1567 5004 muudahor“.
