4342 6034
645 746 712 813 ato
984 762 1171 811 arrsroaaa
1192 760 1420 811 uonuurnrsa
1443 760 1473 809 ιι

503 921 543 967 ιιι
558 912 626 969 1021
644 902 833 971 minioarum
855 902 976 971 videbis
998 902 1203 989 adimpletam
1225 921 1304 969 esse.
1385 901 1432 967 At
1453 920 1528 969 vero
1550 898 1715 967 miamin
1728 896 1805 965 libro

503 994 543 1039 ”²²
558 984 626 1041 ¹⁰²⁷
645 1024 911 1087 suammentorum
934 1018 1040 1105 plmes
1063 1019 1267 1085 inveniuntur
1288 1016 1468 1103 adpositae,
1495 1020 1606 1103 utpote
1628 1019 1703 1101 post
1722 1013 1807 1081 theo·

644 1135 795 1222 phaniam
816 1133 1000 1201 habundant
1019 1136 1050 1216 3,
1073 1139 1147 1220 post
1167 1138 1296 1201 οιιιιιι
1318 1136 1515 1219 pentooostea
1536 1151 1616 1216 una,
1639 1138 1673 1198 st
1693 1150 1758 1197 una
1776 1130 1809 1195 iu

643 1250 778 1337 septimo
806 1270 929 1335 mense,
957 1248 1081 1334 quaudo
1104 1248 1257 1315 ieiunium
1280 1251 1328 1315 est
1349 1246 1587 1329 eelebrandum3
1615 1265 1682 1313 non
1702 1246 1808 1312 incon·

642 1386 720 1450 grue
743 1370 779 1431 ιιι
799 1370 876 1452 puto
900 1365 1019 1449 ordine,
1042 1368 1078 1430 ut
1100 1363 1273 1449 quinarius,
1296 1364 1352 1448 qui
1373 1365 1417 1430 52
1440 1382 1608 1429 numerum
1628 1361 1679 1429 his
1700 1381 1810 1449 auper-

642 1480 792 1565 greditur,
816 1481 944 1565 quintae
966 1478 1171 1547 nihilominus
1189 1478 1365 1547 dominieae
1379 1484 1453 1547 aute
1467 1478 1667 1546 nativitatem
1681 1476 1811 1545 Domini

642 1616 700 1681 per
722 1595 818 1663 verba
840 1595 1071 1683 deprecationis
1095 1594 1260 1660 adunetur.
1295 1592 1350 1661 Sio
1371 1594 1542 1661 animarat
1556 1593 1720 1661 saeerdos:
1742 1594 1811 1659 Es-

642 1715 714 1793 eta,
738 1712 886 1793 Demere,
911 1734 1110 1799 qaoeaamaa,
1134 1724 1261 1777 moram
1274 1711 1421 1793 fideliam
1441 1711 1614 1777 evasum
1637 1714 1670 1777 et
1691 1712 1812 1789 eetera3

643 1844 832 1911 quamquam
856 1832 888 1893 et
907 1827 941 1893 in
962 1824 1149 1911 quibusdam
1164 1824 1340 1891 missalium
1354 1824 1445 1891 libris
1461 1826 1557 1891 etiam
1572 1824 1683 1908 altera,
1705 1824 1813 1892 nmoio
1915 1889 1916 1922 ¹

642 1962 662 2009 a
688 1963 750 2029 quo
779 1942 958 2009 inveniatur
986 1941 1170 2027 composita
1204 1938 1322 2018 Quodsi
1348 1942 1384 2008 in
1410 1940 1568 2027 aliquibus
1594 1940 1702 2027 plures
1726 1940 1814 2007 inre·

640 2058 771 2127 niuntur
791 2056 897 2141 libris,
920 2063 1113 2124 nontamen
1136 2056 1314 2123 tuentem.

730 2172 789 2239 His
811 2173 858 2239 ita
879 2192 913 2239 se
933 2172 1130 2255 habentibus,
1153 2192 1218 2255 eos,
1242 2172 1298 2256 qui
1312 2176 1400 2238 tanto
1415 2172 1529 2239 adnisu
1542 2171 1603 2238 hoo
1617 2190 1816 2239 announam

643 2288 849 2357 ebdomadam
877 2287 1034 2354 dominico
1063 2286 1213 2353 adventui
1234 2291 1388 2353 tonantur
1411 2286 1549 2370 adicere,
1577 2286 1656 2353 libet
1677 2306 1814 2374 pareon·

642 2404 720 2471 tari:
743 2403 894 2487 quidnam
913 2402 1066 2486 agendum
1084 2406 1242 2484 comeant,
1266 2421 1338 2469 aum
1352 2402 1491 2488 primum
1507 2402 1625 2489 paseha
1638 2404 1673 2469 in
1693 2406 1734 2469 ll
1754 2402 1817 2470 lla·

641 2518 751 2585 landas
773 2518 910 2604 Aprihs,
940 2520 1174 2604 septuagesima
1201 2537 1275 2585 uero
1302 2519 1342 2585 15
1365 2516 1523 2585 Kalendae
1545 2517 1712 2585 Februarii
1745 2538 1817 2587 eve·

642 2634 757 2716 norint,
780 2638 814 2700 et
835 2633 875 2701 ob
897 2633 956 2699 hoo
979 2633 1040 2700 duo
1063 2633 1177 2718 offitia,
1200 2653 1282 2718 quae
1295 2638 1385 2701 sunt:
1411 2634 1522 2701 Omnia
1536 2648 1632 2715 arra,
1656 2636 1816 2716 Adorote,

642 2748 728 2817 velut
756 2749 860 2817 minus
889 2749 1068 2817 neoessaria
1095 2750 1319 2829 remanebuut;
1353 2750 1417 2817 nisi
1443 2750 1525 2817 torte
1551 2750 1666 2836 priori,
1702 2751 1742 2817 id
1770 2756 1819 2819 est

645 2864 755 2932 Omnis
777 2879 872 2947 tera,
895 2864 954 2931 tali
975 2865 1068 2931 modo
1091 2865 1196 2933 locum
1218 2866 1303 2949 dent,
1326 2870 1363 2931 ut
1385 2872 1459 2933 ante
1480 2865 1685 2953 epiphaniam
1700 2867 1746 2933 In
1763 2890 1817 2935 ea·

642 2982 721 3047 eatae
757 2994 847 3049 bono
880 2987 991 3047 eontra
1024 3000 1145 3049 morem
1179 2986 1310 3064 oanant,
1343 3000 1416 3047 oum
1450 2981 1485 3047 in
1518 2981 1663 3048 omnibus
1699 2987 1818 3051 auten·

641 3096 713 3163 tiais
739 3096 969 3183 antiphonariis
995 3095 1029 3163 id
1053 3097 1160 3183 ipsum
1180 3096 1228 3163 ita
1248 3096 1486 3183 praetituletur:
1510 3098 1683 3164 Domitian
1700 3103 1818 3185 prima

637 3227 713 3302 poet
734 3214 938 3300 epiphaniam
952 3200 1096 3279 Dareine
1130 3211 1201 3277 Non
1223 3211 1325 3279 solum
1347 3212 1417 3296 hoo,
1441 3210 1497 3278 sed
1513 3218 1547 3279 at
1559 3214 1815 3299 responsorium:

641 3330 780 3397 Dormire
806 3352 846 3395 oe
872 3331 908 3394 ab
935 3331 1002 3409 ira,
1033 3327 1156 3394 nullum
1184 3328 1269 3395 diem
1292 3326 1484 3393 dominioum
1506 3328 1624 3413 poterit
1645 3329 1816 3415 attingere,

642 3449 754 3513 oetava
775 3443 963 3531 epiphaniae
985 3444 1133 3529 proxima
1154 3443 1250 3516 tertia
1270 3443 1351 3509 teria
1373 3448 1446 3510 ante
1468 3443 1740 3529 septuagesimam
1765 3466 1816 3513 oe

642 3564 797 3629 tumente.
843 3558 932 3637 Quod
962 3558 990 3623 ei
1018 3556 1065 3623 ita
1092 3562 1156 3642 est,
1183 3558 1281 3625 immo
1310 3559 1385 3643 quia
1411 3558 1458 3625 ita
1485 3563 1550 3643 est,
1577 3579 1676 3625 unum
1698 3560 1817 3629 horum

641 3694 770 3743 neeesse
791 3678 840 3741 est
862 3678 899 3741 ut
920 3672 1048 3757 eligant,
1071 3678 1128 3740 aut
1148 3678 1185 3741 ut
1205 3674 1284 3741 haee
1305 3673 1413 3741 omnia
1426 3673 1519 3740 -id
1541 3678 1591 3741 est
1612 3670 1718 3741 offitia
1740 3676 1815 3762 duo,

641 3790 735 3878 Resp.
759 3791 898 3857 Dauniae
918 3811 958 3855 ne
979 3792 1015 3855 in
1036 3792 1104 3869 ira,
1131 3788 1282 3857 leotiones
1303 3794 1448 3874 quatuor,
1470 3789 1585 3856 missas
1606 3790 1749 3876 quinque
1772 3828 1815 3839 -

643 3906 770 3973 omnino
799 3904 889 3989 quasi
917 3924 980 3971 non
1007 3906 1186 3971 neomsaria
1213 3905 1468 3991 praetermittant
1489 3911 1558 3988 aut,
1589 3905 1644 3973 ubi
1669 3904 1816 3975 loeorum

643 4022 780 4109 possint,
807 4020 1013 4101 interseraut;
1043 4026 1075 4087 et
1097 4020 1271 4087 mnoedant
1291 4020 1399 4087 nohis:
1427 4021 1462 4087 id
1483 4040 1548 4087 una
1568 4024 1693 4087 tantum
1714 4023 1817 4090 missa

644 4142 676 4205 at
703 4157 767 4205 una
793 4135 927 4203 lectione
949 4136 1123 4223 apostoliea
1144 4157 1201 4203 seu
1223 4136 1406 4220 euangelias
1427 4156 1535 4220 agera,
1563 4136 1647 4221 quod
1669 4136 1733 4208 sibi
1753 4160 1815 4225 pu·

643 4256 713 4321 tant
733 4252 767 4319 iu
789 4250 935 4339 plurimis
957 4251 1062 4320 lisera
1108 4251 1259 4337 Alioquin
1281 4252 1451 4319 terminum
1473 4250 1655 4339 paschalem
1677 4256 1811 4321 eotenus

642 4366 844 4451 mandarant,
867 4372 1020 4452 quotenus
1042 4365 1099 4433 illa
1121 4366 1183 4433 duo
1204 4366 1309 4435 oldaia
1330 4388 1371 4435 ne
1392 4367 1498 4435 dieam
1517 4366 1669 4435 leotiones
1683 4372 1718 4435 et
1732 4370 1810 4437 mis·

643 4502 694 4551 sas
727 4482 811 4551 inter
843 4481 1045 4569 epiphaniam
1078 4487 1111 4549 et
1144 4484 1409 4569 septuagesimam
1435 4481 1540 4551 lotum
1566 4484 1748 4569 inveniant,
1781 4490 1814 4555 et

642 4616 699 4665 nos
722 4598 785 4665 illis
808 4596 1007 4664 oonaedimus
1031 4596 1203 4663 adventum
1224 4596 1353 4665 Domini
1376 4598 1565 4685 anticipare,
1595 4604 1633 4665 ut
1653 4599 1813 4668 dominioa

644 4734 724 4801 quae
751 4718 843 4780 raoat
864 4732 936 4779 oum
958 4711 1140 4796 integritate
1163 4712 1354 4781 ebdomadae
1375 4714 1477 4800 possit
1498 4712 1640 4797 vigiliam
1661 4716 1811 4784 natiuita-

643 4830 686 4897 tis
707 4827 837 4897 Domini
858 4827 918 4895 hoe
941 4847 1022 4895 anno
1044 4827 1178 4918 praeire.
1224 4826 1343 4907 Quodsi
1364 4828 1613 4916 respondebunt,
1634 4829 1698 4900 hoo
1718 4852 1811 4901 anno
