4342 6034
647 749 711 814 172
895 766 921 814 s.
938 765 1115 814 normann
1137 767 1181 814 nu
1203 767 1306 815 nuum
1328 767 1515 816 nrrsnonars
1538 767 1568 814 os

486 913 626 969 ult-747
644 911 766 973 torum·
789 907 954 974 constituit
975 943 1018 954 -
1044 913 1076 974 te
1105 908 1211 994 ipsum
1238 929 1297 994 per
1323 908 1481 976 luxoriam
1507 929 1634 976 servum
1659 909 1814 994 maligno*

645 1023 772 1108 spiritui
794 1024 982 1105 constituas;
1006 1025 1081 1107 quia
1100 1024 1190 1090 iuxta
1210 1025 1329 1090 dictum
1346 1023 1490 1111 apostoli,
1515 1025 1732 1112 quodcumque
1746 1045 1815 1112 pec
1926 1039 1927 1042 ’

643 1142 749 1204 catum
771 1138 883 1204 feeerit
903 1139 1008 1223 homo,
1031 1139 1125 1205 huius
1149 1159 1257 1206 servus
1282 1143 1330 1206 est
1339 1137 1356 1205 ¹.

733 1253 821 1319 Non·
844 1253 947 1320 solum
974 1275 994 1320 a
1021 1254 1204 1322 christianis
1232 1255 1288 1343 sed
1318 1256 1413 1322 etiam
1443 1256 1483 1323 ab
1505 1257 1584 1342 ipsis
1607 1257 1762 1344 paganisd
1783 1259 1816 1324 in

643 1368 847 1455 obprobrium
869 1375 901 1436 et
922 1370 1143 1436 verecundiam
1166 1370 1344 1457 deputatur.
1380 1370 1463 1449 Quia
1478 1372 1541 1458 ipsi
1556 1373 1683 1458 pagani,
1708 1393 1818 1440 verum

644 1483 747 1550 Deum
768 1487 961 1569 ignorantes,
984 1485 1183 1569 naturaliter,
1208 1505 1287 1571 qnae
1310 1486 1389 1571 legis
1413 1491 1541 1554 suntet
1565 1487 1649 1572 quod
1670 1489 1710 1555 ab
1725 1489 1818 1554 initio
1926 1521 1927 1532 κ

643 1599 730 1666 Deus
752 1601 931 1685 constituit,
959 1601 1142 1668 custodiunt
1163 1601 1197 1667 in
1219 1601 1279 1668 hac
1301 1621 1350 1684 re;
1382 1604 1474 1687 quia,
1503 1603 1643 1690 propriis
1665 1603 1818 1670 uxoribus
1926 1689 1927 1706 χ

643 1716 838 1782 matrimonii
858 1717 987 1784 foedera
1008 1722 1181 1800 servantes,
1204 1717 1411 1785 fornicatores
1435 1724 1467 1785 et
1489 1718 1648 1786 adulteros
1670 1719 1817 1806 puniunt
1926 1709 1927 1714 ¹

642 1831 725 1896 Nam
746 1832 780 1897 in
803 1833 934 1917 antiqua
956 1831 1105 1915 Saxonis,
1129 1833 1157 1897 si
1181 1833 1268 1916 virgo
1291 1841 1457 1920 paternam
1480 1833 1610 1900 domum
1632 1855 1705 1900 oum
1729 1834 1819 1902 adul·

643 1948 724 2014 terio
745 1948 952 2015 maculaverit
974 1948 1024 2014 vel
1046 1947 1075 2014 si
1098 1947 1212 2014 mulier
1233 1949 1393 2034 maritata,
1416 1949 1541 2037 perdito
1564 1949 1692 2017 loedere
1706 1952 1819 2017 matri-

643 2063 752 2147 monii,
777 2063 964 2130 adulterium
988 2063 1229 2149 perpetraverit,
1254 2063 1422 2149 aliquando
1446 2069 1562 2149 cogunt
1583 2085 1665 2150 eam,
1687 2069 1821 2153 propria

643 2199 741 2244 manu
762 2199 821 2265 per
842 2179 990 2264 laqueum
1013 2199 1217 2265 suspensam,
1241 2181 1340 2246 vitam
1362 2179 1487 2263 finire·;
1517 2185 1550 2246 et
1572 2200 1668 2268 super
1690 2181 1820 2248 bustum

643 2294 740 2378 illius,
759 2294 887 2360 incensa
903 2300 935 2360 et
949 2301 1177 2378 concrematae,
1193 2300 1410 2382 corruptorem
1426 2297 1492 2363 eius
1508 2297 1714 2383 suspendunt
1750 2297 1818 2364 Ali-

644 2409 786 2493 quando,
814 2415 1003 2493 congrregato
1026 2411 1167 2477 exercitu
1188 2411 1340 2496 femineo,
1363 2411 1553 2496 flagellatam
1576 2433 1647 2479 eam
1669 2412 1819 2480 mulieres

643 2545 701 2611 per
730 2545 829 2612 pagos
857 2525 1100 2610 circumquaque
1124 2527 1257 2612 ducunt,
1285 2527 1383 2610 virgis
1406 2527 1552 2594 cedentes
1575 2535 1607 2594 et
1628 2529 1819 2596 vestimenta

644 2641 711 2706 eius
739 2639 937 2707 abscidentes
958 2641 1050 2707 iuxta
1071 2642 1246 2726 cingulum3
1278 2647 1310 2708 et
1331 2642 1466 2709 cultellis
1489 2644 1555 2710 suis
1576 2649 1680 2710 totum
1703 2664 1818 2732 corpus

644 2757 710 2822 eius
741 2762 882 2824 secantes
911 2761 944 2822 et
970 2763 1161 2843 pungentes,
1194 2759 1324 2824 minutis
1352 2757 1534 2825 vulneribus
1561 2765 1759 2828 cruentatam
1787 2767 1819 2829 ot

642 2871 814 2939 laceratam
837 2871 968 2938 devilia
990 2873 1031 2939 ad
1046 2873 1155 2940 villam
1177 2875 1322 2955 mittunt3
1346 2879 1378 2940 et
1393 2879 1561 2942 occurrunt
1576 2895 1702 2964 semper
1716 2897 1818 2944 novae

641 2986 871 3073 flagellatrices,
895 2989 963 3056 zelo
986 2989 1161 3076 pudicitiae
1184 2988 1361 3073 adductao‘,
1385 3011 1483 3075 usque
1503 2991 1561 3057 ad‘
1575 3011 1645 3058 eam
1663 2998 1719 3060 aut
1733 3013 1817 3060 mor-

642 3109 731 3170 tuam
760 3108 815 3169 aut
837 3103 892 3169 rix
915 3105 1020 3171 vivam
1048 3104 1304 3190 derelinquuntl3
1333 3110 1370 3170 ut
1391 3111 1494 3173 cetere
1521 3107 1668 3174 timorem
1695 3109 1817 3176 adulto-

642 3218 735 3284 randi
750 3224 782 3284 et
796 3218 977 3286 luxoriandi
992 3215 1156 3288 habeant¹.
1224 3219 1268 3286 Et
1278 3219 1413 3304 winedi,
1438 3222 1522 3307 quod
1537 3229 1586 3290 est
1599 3224 1818 3292 foedissimum

644 3339 677 3400 ct
705 3333 909 3400 deterrimum
937 3356 1035 3419 genus
1062 3336 1248 3419 hominum,
1276 3341 1344 3402 tem
1369 3355 1485 3421 magno
1514 3339 1581 3405 zelo
1603 3339 1818 3405 matrimoniik

645 3469 784 3515 amorem
807 3456 953 3516 mutuum
976 3451 1155 3535 observant,
1178 3457 1214 3517 ut
1236 3451 1359 3536 mulier,
1383 3453 1451 3520 viro
1467 3455 1596 3541 proprio
1611 3459 1747 3538 mortuo,
1770 3456 1817 3520 vi·

643 3586 716 3632 vere
744 3565 890 3632 reousat¹.
936 3566 980 3633 Et
1006 3566 1175 3633 laudabilis
1205 3567 1318 3637 mulier
1345 3569 1429 3635 inter
1457 3569 1528 3636 illos
1557 3589 1626 3636 esee
1647 3569 1816 3655 iudicatur,

644 3682 743 3766 quia¹²¹
765 3682 896 3768 propria
917 3701 1013 3748 mann
1036 3683 1096 3749 sibi
1119 3690 1253 3750 mortem
1276 3683 1401 3750 intulitn
1417 3690 1449 3750 et
1468 3685 1501 3750 in
1516 3704 1580 3750 uua
1594 3689 1681 3752 strue
1696 3687 1817 3771 paritor

645 3797 755 3863 ardeat
776 3817 848 3863 cum
869 3797 939 3862 viro
961 3819 1028 3863 suo.

733 3911 814 3977 Cum
837 3932 911 3996 ergo
933 3913 1076 3997 gentiles,
1102 3915 1156 3999 qni
1170 3913 1273 3981 Deum
1288 3915 1433 3981 nesciunt
1447 3919 1480 3982 et
1493 3914 1595 4000 legem
1609 3935 1673 3982 non
1687 3915 1815 3999 habent,

644 4029 735 4094 iuxta
757 4027 877 4094 dictum
900 4029 1045 4114 apostoli,
1069 4030 1257 4098 naturaliter
1281 4050 1327 4115 ea,
1352 4051 1433 4116 quae
1448 4031 1527 4115 logis
1543 4027 1769 4098 suntlaciunt⁸
1785 4037 1817 4098 et

644 4143 814 4210 ostendunt
836 4163 915 4230 opus
937 4143 1017 4229 legis
1040 4147 1194 4232 scriptum
1216 4147 1249 4212 in
1273 4146 1419 4214 cordibus
1435 4143 1528 4231 suis‘,
1553 4153 1747 4234 practeroa⁰,
1770 4148 1816 4214 iili

715 4305 735 4340 a
757 4293 878 4340 multarum
895 4295 952 4342 ΜΓ.
1025 4295 1048 4342 b.
1068 4297 1162 4355 maligni
1179 4297 1272 4356 spiritus
1290 4299 1316 4344 C.
1388 4310 1408 4343 o.
1428 4296 1494 4354 Quod
1510 4311 1556 4344 non
1573 4300 1599 4345 C.
1669 4298 1692 4344 d.
1714 4297 1743 4345 ab
1758 4299 1815 4359 ipsis

644 4373 702 4428 MV,
725 4386 738 4419 a
758 4374 851 4433 paganis
873 4378 899 4422 C.
977 4391 997 4423 e.
1019 4377 1080 4424 liniri
1103 4382 1137 4424 M.
1214 4377 1230 4423 i.
1251 4376 1354 4424 adluctao
1374 4380 1410 4432 Μ,
1432 4377 1546 4424 memmae
1564 4379 1590 4426 C.
1668 4391 1690 4436 g.
1710 4379 1814 4432 adm.

643 4451 696 4498 dum
715 4455 739 4501 C.
802 4453 826 4498 b.
847 4453 1006 4514 derelinquant
1022 4460 1049 4504 C.
1112 4457 1127 4502 i.
1147 4456 1176 4502 nt
1188 4456 1249 4516 apud
1259 4455 1340 4503 Persas
1351 4459 1471 4503 Berenice.
1533 4457 1557 4502 lr.
1578 4457 1747 4504 matrimonium
1758 4459 1815 4505 MV,

642 4531 770 4578 lrecnaat
787 4534 845 4588 MV,
860 4537 952 4581 recuset
963 4537 990 4582 C.
1053 4550 1083 4583 m.
1105 4537 1189 4596 quiM,
1206 4536 1299 4594 quer,
1316 4549 1374 4596 quaa
1386 4539 1411 4583 C.
1475 4550 1497 4582 n.
1518 4535 1621 4582 intulerit
1632 4539 1658 4584 C.
1720 4549 1741 4584 ο.
1759 4555 1814 4583 corr.

642 4614 664 4657 iu
680 4614 803 4672 propterca
819 4615 846 4660 C.

714 4717 739 4770 1.
764 4715 806 4771 (li.
825 4716 883 4771 Ioh.
896 4719 922 4786 8,
935 4718 979 4772 34.
1061 4719 1086 4772 2.
1112 4715 1152 4772 cf.
1171 4718 1261 4772 Taciti
1280 4716 1407 4774 German.
1428 4733 1451 4774 c.
1466 4719 1508 4774 19.
1589 4720 1614 4774 3.
1636 4719 1715 4775 Rom.
1728 4721 1752 4788 2,
1767 4720 1813 4775 14:

647 4803 733 4874 „Onm
745 4805 818 4860 enim
830 4810 936 4875 gentes,
949 4819 1020 4874 quac
1031 4806 1120 4875 legam
1133 4821 1188 4862 non
1200 4805 1321 4862 babent“
1336 4811 1388 4862 oet.
1459 4809 1486 4864 4.
1504 4807 1581 4864 Rom.
1596 4809 1621 4878 2,
1635 4809 1682 4862 lb:
1703 4811 1813 4880 „osten-

643 4892 713 4948 dunt
731 4922 762 4933 -
782 4893 911 4950 cordibus
929 4893 1018 4950 suis“.
