4342 6034
638 757 681 824 98
871 773 899 824 s.
914 773 1092 823 neumam
1112 775 1157 822 nu
1178 775 1281 822 nuum
1302 772 1489 822 nrmnonan
1512 773 1591 820 uasa
1917 759 1918 842 p

567 922 621 978 735
639 916 805 999 adiuvaro;
828 917 969 983 maxime
990 916 1026 983 in
1048 919 1228 984 sanctorum
1250 919 1378 1002 patrum
1401 913 1596 1002 spiritalibus
1610 913 1809 982 tractatibus.
1917 939 1918 966 r

637 1031 720 1111 Quia
746 1031 898 1119 spiritalis
926 1037 1081 1100 tractatus
1114 1033 1265 1116 magister
1297 1031 1469 1115 legentium
1497 1050 1622 1098 sacrum
1651 1030 1812 1116 eloquium

638 1169 708 1216 esse
730 1148 912 1216 dinoscitur.
1002 1148 1107 1234 Rogo,
1130 1153 1167 1214 ut
1187 1147 1266 1214 mihi
1288 1148 1322 1214 in
1345 1147 1536 1215 adiutorium
1559 1148 1685 1214 dunas
1708 1147 1811 1214 seien-

637 1265 702 1332 tiae
723 1269 847 1351 partem
861 1268 1016 1332 baeatus
1031 1285 1127 1352 super
1142 1263 1320 1351 apostolum
1334 1262 1478 1348 Paulum,
1502 1274 1601 1349 quaa·
1615 1263 1695 1330 mihi
1711 1263 1811 1348 deest,

636 1380 764 1448 mittere
792 1380 941 1465 digneris.
987 1380 1095 1448 Habeo
1124 1381 1208 1448 enim
1236 1401 1331 1468 super
1360 1381 1439 1446 duas
1468 1379 1618 1466 epistolas
1645 1384 1812 1463 mactatus,

637 1496 672 1563 id
699 1502 748 1564 est
774 1496 815 1563 ad
836 1496 996 1564 Romanos
1026 1501 1058 1564 et
1085 1497 1126 1564 ad
1149 1495 1334 1564 Corintheoe
1362 1497 1509 1584 primam.
1557 1495 1727 1580 Similiter,
1758 1495 1811 1562 utb

638 1613 788 1699 quioquid
813 1614 848 1680 in
876 1633 967 1680 sacro
989 1613 1124 1682 scrinio⁸
1147 1613 1305 1680 inveneris
1329 1611 1461 1679 etmihi
1484 1612 1561 1680 utile
1584 1631 1654 1680 esse
1677 1611 1812 1680 arbitro·

637 1731 683 1798 ris
706 1734 738 1798 et
759 1729 932 1797 malatera
954 1729 1005 1797 vel
1033 1711 1186 1816 scriptum
1214 1748 1279 1794 non
1308 1727 1422 1795 habere
1446 1729 1608 1813 aestimes,
1637 1727 1812 1812 insinuare,
1917 1707 1918 1768 l

638 1845 720 1913 sicut
747 1844 850 1913 fidelis
876 1845 961 1912 filius
988 1846 1063 1913 licet
1090 1844 1209 1911 rustico
1231 1845 1331 1930 patri,
1361 1848 1394 1911 et
1420 1845 1577 1931 rescripta
1604 1843 1812 1910 beatitudinis

637 1967 711 2030 tuac
733 1962 870 2047 dirigere
897 1961 1038 2046 dignare.
1083 1959 1142 2045 Et,
1173 1961 1201 2026 si
1223 1960 1281 2027 tibi
1303 1960 1458 2047 placuerit
1481 1965 1517 2027 ut
1538 1961 1685 2044 iusseris,
1718 1961 1811 2028 ambo

637 2079 722 2146 inter
749 2098 808 2145 nos
829 2079 877 2144 ita
903 2078 1073 2160 iaciamus,
1101 2081 1137 2142 ut
1165 2075 1333 2162 quicquidl
1362 2125 1505 2143 .....
1534 2075 1594 2144 tibi
1615 2075 1699 2142 lilius
1723 2097 1812 2144 meus

637 2193 744 2262 Ecba·
766 2193 938 2281 presbiter,
961 2193 1090 2278 gerulus
1111 2191 1290 2260 litterarum
1311 2212 1453 2260 mearum
1461 2191 1479 2278 ¹,
1507 2193 1603 2259 verbo
1626 2193 1814 2260 indicauerit

638 2311 678 2378 de
700 2310 904 2377 matrimonio
927 2315 1152 2394 commatrum,
1177 2329 1308 2394 quarum
1332 2307 1413 2375 filios
1436 2309 1470 2375 in
1492 2309 1650 2396 baptismo
1673 2311 1812 2396 suscepi-

638 2447 720 2511 mus,
742 2427 777 2491 in
799 2426 965 2512 scripturis
988 2445 1119 2510 quaere:
1142 2426 1226 2491 unde
1240 2423 1396 2491 iudicetur
1411 2425 1547 2512 capitale
1562 2431 1729 2512 peccatum
1744 2447 1813 2493 esse

640 2542 724 2629 apud
745 2541 914 2607 Romanos.
959 2539 1003 2608 Et
1030 2541 1058 2607 si
1086 2540 1201 2608 alicubi
1228 2542 1263 2607 in
1291 2542 1417 2627 scriptis
1448 2541 1668 2608 ecclesiasticis
1691 2541 1732 2608 de
1754 2541 1813 2610 hoc

637 2663 767 2745 peccato
789 2657 985 2744 disputatum
1008 2655 1129 2742 aliquid
1151 2657 1307 2744 reperias,
1336 2657 1414 2723 mihi
1441 2659 1645 2725 manifestare
1667 2677 1732 2724 non
1755 2658 1813 2724 du·

638 2774 730 2841 bites.
810 2772 923 2840 Valere
945 2771 1146 2840 dilectionem
1169 2773 1373 2842 beatitudinis
1396 2779 1488 2840 tuae⁸
1511 2778 1543 2841 ct
1563 2774 1727 2861 prosperis
1743 2794 1813 2841 suo-

640 2891 780 2959 cessibus
802 2887 955 2978 proficere
977 2890 1012 2956 in
1034 2887 1160 2956 (lhristo
1184 2895 1339 2978 optamus.

644 3102 706 3174 32.
728 3105 916 3192 &affatius
938 3105 1149 3191 Eadborpam
1177 3105 1367 3170 abbatissam
1393 3103 1618 3170 Thenataroem
1639 3119 1747 3193 repat,
1779 3121 1814 3174 ut

732 3221 769 3289 S.
786 3223 880 3288 Petra
899 3221 1048 3308 epistolas
1070 3221 1133 3286 sibi
1154 3221 1308 3287 describat
1330 3222 1440 3288 liaeo
1463 3219 1596 3286 careal.

1542 3333 1578 3418 (S
1595 3337 1648 3421 28,
1671 3335 1742 3405 WG
1759 3339 1813 3420 19)

571 3487 624 3544 735
731 3469 1015 3538 Reverentissimae
1050 3489 1087 3536 ac
1121 3468 1344 3537 dilectissimae
1376 3471 1477 3538 sorori
1508 3468 1687 3556 Eadburgc¹
1716 3471 1814 3540 abba·

640 3582 755 3654 tiseao¹
768 3585 950 3653 Bonitacius
973 3587 1105 3670 exiguus
1128 3607 1237 3654 seruus
1260 3607 1423 3656 servorum
1439 3586 1499 3655 Dei
1521 3588 1555 3654 in
1572 3587 1698 3656 Christo
1724 3593 1813 3676 opta·

640 3703 737 3772 bilem
759 3703 902 3771 caritatis
925 3701 1069 3770 salutem.

730 3819 834 3888 Deum
845 3820 1104 3907 omnipotentem,
1116 3819 1339 3887 retributorem
1350 3824 1382 3886 et
1392 3827 1661 3890 remuneratorem
1673 3823 1815 3888 omnium

640 3937 795 4005 bonorum
817 3956 967 4023 operum,
997 3936 1163 4023 deprecor:
1193 3942 1230 4004 ut
1251 3935 1310 4003 tibi
1331 3935 1365 4002 in
1388 3936 1574 4006 caelestibus
1597 3939 1814 4006 mansionibus

642 4053 731 4120 etin
753 4053 889 4120 aeternis
911 4053 1124 4121 tabernaculis
1147 4053 1288 4120 omnium
1311 4051 1534 4120 beneficiorum
1561 4059 1704 4140 tuorum,
1733 4074 1815 4140 quae

642 4169 722 4236 mihi
743 4169 921 4257 prestitisti,
945 4169 1136 4237 aetomalem
1158 4169 1345 4255 mercedem,
1369 4175 1401 4237 et
1422 4171 1457 4237 in
1479 4191 1617 4258 superna
1638 4172 1726 4238 curia
1740 4171 1815 4238 bea·

642 4291 749 4353 torum
770 4285 964 4372 angelorum,
987 4288 1145 4354 restituat.
1185 4285 1265 4365 Quia
1287 4306 1371 4374 sepe,
1395 4288 1462 4356 sive
1486 4287 1639 4354 solamine
1661 4287 1815 4355 librorum

715 4477 736 4510 a.
756 4476 824 4524 quem
839 4467 875 4511 M.
952 4464 975 4511 b.
995 4467 1021 4512 ut
1037 4467 1132 4512 demum
1148 4475 1182 4512 eet
1197 4468 1220 4511 in
1237 4467 1264 4513 C.
1341 4479 1361 4512 c.
1381 4466 1491 4514 scrutinio
1509 4467 1566 4522 MV,
1582 4483 1640 4512 eon.
1650 4468 1673 4512 iu
1688 4468 1771 4513 ecriuio
1789 4467 1815 4513 C.

643 4542 666 4590 d.
683 4543 726 4590 boc
741 4546 793 4591 loco
809 4545 925 4606 quaedum
940 4545 1053 4592 excidisse
1068 4547 1152 4607 liquet‚·
1168 4561 1238 4606 neque
1253 4561 1304 4592 vero
1321 4547 1407 4612 lacuna
1417 4549 1439 4592 r'u
1451 4547 1518 4593 codd.
1530 4547 1610 4594 relicta
1620 4555 1660 4593 eat.
1723 4559 1743 4592 e.
1760 4545 1817 4594 eaba

645 4625 703 4680 MV,
721 4641 779 4672 corr.
795 4627 818 4671 ia
834 4625 891 4671 eobo
908 4628 935 4673 C.
1012 4624 1030 4671 t.
1051 4637 1102 4672 mco
1121 4627 1148 4674 V.
1225 4637 1247 4683 g·
1267 4624 1431 4672 beatitudiuem
1451 4629 1513 4674 tuam
1531 4627 1559 4674 V.
1635 4626 1660 4674 h.
1680 4643 1710 4673 ea
1726 4631 1755 4674 Μ
1770 4627 1816 4674 104

647 4703 753 4759 -104υ,
776 4705 942 4760 084-84υ,
966 4705 1059 4752 7180.
1091 4708 1197 4754 Lemma·
1219 4705 1276 4752 ltem
1299 4705 1398 4766 epistola
1416 4706 1528 4755 Bonllocii
1549 4705 1715 4768 archiepiscopi
1737 4709 1816 4756 ΜΝ.

643 4783 659 4830 i.
679 4783 775 4831 Eadbun
791 4787 847 4841 MC,
862 4784 982 4845 Eadburge
998 4786 1027 4832 V.

716 4891 741 4944 1.
764 4887 941 4962 Thaueteusi,
958 4907 986 4946 v.
1005 4905 1090 4960 supra
1106 4907 1133 4962 p.
1146 4891 1182 4946 53
1199 4907 1226 4946 n.
1239 4891 1264 4946 2.
