4342 6034
631 828 817 875 nrrs‘rouan
839 828 1066 876 moounrrsrr
1089 828 1126 873 aa.
1142 828 1172 873 aa
1416 809 1482 877 379

340 988 430 1037 auram
456 968 585 1036 domino
610 990 667 1035 suo
697 974 730 1036 et
749 968 900 1037 Romanis
929 968 1041 1053 legatis
1069 968 1171 1036 libera
1198 969 1258 1037 sibi
1286 968 1486 1037 adhiberetur
1509 976 1579 1033 1099

340 1084 490 1151 audientia
528 1084 590 1151 Sed
605 1084 787 1172 -versipellis
809 1084 976 1171 vulpecula
997 1084 1080 1151 male
1102 1084 1163 1153 sibi
1185 1082 1295 1170 fidens,
1320 1084 1403 1197 male
1425 1086 1487 1152 sibi

337 1202 460 1284 oonsaia,
489 1202 605 1268 timens
633 1200 694 1267 sibi
722 1201 761 1266 de
783 1199 974 1287 muscipula,
1002 1200 1123 1286 dirupit
1144 1200 1291 1284 consilia,
1321 1200 1488 1287 dissiparit

1505 1050 1586 1099 lutae

336 1316 462 1401 daneta,
491 1316 622 1383 violavit
648 1316 791 1401 foedera,
820 1314 961 1399 neglexit
989 1320 1202 1401 sacramenta,
1233 1316 1424 1401 tandemque
1452 1337 1487 1383 se

335 1432 425 1519 ipsum
447 1432 582 1498 eontulit
604 1432 644 1499 ad
666 1432 875 1499 herstioorum
897 1429 1038 1497 latibula
1090 1462 1093 1465 ⁴

408 1546 606 1615 Auctoritate
627 1546 724 1631 igitur
747 1546 961 1633 apostolorum
982 1544 1055 1612 lulli
1077 1550 1110 1613 et
1123 1550 1242 1630 nostra,
1266 1546 1306 1613 ab
1320 1546 1488 1615 oboedien-

334 1662 372 1727 tia
396 1664 462 1729 eius
485 1683 541 1729 ros
564 1682 672 1729 omnes
696 1662 887 1729 absolvimus
910 1666 957 1745 at,
986 1667 1023 1727 ut
1045 1660 1182 1748 amplius
1203 1682 1296 1728 nemo
1319 1662 1381 1729 sibi
1402 1682 1487 1729 oom-

333 1779 469 1862 munieet,
493 1778 552 1845 sub
575 1778 773 1845 anathemate
794 1777 1020 1845 interdicimus.
1103 1776 1189 1842 Data
1209 1797 1268 1864 per
1288 1797 1402 1844 manus
1417 1778 1488 1845 Tie-

334 1892 400 1960 driei
430 1894 622 1961 Albanensis
657 1893 796 1981 episcopi
823 1896 863 1959 4·
885 1892 956 1959 Kal.
982 1892 1135 1976 Augusti,
1170 1892 1316 1959 defuneto
1343 1890 1488 1959 Urbano¹

334 2002 382 2074 6⁸¹
402 2009 471 2077 Kal
495 2009 631 2093 Augusti
654 2010 723 2076 sine
745 2009 859 2075 viatim
881 2008 1022 2095 eorporis
1045 2012 1078 2073 et
1099 2008 1261 2091 sanguinis
1283 2007 1422 2075 Domini.

336 2218 388 2291 33.
408 2224 576 2289 Pasobolia
591 2222 635 2289 ΙΙ
647 2246 739 2310 papo
761 2222 925 2293 Rotbordo
947 2222 1183 2309 oroldepieoopo
1198 2222 1386 2307 Mopuotino
1408 2226 1487 2289 sori-

411 2339 456 2405 bs'l
484 2340 523 2405 de
552 2340 674 2405 diotae
701 2340 871 2405 sueardotia'
891 2340 1041 2424 repetique
1062 2338 1214 2417 daboida'o,
1245 2360 1283 2403 ea
1303 2340 1489 2405 massam

412 2466 533 2531 sooner
556 2456 595 2519 de
617 2455 737 2521 olerieb
760 2466 789 2521 et
807 2456 961 2541 episeopis
976 2466 1114 2541 tenpore
1127 2453 1301 2545 eebabnut'e
1316 2455 1488 2532 ordinatim

412 2572 451 2637 de
479 2571 612 2637 venolio
640 2582 696 2635 out
722 2572 758 2635 ia
788 2566 961 2637 Gereonio
989 2582 1045 2635 aad
1070 2573 1106 2635 a'o
1133 2569 1233 2637 Italia
1259 2570 1418 2647 bobmdor
1451 2572 1490 2636 de

412 2686 680 2753 eeldenaotioorum
703 2685 838 2753 ecclesiia
859 2688 972 2751 teum
994 2688 1241 2751 eomeoraadst

412 2818 574 2885 Pasohalis
602 2818 769 2905 episeopus
798 2837 907 2885 sersus
936 2836 1100 2884 serrorum
1120 2817 1182 2885 Dei
1203 2816 1376 2885 venerabili
1396 2818 1489 2886 fratri
1516 2830 1586 2885 110⁶

332 2932 483 3001 Rothardo
505 2934 690 3019 lloguntino
720 2934 867 3021 episeopo
895 2932 1028 3000 salutem
1056 2938 1090 2999 et
1117 2932 1321 3019 apostolieum
1344 2933 1489 3010 benedis
1505 2902 1600 3035 ⁸¹⁰''¹¹

332 3050 451 3117 tionem.

416 3164 589 3233 Saoerdotii
617 3184 654 3231 ao
679 3164 770 3250 regni
797 3184 893 3248 grave
920 3164 984 3230 iam
1013 3163 1068 3230 diu
1097 3162 1278 3231 soandalum
1301 3164 1377 3250 tuit,
1405 3166 1490 3252 quia,

333 3282 548 3367 usurpantibus
574 3301 638 3347 non
661 3300 718 3347 sua
739 3280 880 3365 regibus,
909 3278 1041 3347 aeolesia
1062 3280 1146 3363 quod
1169 3300 1245 3347 snae
1267 3286 1315 3349 est
1335 3280 1491 3349 libertatis

335 3398 441 3463 amisit
475 3396 565 3464 Hane
586 3396 727 3484 profecto
750 3397 844 3480 viam,
867 3394 948 3463 bana
969 3396 1097 3467 ianuam
1117 3395 1277 3481 nequitiae
1290 3417 1367 3465 suae
1380 3396 1491 3465 Simon

336 3511 437 3597 llagns
458 3512 589 3580 invenit
625 3512 726 3579 Deum
751 3512 836 3579 enim
857 3532 922 3579 uon
943 3512 1005 3579 nisi
1026 3532 1084 3598 per
1106 3512 1346 3598 praestigiosam
1360 3512 1490 3581 inresti-

335 3632 431 3695 tnram
459 3628 686 3697 aeclesiasticos
712 3628 846 3694 honores
876 3628 1023 3714 adipisci,
1051 3648 1142 3694 mena
1168 3626 1336 3695 ambitiosa
1356 3629 1490 3711 aredit‘3

337 3750 365 3810 et
384 3766 415 3812 se
435 3746 540 3832 ipsam
562 3742 731 3811 annalibus
754 3744 861 3811 subdit
881 3744 1054 3829 obsequiis,
1085 3748 1118 3809 et
1137 3744 1261 3828 regium
1282 3764 1337 3811 oor
1359 3744 1491 3832 ampliof

338 3859 414 3927 ribus
440 3866 534 3947 parat
554 3860 706 3927 inelinare
727 3859 919 3927 muneribus.
953 3858 1040 3926 Haeo
1061 3860 1211 3927 nimirum
1233 3860 1383 3945 arentia,
1410 3861 1492 3927 siout

338 3974 366 4040 in
390 3996 497 4061 regum
524 3975 615 4043 libris
640 3974 770 4061 legitur,
799 3974 998 4061 antiquorum
1021 3994 1144 4060 quoquo
1166 3980 1344 4063 temporum
1364 3975 1491 4061 religio

338 4110 401 4157 nem
428 4092 555 4173 evertit3
584 4091 638 4159 sed
667 4112 743 4176 erga
767 4090 946 4158 huiusmodi
967 4096 1223 4178 praesumptores
1244 4112 1334 4177 reges
1356 4091 1490 4178 qualiter

338 4204 436 4275 divina
460 4208 609 4275 saevierit
630 4208 819 4292 indignatio,
848 4208 882 4273 in
904 4205 1022 4273 eisdem
1045 4206 1187 4294 apidibus
1209 4228 1273 4275 non
1294 4208 1413 4275 edetur.
1446 4208 1491 4275 Ilt

338 4342 402 4390 vero
422 4344 573 4408 magnum
595 4328 644 4391 est
664 4322 728 4390 lilio
751 4322 921 4408 flagitium,
950 4328 1084 4390 matram
1106 4323 1252 4391 addicere
1272 4324 1433 4408 servituti,
1453 4328 1490 4390 ut

338 4436 603 4509 mutatbalamos
624 4441 721 4523 ineat,
744 4458 822 4525 quos
844 4444 978 4506 reeusat

401 4588 421 4621 ι.
439 4574 480 4621 llll
496 4574 549 4621 cod.
625 4572 649 4619 b.
669 4572 700 4619 vl
716 4572 768 4619 cod.
846 4586 865 4618 a.
886 4572 959 4618 edidit
979 4572 1089 4620 Garbaton
1109 4575 1132 4619 ia
1147 4572 1246 4619 maret
1263 4575 1321 4619 sosia
1342 4573 1376 4619 aei
1390 4574 1492 4620 Auel-s

339 4652 492 4713 ocltpmops'
507 4656 676 4702 Camaracum
693 4654 810 4713 epistolae,
825 4653 850 4699 S.
862 4653 964 4699 Amans
978 4650 1342 4712 opp.(Parua·a1elt)p.ttt.
1403 4651 1426 4698 d.
1441 4664 1489 4699 tre·

339 4728 390 4779 didit
403 4734 437 4781 ed.
1032 4752 1036 4769 t

403 4828 695 4898 1.Urbanollpapa
784 4824 1488 4899 il.lmmo4Kal.Aug.;v.ltegestapontlssoum

339 4911 509 4974 &manorum
526 4916 627 4988 plut.
657 4940 663 4952 ¹
