4342 6034
634 773 661 821 s.
676 771 855 822 soumnrn
875 775 920 821 sn
941 775 1044 822 nuum
1066 775 1253 824 nrrsronnn
1282 777 1311 822 as
1509 759 1553 825 93

381 913 433 980 vel
454 914 483 979 si
505 933 583 998 quos
605 914 731 981 forsan·
753 915 833 981 tales
855 916 1024 982 inveneris.
1104 915 1160 982 llle
1183 917 1268 983 enim
1283 917 1428 984 veniens:
1452 920 1550 984 Pras·
1570 945 1594 986 c.
1607 931 1660 988 732

380 1031 461 1095 dator
480 1053 550 1096 aum
567 1031 628 1113 ait3
653 1031 929 1097 commendaticias
948 1032 1032 1118 apud
1058 1030 1159 1098 filium
1178 1039 1322 1098 nostrum
1338 1031 1485 1099 Carolum
1500 1033 1552 1100 lit·

378 1150 466 1212 teras
486 1147 628 1233 expetiit.
663 1145 791 1212 Nullam
811 1145 859 1212 illi
880 1147 975 1212 aliam
989 1149 1202 1214 concessimus
1216 1147 1385 1216 licentiam.
1454 1148 1553 1228 Quem

378 1261 493 1344 vitari,
516 1263 545 1327 si
567 1283 665 1348 prave
686 1267 907 1346 conversatur,
931 1281 1003 1328 cum
1024 1263 1155 1348 reliquis
1178 1264 1332 1330 volumus.

469 1377 681 1464 Eosdemque,
706 1373 801 1463 quos¹
823 1399 844 1444 a
865 1379 999 1464 paganis
1021 1378 1200 1465 baptizatos
1224 1401 1292 1446 esse
1315 1380 1495 1465 asseruisti,
1525 1381 1552 1448 si

378 1493 426 1560 ita
448 1492 593 1578 habetur,
616 1499 653 1560 ut
674 1494 776 1560 denuo
799 1494 942 1580 baptizes
964 1495 1140 1560 innomine
1156 1495 1330 1579 Trinitatis,
1354 1495 1550 1562 mandamus.

468 1609 556 1676 Inter
578 1630 616 1676 ea
638 1615 795 1693 agrestem
817 1609 973 1676 caballum
996 1609 1174 1695 aliquantos
1190 1611 1362 1676 adiunxisti
1378 1611 1551 1698 comedere,

378 1725 549 1812 plerosque
573 1730 607 1791 st
631 1725 847 1792 domesticum.
888 1725 957 1791 Hoc
980 1745 1180 1810 nequaquam
1208 1724 1277 1792 fieri
1303 1727 1450 1812 deinceps
1479 1747 1552 1793 san-

378 1841 521 1908 ctissime
542 1842 628 1908 sinas
650 1841 765 1926 frater,
789 1842 859 1926 sed,
884 1842 996 1926 quibus
1019 1843 1160 1929 potueris
1184 1841 1309 1908 Christo
1333 1843 1461 1908 iuvante
1484 1863 1551 1908 mo

377 1957 446 2039 dis,
474 1977 533 2043 per
562 1957 669 2022 omnia
690 1976 858 2043 conpescc3
889 1962 921 2023 et
948 1958 1076 2042 dignam
1105 1959 1151 2026 eis
1178 1957 1358 2024 interdicito
1388 1959 1552 2044 paeniten-

376 2074 468 2139 tiam.
514 2072 704 2138 inmundum
727 2074 813 2140 enim
835 2079 884 2140 cst
906 2079 1001 2160 atque
1022 2073 1225 2141 exsecrabile.

467 2186 531 2254 Pro
554 2185 779 2256 oboeuntibus'
803 2189 936 2276 quippe,
966 2190 1160 2256 consuluisse
1183 2189 1383 2273 dinoscerisl,
1408 2189 1436 2256 si
1457 2189 1552 2256 liceat

379 2303 556 2371 oblationes
579 2304 699 2372 offerre.
746 2303 864 2372 Sancta
886 2307 932 2372 sic
953 2312 1042 2373 tenet
1071 2305 1237 2390 aeeclesia,
1270 2305 1465 2390 utquisque
1493 2326 1551 2392 pro

380 2419 445 2485 suis
474 2421 608 2486 mortuis
635 2441 709 2488 vere
736 2421 917 2488 christianis
945 2421 1058 2489 offerat
1080 2421 1254 2487 oblationes
1278 2426 1372 2505 atquc
1395 2419 1551 2506 presbiter

379 2555 488 2601 eorum
511 2536 609 2602 faciat
629 2538 823 2602 memoriam.
865 2537 909 2603 Et
931 2539 1074 2623 quamvis
1098 2557 1206 2603 omnes
1230 2537 1367 2624 peccatis
1391 2536 1552 2603 subiacea-

378 2671 467 2736 mus,
495 2653 655 2737 congruit,
684 2657 722 2719 ut
749 2653 895 2719 sacerdos
923 2675 982 2740 pro
1011 2653 1145 2720 mortuis
1174 2653 1335 2720 catholicis
1364 2653 1550 2719 memoriam

378 2767 476 2833 faciat
498 2772 531 2834 et
551 2769 736 2835 intercedat.
773 2769 845 2835 Non
867 2775 974 2835 tamen
997 2789 1055 2856 pro
1077 2769 1196 2855 impiis,
1220 2768 1364 2853 quamvis
1387 2768 1551 2835 christiani

378 2882 513 2967 fuerint,
536 2883 601 2950 talc
624 2885 699 2970 quid
723 2905 815 2967 agere
836 2885 953 2951 licebit

466 2998 552 3065 Nam
574 3004 607 3066 et
628 3021 691 3085 eos,
715 3001 769 3085 qui
793 3021 827 3066 se
849 3001 995 3066 dubitant
1016 3000 1114 3066 fuisse
1136 2999 1315 3086 baptizatos
1339 3019 1379 3065 an
1401 3019 1475 3084 non,
1500 2999 1550 3066 vel

379 3115 433 3201 qui
455 3135 476 3180 a
497 3115 673 3202 presbitero
696 3115 763 3182 lovi
789 3117 942 3183 mactanti
969 3122 1001 3182 et
1022 3115 1244 3184 immolaticias
1268 3135 1377 3182 carnes
1400 3115 1549 3199 vescenti,

378 3236 414 3297 ut
434 3231 639 3318 baptizentur
660 3233 861 3318 precipimus.

467 3346 656 3432 Progeniem
677 3368 751 3414 vero
775 3369 866 3414 suam
888 3367 1043 3434 quemque
1065 3368 1164 3434 usque
1188 3347 1229 3414 ad
1251 3345 1419 3434 septimam
1443 3346 1549 3413 obser-

378 3483 454 3530 vare
477 3459 692 3530 decernimus⁸
715 3465 960 3548 generationem.

467 3578 513 3646 Et
533 3579 563 3645 si
583 3579 736 3665 valueris,
760 3581 897 3647 devita⁸z
920 3601 961 3648 ne
984 3579 1135 3667 amplius,
1159 3581 1210 3647 cui
1231 3578 1379 3646 mulieres
1403 3578 1549 3663 obierint,

378 3693 501 3762 duabus
523 3674 637 3761 debeat
657 3695 809 3782 copulari.

468 3811 518 3878 De
539 3811 590 3877 his
612 3831 687 3878 vero
710 3811 860 3897 dicimus,
884 3811 940 3897 qui
961 3815 1086 3897 patrem
1108 3813 1243 3876 matrem
1266 3809 1397 3876 nobem
1421 3813 1477 3876 aut
1499 3829 1549 3876 so·

376 3948 483 3995 rorem
506 3927 688 4012 occiderint,
711 3933 748 3993 ut
768 3933 835 3994 toto
857 3929 942 3994 ritae
964 3946 1041 3992 suae
1062 3931 1205 4012 tempore
1227 3945 1341 4012 corpus
1363 3945 1427 3992 non
1450 3927 1549 3992 susci-

376 4044 446 4130 piat
468 4043 671 4129 dominicum,
694 4043 757 4110 nisi
779 4045 829 4110 sui
851 4043 1003 4130 temporis
1026 4041 1115 4108 exitu
1136 4061 1194 4128 pro
1217 4041 1341 4108 viatico.
1381 4041 1550 4108 Abstineat

377 4160 462 4226 enim
486 4181 522 4225 se
543 4164 577 4225 et
598 4180 618 4226 a
639 4159 743 4228 carnis
764 4159 989 4226 commestione
1012 4163 1044 4224 et
1064 4162 1143 4244 potu
1164 4158 1239 4243 vini,
1263 4157 1363 4223 donoc
1378 4157 1548 4239 advixerit

375 4275 497 4342 ieiunet
523 4275 693 4342 secundam
721 4280 754 4342 et
781 4281 926 4361 quartam
955 4281 988 4342 et
1013 4279 1138 4341 sermm
1166 4273 1279 4356 ferias3
1315 4278 1347 4340 et
1374 4273 1420 4340 sic
1447 4273 1550 4360 possit

377 4391 495 4459 deflens
518 4391 638 4459 diluere
660 4393 862 4459 commissum
885 4391 996 4458 scelus.

448 4541 471 4573 ι
490 4526 577 4573 forsan
593 4530 628 4572 M.
705 4526 728 4572 b.
748 4525 890 4572 consoluissc
905 4525 1037 4570 dinosceros
1054 4527 1089 4570 Μ.
1167 4535 1187 4568 c.
1209 4521 1287 4569 debita
1302 4525 1338 4568 M.

448 4607 473 4659 1.
500 4605 592 4675 ,Quos
616 4619 633 4657 a
650 4604 767 4673 paganis
786 4634 820 4642 —
839 4601 1021 4658 mandamus“
1041 4604 1107 4655 sunt
1125 4598 1258 4668 Gregorio
1270 4599 1296 4653 Π
1313 4597 1417 4653 tributa
1434 4598 1462 4652 in
1481 4597 1547 4653 Gra-

376 4693 443 4748 tiani
461 4693 543 4748 Dect.
561 4693 592 4747 P.
610 4692 651 4746 ill
673 4691 707 4746 dc
731 4707 852 4747 consecr.
870 4692 937 4746 D.4
954 4707 1014 4745 can.
1027 4692 1071 4744 5⁶2.
1158 4691 1205 4764 Ι2.
1234 4688 1307 4758 „Pro
1331 4686 1495 4741 obeuntibus
1514 4715 1547 4725 ·-

376 4781 488 4838 licebit“
501 4785 568 4837 sunt
579 4779 713 4849 Gregorio
723 4779 752 4835 ll
768 4779 900 4836 attributa
917 4781 945 4834 in
957 4778 1080 4834 Gratiani
1092 4777 1173 4832 Decr.
1186 4777 1217 4832 P.
1227 4777 1254 4832 Il
1266 4793 1290 4831 c.
1302 4776 1335 4831 13
1347 4789 1393 4844 qu.
1403 4777 1421 4830 2
1432 4789 1492 4829 can.
1504 4775 1547 4829 21.

377 4871 403 4925 3.
425 4869 467 4927 (lt
485 4872 569 4926 Decr.
588 4869 713 4925 Gratiani
730 4870 760 4926 P.
772 4870 800 4925 II
817 4885 842 4925 o.
854 4870 889 4924 35
907 4870 983 4939 qud
1001 4871 1030 4923 et
1047 4868 1065 4922 3
1083 4882 1142 4922 can.
1157 4867 1199 4922 16.
