4342 6034
770 810 927 859 manes
949 810 1137 861 rueramus
1474 793 1535 859 701

364 975 398 1017 a.
414 950 484 1019 939
502 973 603 1039 aeque
616 952 804 1034 edocuere,
826 976 884 1019 oce
899 957 1077 1039 coymoocrit
1090 954 1282 1040 Moycmtiau
1296 954 1450 1039 quaedem
1465 953 1538 1018 Mo-

360 1071 497 1153 queant
517 1070 633 1133 codicia
655 1064 887 1135 additamoatc¹
908 1070 1032 1135 sacculo
1047 1069 1082 1133 X
1094 1069 1199 1153 factu.

459 1185 667 1271 Meycoticua
695 1187 792 1251 codem
813 1188 914 1271 icitur
933 1186 1045 1273 paullo
1065 1198 1140 1275 port
1162 1208 1281 1251 conum
1302 1184 1368 1251 939
1392 1197 1538 1250 eceratce

364 1312 422 1366 eet.
457 1300 585 1367 Etmim
607 1323 678 1367 cam
699 1303 817 1383 ecdem,
841 1305 895 1367 cui
916 1314 1043 1368 menecea
1066 1302 1144 1367 liber
1167 1302 1304 1381 deletae,
1327 1322 1439 1365 macca
1460 1312 1538 1365 totoe

363 1416 500 1481 annales
526 1418 601 1482 inde
628 1443 650 1483 a
670 1418 738 1484 709
765 1420 809 1483 ad
830 1418 897 1484 939
925 1440 1024 1504 caque
1047 1412 1222 1504 poeciaret¹
1245 1431 1339 1503 etque
1360 1418 1404 1481 cd
1426 1440 1456 1481 c.
1472 1414 1538 1482 937

363 1533 582 1598 adnotoeiaeet
594 1532 756 1599 Feiderici
774 1534 1005 1621 archiepcbcopi
1018 1536 1258 1614 ordinationem,
1282 1536 1349 1598 iem
1362 1535 1453 1598 letica
1468 1554 1538 1597 auc·

363 1670 472 1713 ceaecr
490 1648 694 1715 Willihelmcc
710 1648 941 1731 (oct-968),
966 1650 1090 1717 Ottocia
1102 1650 1126 1716 Ι
1135 1652 1336 1737 imperatoria
1343 1650 1445 1733 filius,
1459 1670 1538 1735 poe-

362 1766 449 1830 aedit
470 1767 607 1831 codicem
628 1787 748 1852 auoque
768 1788 868 1831 macc
888 1789 1045 1831 cncmmm
1067 1767 1134 1833 953
1158 1779 1186 1833 et
1206 1766 1273 1833 954
1295 1766 1461 1830 memoriae
1480 1786 1538 1827 ac-

362 1880 494 1945 colibaa
527 1882 684 1948 odiuncit
724 1882 851 1947 Deinde
881 1884 1019 1948 codicem
1050 1884 1224 1969 repetimus
1258 1882 1385 1967 lorcyum
1419 1892 1538 1966 tempus

361 2000 577 2084 peasacmere
604 1998 805 2083 Moqcmtrho,
840 1999 898 2064 chi
927 2010 956 2063 et
982 1999 1106 2063 soeculo
1132 1998 1190 2063 XI
1214 1998 1384 2062 Marianae
1414 1994 1538 2062 Scottus

363 2114 538 2179 cmmclibrm
561 2114 773 2200 Auqiemeibue
802 2127 832 2180 et
857 2138 937 2179 ecee.
952 2114 1030 2179 XII
1049 2114 1085 2181 S.
1102 2114 1255 2179 Dieihodi
1282 2110 1442 2179 annalista
1465 2112 1538 2176 aliia

363 2231 486 2295 codiccb
510 2230 658 2317 pamibaa
684 2253 759 2295 uoce
785 2244 841 2308 ert.
883 2230 1078 2297 secabatur
1103 2231 1220 2297 ibidem
1249 2229 1372 2295 saeculo
1393 2228 1483 2293 XIV
1504 2230 1539 2291 ic

364 2345 497 2409 ecclesia
512 2344 548 2411 8.
564 2341 747 2433 Stephoci³‚
773 2368 837 2432 quc
858 2368 927 2411 eum
947 2348 1030 2411 odiit
1043 2370 1074 2410 m
1087 2346 1177 2411 1528
1192 2346 1348 2411 Iohannes
1364 2343 1509 2409 Coohleue
1517 2336 1537 2406 ⁴.

367 2460 454 2527 Tum
475 2484 548 2527 ceco
570 2465 606 2527 im
629 2461 764 2527 Colberti
784 2463 1000 2528 bibliothecam
1022 2464 1231 2548 mccepooitue
1252 2461 1389 2526 Bclueio
1409 2471 1537 2546 praesto

354 2577 431 2662 fuit
453 2600 538 2642 camo
561 2574 671 2644 1678⁶
695 2592 723 2644 et
745 2577 864 2665 Ccoqio
887 2600 971 2644 occo
994 2579 1083 2645 1688
1095 2573 1117 2658 ⁶,
1146 2578 1298 2663 hodieque
1320 2580 1355 2641 im
1377 2575 1540 2663 imperiali

364 2692 554 2758 bibliotheca
575 2694 755 2759 Parhiemi
776 2706 903 2759 tenetur.

457 2810 511 2874 Ec
539 2809 597 2874 lcoc
624 2810 704 2874 libro
729 2810 882 2874 Bcluciua
911 2834 941 2873 a.
959 2809 1046 2905 1678
1067 2812 1207 2896 primam
1235 2808 1401 2872 eumalium
1428 2808 1538 2873 editio·

362 2919 544 3010 mem⁷secit
564 2928 600 2989 im
613 2926 888 2990 Mcbccllcneocum
907 2924 944 2990 Τ.
958 2925 981 2989 Ι
990 2924 1189 3004 cco-500,
1214 2925 1358 3009 ideocqce
1378 2924 1475 2988 codem
1495 2924 1539 2987 od

367 3040 569 3106 Theodomcm
590 3042 766 3106 Mommeen
793 3044 907 3106 missua
935 3041 1130 3106 accersor
1159 3041 1239 3104 mihi
1261 3042 1378 3126 *patuit
1415 3038 1465 3103 Ac
1493 3041 1539 3103 aie

364 3160 495 3244 quidem
516 3159 742 3243 proponendos
769 3158 898 3222 enucleo
921 3158 1015 3237 dcci,
1046 3170 1082 3222 ct
1104 3156 1269 3221 relatiocee
1293 3178 1449 3220 cocorum
1471 3154 1538 3219 709

364 3274 476 3339 -791
501 3285 530 3338 et
555 3276 636 3337 cerci
655 3274 737 3353 814,
767 3296 846 3359 quea
870 3296 974 3339 omcea
997 3296 1035 3338 ee
1057 3272 1225 3339 annalibus
1256 3270 1282 3339 S
1290 3272 1536 3357 mucellensi-

363 3390 434 3455 baa
462 3384 668 3454 brevibua⁸
689 3392 870 3475 prooemiare
898 3390 1010 3475 liquet,
1042 3389 1152 3453 litteris
1174 3388 1365 3469 minodoro,
1398 3408 1538 3473 quaeque

363 3508 505 3592 scriptor
532 3506 574 3570 M
576 3509 784 3592 oyucticca
819 3508 863 3570 cd
890 3529 919 3570 c.
944 3505 1011 3571 937
1039 3507 1202 3591 apposuit,
1237 3526 1273 3570 ec
1303 3505 1413 3570 litteris
1443 3504 1537 3568 latiur

439 3752 464 3805 1.
490 3750 526 3805 ad
544 3766 569 3805 a.
583 3751 644 3819 937,
657 3752 718 3820 953,
731 3751 792 3806 954.
881 3752 906 3804 2.
931 3751 1050 3805 Tantum
1069 3750 1143 3819 quod
1162 3766 1293 3805 annorum
1313 3750 1462 3805 tto-939
1480 3764 1536 3804 mc·

364 3840 469 3894 moriae
486 3839 540 3894 alio
558 3843 711 3895 atramento
727 3844 954 3909 atqueanncrum
967 3840 1019 3893 709
1032 3840 1125 3893 etilo
1138 3839 1255 3909 scriptae
1267 3843 1339 3893 sunt
1410 3839 1436 3893 3.
1454 3838 1535 3893 Nam-

364 3943 419 3997 que
443 3929 472 3982 in
495 3926 541 3982 fol.
555 3930 592 3983 lc
615 3944 633 3983 a
655 3930 787 3998 scriptore
809 3928 966 3983 saec.le
984 3932 1049 3982 sunt
1071 3929 1163 3997 posita
1183 3928 1268 3982 verba
1285 3927 1367 3983 haec:
1394 3927 1536 3997 „Pertinet

364 4016 482 4071 ecclesie
506 4017 595 4071 sancti
617 4015 749 4085 Stephani
772 4018 800 4072 in
824 4016 997 4086 blegnntiu“.
1092 4019 1118 4072 4.
1143 4018 1177 4073 V.
1196 4018 1348 4071 Mommsen
1365 4016 1413 4070 l.l.
1432 4032 1459 4085 p.
1472 4016 1534 4070 583.

364 4106 390 4160 5.
415 4106 451 4160 V.
469 4105 612 4159 elenchum
636 4118 743 4175 corum,
769 4106 885 4173 quaein
902 4106 1135 4161 miscellaneorum
1154 4110 1229 4161 tomo
1249 4107 1259 4159 l
1278 4104 1462 4173 continentur,
1488 4102 1534 4158 ubi

363 4194 495 4249 Baluzius
513 4195 623 4263 scripsit
639 4210 669 4248 se
687 4194 833 4249 chronicon
849 4194 997 4263 Aegiensis
1015 4195 1174 4249 monasterii
1193 4210 1249 4264 „cx
1267 4194 1353 4248 veteri
1371 4193 1464 4247 codice
1483 4209 1533 4247 ms.

362 4280 546 4338 bibliothecae
565 4282 759 4337 colbertinac“
784 4283 975 4351 assumpsisse.
1064 4285 1089 4338 6.
1115 4284 1150 4338 V.
1169 4282 1322 4338 Chronicon
1340 4281 1468 4351 paschale
1490 4280 1533 4336 ed.

363 4369 409 4425 Du
428 4372 536 4441 Gange,
559 4371 671 4425 Parisiis
687 4372 769 4439 1688,
787 4388 815 4441 p.
827 4372 881 4426 479
899 4389 926 4425 n.
939 4371 1029 4426 ΧΧΠ.
1119 4374 1143 4427 l.
1168 4386 1239 4441 quae
1262 4371 1379 4441 repetita
1398 4376 1441 4425 cst
1458 4386 1475 4423 a
1492 4370 1534 4425 Ic-

364 4457 454 4515 hanne
472 4460 616 4515 Dominico
633 4460 722 4514 blansi
739 4461 768 4514 in
785 4460 1018 4515 Miscellanecrum
1037 4476 1062 4515 a
1078 4462 1144 4515 1761
1160 4462 1253 4515 Lucae
1271 4466 1463 4517 renovatorum
1475 4459 1508 4513 T.
1522 4458 1534 4513 1

365 4548 525 4619 lio-121,
550 4555 579 4604 et
602 4562 675 4602 auno
699 4549 768 4603 1816
792 4549 934 4604 aPertzio
957 4550 986 4603 in
1009 4550 1080 4605 bion.
1095 4549 1186 4605 Germ.
1200 4548 1406 4605 88161-69.
1434 4548 1535 4602 Postea

364 4638 457 4692 attulit
482 4653 517 4692 er
540 4638 601 4708 ipsc
624 4636 718 4692 codice
740 4652 892 4707 perpaucas
915 4637 1024 4707 quidem
1049 4638 1254 4693 emendationes
1277 4638 1399 4693 Pertaius
1424 4636 1489 4691 ibid.
1507 4636 1534 4690 11

364 4724 426 4780 328.
438 4727 500 4795 399,
518 4731 548 4781 at
565 4741 674 4782 omnem
692 4724 750 4781 lere
767 4728 966 4781 correctionum
978 4727 1085 4795 copiam
1098 4727 1233 4783 Waitciue
1245 4727 1273 4781 in
1284 4725 1466 4781 Nachrichtcn
1478 4741 1533 4779 von

364 4811 415 4867 der
426 4814 855 4885 cwig-Augusta-Univcraitat
868 4816 936 4871 1867
954 4833 982 4885 p.
995 4816 1119 4871 53-55.
1192 4818 1218 4871 8.
1241 4830 1289 4871 ees
1307 4814 1452 4871 ediderunt
1463 4813 1532 4869 Ildc·

365 4897 460 4959 lunam
477 4898 519 4960 ab'
531 4903 592 4959 Arx
608 4908 637 4959 et
653 4904 777 4960 Permius
793 4904 823 4959 in
840 4904 913 4960 hicn.
925 4902 1056 4960 88164.
1066 4906 1110 4960 66.
