4342 6034
618 928 671 983 755

688 756 756 825 504
989 772 1038 820 ux
1060 770 1216 820 ormont
1238 772 1318 819 vum
1341 770 1368 817 s.
1385 770 1562 819 normann

777 912 900 1001 Corpus
921 933 996 980 vcro
1025 914 1127 980 sancti
1148 910 1302 979 Bonilacii
1425 911 1615 999 perductum
1643 916 1691 978 ast
1719 911 1755 978 ad
1772 912 1834 978 civi·

687 1036 788 1099 tatem
809 1028 1007 1114 Mogonoiam

778 1145 932 1232 Suscepto
953 1145 1051 1229 igitur
1072 1144 1213 1211 thesauri
1236 1143 1317 1211 tanti
1339 1143 1482 1230 pignore,
1507 1139 1653 1210 fuerunt¹
1675 1142 1791 1230 plurimi
1808 1144 1838 1209 in

688 1262 766 1329 urbe
782 1260 1045 1346 Mogonciacensi,
1068 1262 1123 1345 qui
1146 1258 1325 1343 censebant,
1347 1259 1414 1325 illic
1436 1259 1650 1346 sepeliendum
1674 1278 1739 1325 esse
1753 1260 1839 1325 sancti

688 1378 750 1445 viri
765 1396 889 1465 corpus,
905 1376 960 1444 ubi
971 1382 1041 1443 erat
1051 1377 1232 1463 episcopns3
1249 1373 1452 1459 affirmantes,
1468 1374 1648 1441 huiusmodi
1658 1374 1706 1440 ius
1718 1374 1840 1440 omnium

688 1514 757 1561 asse
779 1492 1012 1577 aecclesiarum,
1034 1497 1081 1575 ut,
1106 1512 1167 1578 quo
1183 1492 1252 1577 quis
1268 1490 1373 1557 sedem
1391 1490 1601 1577 episcopalem
1617 1490 1767 1573 habuerit,
1786 1488 1841 1555 illic

688 1628 812 1695 quoque
833 1608 1032 1696 sepeliendus
1056 1608 1107 1674 sit.
1142 1606 1178 1673 In
1200 1611 1325 1673 tantum
1349 1612 1453 1673 autem
1470 1606 1668 1693 quorundam
1681 1604 1757 1671 illud
1770 1602 1842 1671 affir-

686 1725 843 1792 mantium
871 1723 1050 1811 praevaluit
1075 1728 1252 1806 certamen,
1282 1728 1319 1788 ut
1344 1740 1425 1808 pene
1448 1742 1557 1789 eorum
1580 1722 1711 1789 oonsilio
1731 1726 1843 1787 sanctus

686 1840 798 1907 Lullus
820 1840 1022 1922 consentiret,
1044 1838 1106 1904 nisi
1129 1838 1255 1906 cuidam
1272 1838 1444 1907 venerabili
1464 1838 1606 1922 diacono,
1630 1839 1685 1924 qui
1699 1836 1844 1904 dicebatur

688 1956 849 2044 Otpertus,
873 1956 1075 2043 apparuisset
1097 1959 1225 2020 sanctus
1246 1953 1428 2021 Bonifacius
1450 1955 1484 2020 in
1506 1955 1627 2021 visione
1650 1954 1767 2019 dicens:
1789 1955 1843 2020 Dic

688 2076 834 2161 epiceopo
856 2072 968 2154 Lullo,
999 2086 1036 2138 ut
1063 2094 1178 2159 corpus
1207 2094 1309 2137 oseam
1338 2073 1455 2158 chaque
1482 2074 1570 2137 conci
1594 2072 1791 2157 unoquoque
1809 2072 1844 2135 od

686 2191 873 2255 musteo·
898 2191 962 2253 mci
983 2189 1086 2253 locum
1108 2188 1289 2272 transferat
1324 2186 1466 2272 Cumque
1488 2186 1570 2253 hanc
1592 2186 1745 2253 visionem
1765 2184 1843 2251 multi

687 2302 852 2371 audientes
879 2302 1010 2368 minime
1038 2302 1217 2385 crederent,
1247 2302 1374 2387 praesul
1396 2300 1522 2385 Lullus,
1552 2301 1658 2368 allatis
1681 2306 1844 2367 sanctorum

686 2418 845 2505 reliquiis,
875 2418 970 2483 iussit
992 2416 1160 2503 Otpertum
1187 2417 1324 2503 probare
1350 2417 1499 2501 iurando,
1528 2418 1556 2483 si
1584 2437 1661 2483 vera
1689 2422 1770 2483 esset
1790 2418 1843 2483 eiua

686 2534 777 2600 visio.
811 2533 857 2599 At
884 2532 955 2616 ille,
984 2532 1030 2598 nil
1057 2533 1221 2617 dubitans,
1251 2534 1339 2599 iussa
1360 2533 1520 2619 implevit,
1550 2533 1705 2599 visionem
1727 2532 1844 2599 iurando

686 2649 842 2737 probavit
876 2646 966 2727 Quod
987 2668 1059 2716 cum
1081 2649 1201 2715 factum
1223 2649 1345 2733 fuisset,
1369 2669 1478 2715 omnes
1500 2669 1564 2715 non
1587 2648 1690 2715 solum
1711 2668 1757 2733 ev,
1779 2666 1845 2734 qnae

686 2766 777 2853 prius
805 2770 979 2832 renuerunt
1000 2764 1041 2830 de
1063 2764 1166 2830 sancti
1188 2766 1330 2851 eorporis
1353 2764 1575 2850 translatione,
1602 2764 1673 2831 fieri
1696 2784 1845 2833 consenso·

685 2886 771 2965 runt,
795 2880 970 2947 sedetiam
993 2881 1152 2947 adiutores
1176 2900 1245 2947 esse
1267 2887 1436 2967 coeperant
1454 2881 1488 2946 in
1502 2880 1562 2965 his,
1586 2901 1668 2967 quae
1681 2878 1843 2947 huiusmodi

686 3016 763 3065 cura
784 2996 943 3084 poscebat
979 2996 1114 3076 Quidam
1134 3015 1272 3081 namque
1290 2996 1330 3063 ad
1346 2994 1520 3063 afferendas
1535 3018 1642 3081 naves,
1665 3002 1703 3063 ut
1717 2997 1843 3081 celeriter

686 3118 775 3180 trans
790 3112 913 3180 Renum
935 3110 1094 3199 proficisci
1116 3117 1257 3199 possent,
1280 3112 1509 3199 properabant3
1534 3113 1664 3199 quidam
1685 3134 1760 3181 vero
1780 3113 1842 3179 lcta-

686 3229 784 3312 niam,
807 3228 1016 3315 psalmodiam
1040 3227 1165 3312 aliaque
1188 3228 1312 3293 divinae
1334 3228 1437 3295 laudis
1452 3228 1584 3312 cantica,
1607 3234 1752 3296 sanetum
1765 3230 1842 3295 rann

687 3348 864 3431 coquentes,
888 3344 1042 3410 dicebant
1077 3342 1219 3429 Cumque
1233 3344 1328 3411 turba
1341 3364 1415 3429 una,
1435 3344 1559 3428 longius
1574 3344 1748 3431 procedens
1762 3344 1842 3411 ultra·

686 3481 749 3547 que
778 3460 947 3546 procedere
973 3480 1037 3526 non
1065 3459 1190 3544 valens,
1220 3458 1352 3543 rediret,
1382 3459 1446 3527 alia
1473 3460 1678 3527 nihilominus
1706 3460 1795 3527 turba
1812 3458 1841 3523 ds

686 3576 815 3661 regione
836 3576 942 3643 vicina
963 3576 1106 3658 accessit,
1128 3575 1268 3659 gaudem
1282 3574 1368 3642 illius
1383 3581 1491 3644 sancto
1507 3575 1711 3643 obambulare
1725 3574 1842 3663 corpori,

688 3712 782 3777 quem
815 3691 950 3759 credidit
983 3698 1017 3758 et
1048 3691 1191 3777 speravit
1217 3690 1345 3758 sibimet
1372 3692 1457 3779 apud
1483 3692 1656 3758 Dominum
1685 3690 1841 3777 mffrngnri.

687 3807 775 3886 Quae
803 3806 850 3875 ibi
876 3806 1005 3874 laeticia
1032 3813 1065 3875 et
1092 3808 1292 3894 compunctio
1315 3808 1354 3875 de
1375 3809 1457 3875 tanti
1479 3808 1540 3874 viri
1561 3810 1739 3895 patrocinio
1760 3806 1842 3895 pluri·

688 3924 750 3990 mia
770 3924 869 3991 fuerit
888 3929 1009 4008 exorta,
1032 3924 1093 3991 boc
1115 3930 1276 4010 nequeunt
1296 3930 1407 3991 nostra
1421 3924 1515 4008 digna
1530 3924 1717 4012 depromere
1731 3925 1841 4010 scripta

687 4038 778 4106 Unde
805 4041 903 4107 etiam
929 4040 963 4107 in
992 4040 1182 4125 quibusdam
1208 4040 1302 4124 locis,
1331 4040 1385 4107 ubi
1408 4060 1480 4107 oum
1502 4048 1611 4107 sancto
1634 4061 1765 4128 corpore
1784 4057 1841 4127 per

687 4155 859 4223 noctabant
885 4156 938 4223 vel
963 4156 1190 4241 meridiabant,
1218 4156 1251 4222 in
1280 4157 1348 4222 eiua
1375 4156 1525 4223 honoram
1554 4157 1723 4224 aecclesias
1749 4159 1841 4243 poster

688 4271 920 4339 construebant
955 4272 1027 4338 Tali
1048 4274 1158 4357 itaqua
1179 4272 1294 4356 gaudio
1315 4272 1486 4359 perductus
1508 4278 1558 4340 est
1578 4274 1761 4340 monasterii
1780 4266 1840 4337 Ful·

688 4388 794 4454 densis
815 4388 896 4473 loco,
920 4408 982 4475 qun
1004 4388 1075 4475 ipse
1097 4388 1226 4475 sepeliri
1248 4389 1354 4475 sepius
1377 4390 1500 4476 optavit
1521 4390 1691 4477 sepiusque
1712 4390 1745 4455 id
1765 4388 1839 4453 noc

687 4504 829 4592 praesuli
842 4503 935 4571 Lullo
956 4502 1154 4590 implendum
1170 4504 1411 4571 commendavit
1446 4504 1517 4591 Qui,
1540 4511 1573 4573 et
1585 4506 1772 4595 peticionem
1785 4502 1838 4569 eius

688 4620 847 4707 complere
869 4639 1069 4706 summopere
1090 4621 1190 4705 nisus,
1213 4640 1285 4687 cum
1306 4622 1507 4688 veneratione
1528 4622 1637 4689 debita
1657 4628 1757 4690 tarrac
1770 4612 1838 4705 qnod

761 4868 786 4921 l.
810 4863 853 4921 Cf.
871 4865 1030 4921 Pandanam
1047 4864 1076 4922 S.
1089 4866 1221 4923 Bonifatii
1238 4882 1323 4939 supra
1339 4884 1367 4939 p.
1378 4868 1512 4924 liutto.
