<?xml version="1.0" encoding="UTF-8"?>
<!DOCTYPE html PUBLIC "-//W3C//DTD XHTML 1.0 Transitional//EN"
    "http://www.w3.org/TR/xhtml1/DTD/xhtml1-transitional.dtd">
<html xmlns="http://www.w3.org/1999/xhtml" xml:lang="en" lang="en">
 <head>
  <title>
</title>
<meta http-equiv="Content-Type" content="text/html;charset=utf-8" />
  <meta name='ocr-system' content='tesseract 3.04.00' />
  <meta name='ocr-capabilities' content='ocr_page ocr_carea ocr_par ocr_line ocrx_word'/>
</head>
<body>
  <div class='ocr_page' id='page_1' title='image "./monumentamogunt00lulgoog/monumentamogunt00lulgoog_0474.png"; bbox 0 0 4342 6034; ppageno 0'>
   <div class='ocr_carea' id='block_1_1' title="bbox 675 724 1622 791">
    <p class='ocr_par' dir='ltr' id='par_1_1' title="bbox 675 724 1622 791">
     <span class='ocr_line' id='line_1_1' title="bbox 675 724 1622 791; baseline -0.002 0"><span class='ocrx_word' id='word_1_1' title='bbox 675 724 741 791; x_wconf 78' lang='lat'>456</span> <span class='ocrx_word' id='word_1_2' title='bbox 907 742 1113 789; x_wconf 71' lang='lat' dir='ltr'>mensnram</span> <span class='ocrx_word' id='word_1_3' title='bbox 1135 742 1216 788; x_wconf 77' lang='lat' dir='ltr'>v1uu</span> <span class='ocrx_word' id='word_1_4' title='bbox 1238 740 1266 788; x_wconf 92' lang='lat' dir='ltr'>s.</span> <span class='ocrx_word' id='word_1_5' title='bbox 1283 738 1459 787; x_wconf 81' lang='lat' dir='ltr'>nonmnrn</span> <span class='ocrx_word' id='word_1_6' title='bbox 1481 740 1557 789; x_wconf 77' lang='lat' dir='ltr'>cce.</span> <span class='ocrx_word' id='word_1_7' title='bbox 1573 741 1622 789; x_wconf 88' lang='lat' dir='ltr'>vu</span> 
     </span>
    </p>
   </div>
   <div class='ocr_carea' id='block_1_2' title="bbox 507 881 1900 4099">
    <p class='ocr_par' dir='ltr' id='par_1_2' title="bbox 674 881 1843 1665">
     <span class='ocr_line' id='line_1_2' title="bbox 674 881 1840 967; baseline -0.001 -16"><span class='ocrx_word' id='word_1_8' title='bbox 674 904 744 951; x_wconf 89' lang='lat' dir='ltr'>mus</span> <span class='ocrx_word' id='word_1_9' title='bbox 768 902 921 950; x_wconf 90' lang='lat' dir='ltr'>sermone.</span> <span class='ocrx_word' id='word_1_10' title='bbox 968 881 1123 961; x_wconf 86' lang='lat' dir='ltr'>Quoniam</span> <span class='ocrx_word' id='word_1_11' title='bbox 1152 881 1279 966; x_wconf 90' lang='lat' dir='ltr'>quidem</span> <span class='ocrx_word' id='word_1_12' title='bbox 1306 882 1448 949; x_wconf 90' lang='lat' dir='ltr'>diutinus</span> <span class='ocrx_word' id='word_1_13' title='bbox 1475 887 1657 949; x_wconf 84' lang='lat' dir='ltr'>sanctornm</span> <span class='ocrx_word' id='word_1_14' title='bbox 1683 902 1759 950; x_wconf 87' lang='lat' dir='ltr'>usus</span> <span class='ocrx_word' id='word_1_15' title='bbox 1785 890 1840 967; x_wconf 82' lang='lat' dir='ltr'>eet,</span> 
     </span>
     <span class='ocr_line' id='line_1_3' title="bbox 675 997 1842 1086; baseline 0 -19"><span class='ocrx_word' id='word_1_16' title='bbox 675 1007 711 1067; x_wconf 93' lang='lat' dir='ltr'>ut</span> <span class='ocrx_word' id='word_1_17' title='bbox 739 999 868 1081; x_wconf 77' lang='lat' dir='ltr'>cottidie</span> <span class='ocrx_word' id='word_1_18' title='bbox 899 998 1031 1065; x_wconf 85' lang='lat' dir='ltr'>eliorum</span> <span class='ocrx_word' id='word_1_19' title='bbox 1060 1018 1119 1085; x_wconf 88' lang='lat' dir='ltr'>per</span> <span class='ocrx_word' id='word_1_20' title='bbox 1147 997 1293 1085; x_wconf 85' lang='lat' dir='ltr'>exempla</span> <span class='ocrx_word' id='word_1_21' title='bbox 1322 998 1363 1063; x_wconf 88' lang='lat' dir='ltr'>ad</span> <span class='ocrx_word' id='word_1_22' title='bbox 1389 998 1522 1065; x_wconf 75' lang='lat' dir='ltr'><strong>meliora</strong></span> <span class='ocrx_word' id='word_1_23' title='bbox 1551 1018 1586 1065; x_wconf 92' lang='lat' dir='ltr'>se</span> <span class='ocrx_word' id='word_1_24' title='bbox 1607 998 1782 1086; x_wconf 87' lang='lat' dir='ltr'>provehant</span> <span class='ocrx_word' id='word_1_25' title='bbox 1801 1004 1842 1084; x_wconf 85' lang='lat' dir='ltr'>et,</span> 
     </span>
     <span class='ocr_line' id='line_1_4' title="bbox 675 1112 1842 1197; baseline 0 -15"><span class='ocrx_word' id='word_1_26' title='bbox 675 1116 874 1182; x_wconf 78' lang='lat' dir='ltr'>decrescente</span> <span class='ocrx_word' id='word_1_27' title='bbox 904 1114 1025 1181; x_wconf 88' lang='lat' dir='ltr'>dierum</span> <span class='ocrx_word' id='word_1_28' title='bbox 1055 1112 1191 1197; x_wconf 87' lang='lat' dir='ltr'>calculo,</span> <span class='ocrx_word' id='word_1_29' title='bbox 1220 1119 1342 1181; x_wconf 88' lang='lat' dir='ltr'>crescat</span> <span class='ocrx_word' id='word_1_30' title='bbox 1368 1115 1402 1180; x_wconf 94' lang='lat' dir='ltr'>in</span> <span class='ocrx_word' id='word_1_31' title='bbox 1431 1116 1478 1181; x_wconf 89' lang='lat' dir='ltr'>eis</span> <span class='ocrx_word' id='word_1_32' title='bbox 1501 1114 1598 1181; x_wconf 84' lang='lat' dir='ltr'>etiam</span> <span class='ocrx_word' id='word_1_33' title='bbox 1618 1114 1727 1181; x_wconf 83' lang='lat' dir='ltr'>intimi</span> <span class='ocrx_word' id='word_1_34' title='bbox 1745 1116 1842 1183; x_wconf 86' lang='lat' dir='ltr'>virtus</span> 
     </span>
     <span class='ocr_line' id='line_1_5' title="bbox 677 1228 1843 1315; baseline 0.001 -18"><span class='ocrx_word' id='word_1_35' title='bbox 677 1230 803 1297; x_wconf 89' lang='lat' dir='ltr'>amoris.</span> <span class='ocrx_word' id='word_1_36' title='bbox 894 1228 1035 1315; x_wconf 83' lang='lat' dir='ltr'>Cumque</span> <span class='ocrx_word' id='word_1_37' title='bbox 1062 1229 1286 1312; x_wconf 70' lang='lat' dir='ltr'>aecclesiarum</span> <span class='ocrx_word' id='word_1_38' title='bbox 1313 1234 1399 1296; x_wconf 86' lang='lat' dir='ltr'>erat·</span> <span class='ocrx_word' id='word_1_39' title='bbox 1428 1249 1492 1295; x_wconf 94' lang='lat' dir='ltr'>non</span> <span class='ocrx_word' id='word_1_40' title='bbox 1520 1230 1654 1296; x_wconf 88' lang='lat' dir='ltr'>minima</span> <span class='ocrx_word' id='word_1_41' title='bbox 1680 1232 1715 1297; x_wconf 91' lang='lat' dir='ltr'>iu</span> <span class='ocrx_word' id='word_1_42' title='bbox 1736 1231 1843 1298; x_wconf 83' lang='lat' dir='ltr'>Hassis</span> 
     </span>
     <span class='ocr_line' id='line_1_6' title="bbox 676 1344 1843 1434; baseline -0.001 -20"><span class='ocrx_word' id='word_1_43' title='bbox 676 1352 708 1414; x_wconf 89' lang='lat' dir='ltr'>et</span> <span class='ocrx_word' id='word_1_44' title='bbox 731 1346 764 1412; x_wconf 94' lang='lat' dir='ltr'>in</span> <span class='ocrx_word' id='word_1_45' title='bbox 787 1344 966 1432; x_wconf 78' lang='lat' dir='ltr'>Thyringea</span> <span class='ocrx_word' id='word_1_46' title='bbox 994 1344 1163 1411; x_wconf 87' lang='lat' dir='ltr'>multitudo</span> <span class='ocrx_word' id='word_1_47' title='bbox 1191 1349 1367 1429; x_wconf 72' lang='lat' dir='ltr'>excuncta,</span> <span class='ocrx_word' id='word_1_48' title='bbox 1395 1350 1429 1411; x_wconf 88' lang='lat' dir='ltr'>et</span> <span class='ocrx_word' id='word_1_49' title='bbox 1449 1344 1584 1429; x_wconf 75' lang='lat' dir='ltr'>singulis</span> <span class='ocrx_word' id='word_1_50' title='bbox 1604 1346 1722 1431; x_wconf 80' lang='lat' dir='ltr'>singuli</span> <span class='ocrx_word' id='word_1_51' title='bbox 1741 1348 1843 1434; x_wconf 86' lang='lat' dir='ltr'>provi-</span> 
     </span>
     <span class='ocr_line' id='line_1_7' title="bbox 676 1460 1842 1549; baseline -0.001 -19"><span class='ocrx_word' id='word_1_52' title='bbox 676 1460 842 1530; x_wconf 59' lang='lat' dir='ltr'>derentur*</span> <span class='ocrx_word' id='word_1_53' title='bbox 866 1460 1027 1545; x_wconf 77' lang='lat' dir='ltr'>custodes,</span> <span class='ocrx_word' id='word_1_54' title='bbox 1055 1466 1123 1526; x_wconf 88' lang='lat' dir='ltr'>tum</span> <span class='ocrx_word' id='word_1_55' title='bbox 1147 1462 1244 1527; x_wconf 88' lang='lat' dir='ltr'>etiam</span> <span class='ocrx_word' id='word_1_56' title='bbox 1266 1461 1360 1529; x_wconf 85' lang='lat' dir='ltr'>tertio</span> <span class='ocrx_word' id='word_1_57' title='bbox 1383 1467 1514 1549; x_wconf 89' lang='lat' dir='ltr'>propter</span> <span class='ocrx_word' id='word_1_58' title='bbox 1535 1460 1727 1531; x_wconf 74' lang='lat' dir='ltr'>familiarem</span> <span class='ocrx_word' id='word_1_59' title='bbox 1746 1464 1842 1529; x_wconf 85' lang='lat' dir='ltr'>sancti</span> 
     </span>
     <span class='ocr_line' id='line_1_8' title="bbox 676 1575 1843 1665; baseline -0.001 -20"><span class='ocrx_word' id='word_1_60' title='bbox 676 1577 840 1665; x_wconf 89' lang='lat' dir='ltr'>apostolici</span> <span class='ocrx_word' id='word_1_61' title='bbox 863 1575 1020 1665; x_wconf 87' lang='lat' dir='ltr'>pontificis</span> <span class='ocrx_word' id='word_1_62' title='bbox 1043 1577 1204 1661; x_wconf 89' lang='lat' dir='ltr'>totiusque</span> <span class='ocrx_word' id='word_1_63' title='bbox 1226 1576 1392 1645; x_wconf 76' lang='lat' dir='ltr'>clericatus</span> <span class='ocrx_word' id='word_1_64' title='bbox 1407 1578 1688 1662; x_wconf 69' lang='lat' dir='ltr'>commonionem,</span> <span class='ocrx_word' id='word_1_65' title='bbox 1710 1579 1843 1665; x_wconf 79' lang='lat' dir='ltr'>discipu·</span> 
     </span>
    </p>

    <p class='ocr_par' dir='ltr' id='par_1_3' title="bbox 507 1691 1900 2706">
     <span class='ocr_line' id='line_1_9' title="bbox 507 1691 1842 1781; baseline -0.003 -15"><span class='ocrx_word' id='word_1_66' title='bbox 507 1726 532 1765; x_wconf 83' lang='lat' dir='ltr'>e.</span> <span class='ocrx_word' id='word_1_67' title='bbox 545 1710 666 1765; x_wconf 75' lang='lat' dir='ltr'>uer-ras</span> <span class='ocrx_word' id='word_1_68' title='bbox 675 1694 778 1761; x_wconf 91' lang='lat' dir='ltr'>lorum</span> <span class='ocrx_word' id='word_1_69' title='bbox 801 1693 971 1760; x_wconf 86' lang='lat' dir='ltr'>comitante</span> <span class='ocrx_word' id='word_1_70' title='bbox 992 1697 1094 1775; x_wconf 88' lang='lat' dir='ltr'>coetu,</span> <span class='ocrx_word' id='word_1_71' title='bbox 1117 1691 1250 1759; x_wconf 88' lang='lat' dir='ltr'>Romam</span> <span class='ocrx_word' id='word_1_72' title='bbox 1271 1694 1368 1777; x_wconf 90' lang='lat' dir='ltr'>venit,</span> <span class='ocrx_word' id='word_1_73' title='bbox 1391 1699 1428 1759; x_wconf 91' lang='lat' dir='ltr'>ut</span> <span class='ocrx_word' id='word_1_74' title='bbox 1450 1694 1616 1781; x_wconf 86' lang='lat' dir='ltr'>apostolici</span> <span class='ocrx_word' id='word_1_75' title='bbox 1630 1694 1842 1780; x_wconf 76' lang='lat' dir='ltr'>videlicetpa</span> 
     </span>
     <span class='ocr_line' id='line_1_10' title="bbox 676 1808 1843 1895; baseline -0.002 -18"><span class='ocrx_word' id='word_1_76' title='bbox 676 1812 734 1877; x_wconf 87' lang='lat' dir='ltr'>tris</span> <span class='ocrx_word' id='word_1_77' title='bbox 757 1809 877 1877; x_wconf 85' lang='lat' dir='ltr'>salubri</span> <span class='ocrx_word' id='word_1_78' title='bbox 898 1810 1055 1875; x_wconf 86' lang='lat' dir='ltr'>frueretur</span> <span class='ocrx_word' id='word_1_79' title='bbox 1078 1808 1244 1894; x_wconf 91' lang='lat' dir='ltr'>conloquio</span> <span class='ocrx_word' id='word_1_80' title='bbox 1267 1814 1300 1875; x_wconf 89' lang='lat' dir='ltr'>et</span> <span class='ocrx_word' id='word_1_81' title='bbox 1314 1815 1496 1877; x_wconf 89' lang='lat' dir='ltr'>sanctorum</span> <span class='ocrx_word' id='word_1_82' title='bbox 1509 1828 1555 1894; x_wconf 85' lang='lat' dir='ltr'>se,</span> <span class='ocrx_word' id='word_1_83' title='bbox 1577 1809 1644 1875; x_wconf 88' lang='lat' dir='ltr'>iam</span> <span class='ocrx_word' id='word_1_84' title='bbox 1659 1816 1760 1877; x_wconf 85' lang='lat' dir='ltr'>aetate</span> <span class='ocrx_word' id='word_1_85' title='bbox 1774 1830 1843 1895; x_wconf 84' lang='lat' dir='ltr'>pro-</span> 
     </span>
     <span class='ocr_line' id='line_1_11' title="bbox 675 1924 1842 2013; baseline -0.001 -20"><span class='ocrx_word' id='word_1_86' title='bbox 675 1924 1002 2011; x_wconf 67' lang='lat' dir='ltr'>remunerationibus</span> <span class='ocrx_word' id='word_1_87' title='bbox 1018 1924 1261 1991; x_wconf 85' lang='lat' dir='ltr'>commendaret</span> <span class='ocrx_word' id='word_1_88' title='bbox 1284 1926 1347 1991; x_wconf 83' lang='lat' dir='ltr'>Ast</span> <span class='ocrx_word' id='word_1_89' title='bbox 1361 1924 1415 1992; x_wconf 93' lang='lat' dir='ltr'>ubi</span> <span class='ocrx_word' id='word_1_90' title='bbox 1427 1931 1501 2013; x_wconf 87' lang='lat' dir='ltr'>post</span> <span class='ocrx_word' id='word_1_91' title='bbox 1510 1926 1688 1992; x_wconf 89' lang='lat' dir='ltr'>inmensam</span> <span class='ocrx_word' id='word_1_92' title='bbox 1699 1925 1842 1992; x_wconf 79' lang='lat' dir='ltr'>iteneris⁴</span> 
     </span>
     <span class='ocr_line' id='line_1_12' title="bbox 676 2037 1841 2128; baseline 0 -19"><span class='ocrx_word' id='word_1_93' title='bbox 676 2043 857 2109; x_wconf 84' lang='lat' dir='ltr'>vastitatem</span> <span class='ocrx_word' id='word_1_94' title='bbox 881 2040 995 2107; x_wconf 91' lang='lat' dir='ltr'>domno</span> <span class='ocrx_word' id='word_1_95' title='bbox 1019 2039 1191 2127; x_wconf 89' lang='lat' dir='ltr'>apostolico</span> <span class='ocrx_word' id='word_1_96' title='bbox 1211 2038 1363 2125; x_wconf 78' lang='lat' dir='ltr'>Gregorio</span> <span class='ocrx_word' id='word_1_97' title='bbox 1385 2046 1510 2109; x_wconf 73' lang='lat' dir='ltr'>lecim</span> <span class='ocrx_word' id='word_1_98' title='bbox 1530 2037 1687 2108; x_wconf 88' lang='lat' dir='ltr'>secundo¹</span> <span class='ocrx_word' id='word_1_99' title='bbox 1700 2060 1841 2128; x_wconf 83' lang='lat' dir='ltr'>praesen</span> 
     </span>
     <span class='ocr_line' id='line_1_13' title="bbox 675 2152 1900 2243; baseline -0.002 -18"><span class='ocrx_word' id='word_1_100' title='bbox 675 2164 823 2241; x_wconf 88' lang='lat' dir='ltr'>taretnr·,</span> <span class='ocrx_word' id='word_1_101' title='bbox 847 2156 981 2240; x_wconf 73' lang='lat' dir='ltr'>benigne</span> <span class='ocrx_word' id='word_1_102' title='bbox 1003 2162 1169 2243; x_wconf 86' lang='lat' dir='ltr'>susceptus</span> <span class='ocrx_word' id='word_1_103' title='bbox 1192 2162 1241 2223; x_wconf 90' lang='lat' dir='ltr'>est</span> <span class='ocrx_word' id='word_1_104' title='bbox 1258 2157 1298 2223; x_wconf 89' lang='lat' dir='ltr'>ab</span> <span class='ocrx_word' id='word_1_105' title='bbox 1314 2152 1380 2225; x_wconf 72' lang='grc' dir='ltr'><strong>ου’.</strong></span> <span class='ocrx_word' id='word_1_106' title='bbox 1415 2157 1578 2243; x_wconf 83' lang='lat' dir='ltr'>Tantaque</span> <span class='ocrx_word' id='word_1_107' title='bbox 1593 2177 1614 2223; x_wconf 91' lang='lat' dir='ltr'>a</span> <span class='ocrx_word' id='word_1_108' title='bbox 1628 2158 1759 2241; x_wconf 87' lang='lat' dir='ltr'>cunctis,</span> <span class='ocrx_word' id='word_1_109' title='bbox 1781 2163 1841 2223; x_wconf 86' lang='lat' dir='ltr'>tarn</span> <span class='ocrx_word' id='word_1_110' title='bbox 1899 2165 1900 2168; x_wconf 76' lang='grc'>’</span> 
     </span>
     <span class='ocr_line' id='line_1_14' title="bbox 676 2271 1841 2359; baseline -0.003 -18"><span class='ocrx_word' id='word_1_111' title='bbox 676 2273 825 2341; x_wconf 86' lang='lat' dir='ltr'>Romanis</span> <span class='ocrx_word' id='word_1_112' title='bbox 849 2292 942 2359; x_wconf 87' lang='lat' dir='ltr'>quam</span> <span class='ocrx_word' id='word_1_113' title='bbox 967 2272 1062 2339; x_wconf 87' lang='lat' dir='ltr'>etiam</span> <span class='ocrx_word' id='word_1_114' title='bbox 1087 2271 1234 2357; x_wconf 89' lang='lat' dir='ltr'>advenis,</span> <span class='ocrx_word' id='word_1_115' title='bbox 1256 2273 1459 2339; x_wconf 88' lang='lat' dir='ltr'>veneratione</span> <span class='ocrx_word' id='word_1_116' title='bbox 1480 2272 1672 2358; x_wconf 86' lang='lat' dir='ltr'>habebatur,</span> <span class='ocrx_word' id='word_1_117' title='bbox 1700 2272 1841 2339; x_wconf 84' lang='lat' dir='ltr'>etmulti</span> 
     </span>
     <span class='ocr_line' id='line_1_15' title="bbox 677 2387 1900 2457; baseline 0 -2"><span class='ocrx_word' id='word_1_118' title='bbox 677 2390 717 2456; x_wconf 88' lang='lat' dir='ltr'>ad</span> <span class='ocrx_word' id='word_1_119' title='bbox 748 2388 919 2455; x_wconf 87' lang='lat' dir='ltr'>salutarem</span> <span class='ocrx_word' id='word_1_120' title='bbox 947 2387 1013 2453; x_wconf 85' lang='lat' dir='ltr'>eins</span> <span class='ocrx_word' id='word_1_121' title='bbox 1044 2387 1234 2454; x_wconf 82' lang='lat' dir='ltr'>doetrinam¹</span> <span class='ocrx_word' id='word_1_122' title='bbox 1262 2387 1464 2455; x_wconf 85' lang='lat' dir='ltr'>confluerent.</span> <span class='ocrx_word' id='word_1_123' title='bbox 1509 2388 1743 2457; x_wconf 81' lang='lat' dir='ltr'>Franchorum⁸</span> <span class='ocrx_word' id='word_1_124' title='bbox 1763 2390 1840 2456; x_wconf 87' lang='lat' dir='ltr'>enin</span> <span class='ocrx_word' id='word_1_125' title='bbox 1899 2425 1900 2436; x_wconf 63' lang='lat'><em>2</em></span> 
     </span>
     <span class='ocr_line' id='line_1_16' title="bbox 677 2502 1841 2574; baseline -0.001 -2"><span class='ocrx_word' id='word_1_126' title='bbox 677 2512 709 2572; x_wconf 90' lang='lat' dir='ltr'>et</span> <span class='ocrx_word' id='word_1_127' title='bbox 736 2502 972 2571; x_wconf 75' lang='lat' dir='ltr'>Baioariorum¹¹</span> <span class='ocrx_word' id='word_1_128' title='bbox 995 2522 1054 2569; x_wconf 92' lang='lat' dir='ltr'>nec</span> <span class='ocrx_word' id='word_1_129' title='bbox 1081 2523 1145 2570; x_wconf 92' lang='lat' dir='ltr'>non</span> <span class='ocrx_word' id='word_1_130' title='bbox 1173 2524 1213 2571; x_wconf 83' lang='lat' dir='ltr'>ex</span> <span class='ocrx_word' id='word_1_131' title='bbox 1239 2504 1409 2571; x_wconf 80' lang='lat' dir='ltr'>Brittania¹</span> <span class='ocrx_word' id='word_1_132' title='bbox 1432 2504 1667 2573; x_wconf 88' lang='lat' dir='ltr'>advenientium</span> <span class='ocrx_word' id='word_1_133' title='bbox 1689 2506 1841 2574; x_wconf 72' lang='lat' dir='ltr'>Suonnn</span> 
     </span>
     <span class='ocr_line' id='line_1_17' title="bbox 678 2620 1900 2706; baseline 0.001 -20"><span class='ocrx_word' id='word_1_134' title='bbox 678 2620 873 2705; x_wconf 84' lang='lat' dir='ltr'>aliarumque</span> <span class='ocrx_word' id='word_1_135' title='bbox 900 2620 1136 2706; x_wconf 87' lang='lat' dir='ltr'>provinciarum</span> <span class='ocrx_word' id='word_1_136' title='bbox 1162 2621 1275 2705; x_wconf 80' lang='lat' dir='ltr'>ingens</span> <span class='ocrx_word' id='word_1_137' title='bbox 1298 2621 1406 2688; x_wconf 89' lang='lat' dir='ltr'>sedulo</span> <span class='ocrx_word' id='word_1_138' title='bbox 1430 2622 1496 2688; x_wconf 86' lang='lat' dir='ltr'>eine</span> <span class='ocrx_word' id='word_1_139' title='bbox 1520 2622 1733 2689; x_wconf 84' lang='lat' dir='ltr'>admonitione</span> <span class='ocrx_word' id='word_1_140' title='bbox 1754 2622 1840 2688; x_wconf 82' lang='lat' dir='ltr'>adhe</span> <span class='ocrx_word' id='word_1_141' title='bbox 1899 2655 1900 2698; x_wconf 58' lang='lat'>3</span> 
     </span>
    </p>

    <p class='ocr_par' dir='ltr' id='par_1_4' title="bbox 510 2734 1900 3637">
     <span class='ocr_line' id='line_1_18' title="bbox 510 2734 1900 2838; baseline -0.004 -31"><span class='ocrx_word' id='word_1_142' title='bbox 510 2736 767 2808; x_wconf 60' lang='lat' dir='ltr'>succlamabat</span> <span class='ocrx_word' id='word_1_143' title='bbox 794 2735 973 2803; x_wconf 88' lang='lat' dir='ltr'>multitudo.</span> <span class='ocrx_word' id='word_1_144' title='bbox 1020 2734 1163 2821; x_wconf 79' lang='lat' dir='ltr'>Cumque</span> <span class='ocrx_word' id='word_1_145' title='bbox 1189 2756 1254 2803; x_wconf 96' lang='lat' dir='ltr'>non</span> <span class='ocrx_word' id='word_1_146' title='bbox 1284 2736 1451 2803; x_wconf 92' lang='lat' dir='ltr'>minimum</span> <span class='ocrx_word' id='word_1_147' title='bbox 1479 2738 1554 2803; x_wconf 94' lang='lat' dir='ltr'>anni</span> <span class='ocrx_word' id='word_1_148' title='bbox 1583 2738 1722 2825; x_wconf 84' lang='lat' dir='ltr'>spatium</span> <span class='ocrx_word' id='word_1_149' title='bbox 1742 2738 1777 2804; x_wconf 92' lang='lat' dir='ltr'>in</span> <span class='ocrx_word' id='word_1_150' title='bbox 1797 2737 1839 2801; x_wconf 85' lang='lat' dir='ltr'>his</span> <span class='ocrx_word' id='word_1_151' title='bbox 1899 2747 1900 2838; x_wconf 59' lang='lat'>}</span> 
     </span>
     <span class='ocr_line' id='line_1_19' title="bbox 676 2843 1900 2940; baseline -0.001 -21"><span class='ocrx_word' id='word_1_152' title='bbox 676 2851 878 2919; x_wconf 69' lang='lat' dir='ltr'>morabatur*K</span> <span class='ocrx_word' id='word_1_153' title='bbox 899 2852 1080 2937; x_wconf 85' lang='lat' dir='ltr'>regionibus</span> <span class='ocrx_word' id='word_1_154' title='bbox 1109 2857 1142 2918; x_wconf 87' lang='lat' dir='ltr'>et</span> <span class='ocrx_word' id='word_1_155' title='bbox 1171 2857 1353 2919; x_wconf 89' lang='lat' dir='ltr'>sanctornm</span> <span class='ocrx_word' id='word_1_156' title='bbox 1381 2853 1580 2940; x_wconf 81' lang='lat' dir='ltr'>peragrando</span> <span class='ocrx_word' id='word_1_157' title='bbox 1610 2860 1705 2939; x_wconf 87' lang='lat' dir='ltr'>atque</span> <span class='ocrx_word' id='word_1_158' title='bbox 1731 2852 1838 2921; x_wconf 88' lang='lat' dir='ltr'>orando</span> <span class='ocrx_word' id='word_1_159' title='bbox 1899 2843 1900 2928; x_wconf 61' lang='lat' dir='ltr'>i</span> 
     </span>
     <span class='ocr_line' id='line_1_20' title="bbox 677 2968 1838 3055; baseline -0.003 -18"><span class='ocrx_word' id='word_1_160' title='bbox 677 2970 841 3037; x_wconf 89' lang='lat' dir='ltr'>circuisset</span> <span class='ocrx_word' id='word_1_161' title='bbox 866 2968 1033 3054; x_wconf 89' lang='lat' dir='ltr'>reliquias,</span> <span class='ocrx_word' id='word_1_162' title='bbox 1062 2972 1140 3033; x_wconf 91' lang='lat' dir='ltr'>tunc</span> <span class='ocrx_word' id='word_1_163' title='bbox 1167 2970 1285 3055; x_wconf 87' lang='lat' dir='ltr'>quippe</span> <span class='ocrx_word' id='word_1_164' title='bbox 1313 2969 1485 3036; x_wconf 88' lang='lat' dir='ltr'>resalutato</span> <span class='ocrx_word' id='word_1_165' title='bbox 1515 2969 1695 3037; x_wconf 88' lang='lat' dir='ltr'>venerando</span> <span class='ocrx_word' id='word_1_166' title='bbox 1721 2972 1785 3036; x_wconf 91' lang='lat' dir='ltr'>viro</span> <span class='ocrx_word' id='word_1_167' title='bbox 1808 2987 1838 3034; x_wconf 86' lang='lat' dir='ltr'>ae</span> 
     </span>
     <span class='ocr_line' id='line_1_21' title="bbox 677 3065 1900 3172; baseline 0 -19"><span class='ocrx_word' id='word_1_168' title='bbox 677 3086 762 3153; x_wconf 90' lang='lat' dir='ltr'>sedis</span> <span class='ocrx_word' id='word_1_169' title='bbox 784 3084 975 3172; x_wconf 88' lang='lat' dir='ltr'>apostolicae</span> <span class='ocrx_word' id='word_1_170' title='bbox 997 3081 1163 3170; x_wconf 87' lang='lat' dir='ltr'>pontifici¹‚</span> <span class='ocrx_word' id='word_1_171' title='bbox 1186 3103 1259 3150; x_wconf 89' lang='lat' dir='ltr'>cum</span> <span class='ocrx_word' id='word_1_172' title='bbox 1280 3085 1462 3152; x_wconf 89' lang='lat' dir='ltr'>muneribus</span> <span class='ocrx_word' id='word_1_173' title='bbox 1485 3090 1518 3153; x_wconf 89' lang='lat' dir='ltr'>et</span> <span class='ocrx_word' id='word_1_174' title='bbox 1539 3086 1707 3172; x_wconf 80' lang='lat' dir='ltr'>reliquiis·</span> <span class='ocrx_word' id='word_1_175' title='bbox 1726 3089 1836 3153; x_wconf 74' lang='lat' dir='ltr'>undo</span> <span class='ocrx_word' id='word_1_176' title='bbox 1899 3065 1900 3100; x_wconf 64' lang='lat'>³</span> 
     </span>
     <span class='ocr_line' id='line_1_22' title="bbox 678 3190 1834 3289; baseline -0.004 -20"><span class='ocrx_word' id='word_1_177' title='bbox 678 3190 941 3269; x_wconf 79' lang='lat' dir='ltr'>rum&#39;honorifice</span> <span class='ocrx_word' id='word_1_178' title='bbox 964 3199 1082 3266; x_wconf 86' lang='lat' dir='ltr'>ditatus</span> <span class='ocrx_word' id='word_1_179' title='bbox 1105 3201 1268 3267; x_wconf 84' lang='lat' dir='ltr'>remeavit</span> <span class='ocrx_word' id='word_1_180' title='bbox 1358 3200 1545 3287; x_wconf 86' lang='lat' dir='ltr'>Italiamque</span> <span class='ocrx_word' id='word_1_181' title='bbox 1566 3202 1766 3289; x_wconf 80' lang='lat' dir='ltr'>perveniens,</span> <span class='ocrx_word' id='word_1_182' title='bbox 1788 3200 1834 3265; x_wconf 78' lang='lat' dir='ltr'>li</span> 
     </span>
     <span class='ocr_line' id='line_1_23' title="bbox 679 3316 1833 3404; baseline -0.003 -19"><span class='ocrx_word' id='word_1_183' title='bbox 679 3338 774 3388; x_wconf 86' lang='lat' dir='ltr'>conae</span> <span class='ocrx_word' id='word_1_184' title='bbox 807 3316 894 3384; x_wconf 90' lang='lat' dir='ltr'>urbis</span> <span class='ocrx_word' id='word_1_185' title='bbox 929 3316 1091 3399; x_wconf 77' lang='lat' dir='ltr'>ingressus</span> <span class='ocrx_word' id='word_1_186' title='bbox 1119 3321 1168 3383; x_wconf 86' lang='lat' dir='ltr'>est</span> <span class='ocrx_word' id='word_1_187' title='bbox 1196 3317 1323 3383; x_wconf 87' lang='lat' dir='ltr'>moenia</span> <span class='ocrx_word' id='word_1_188' title='bbox 1350 3322 1383 3384; x_wconf 87' lang='lat' dir='ltr'>et</span> <span class='ocrx_word' id='word_1_189' title='bbox 1409 3317 1495 3404; x_wconf 87' lang='lat' dir='ltr'>apud</span> <span class='ocrx_word' id='word_1_190' title='bbox 1520 3316 1737 3386; x_wconf 88' lang='lat' dir='ltr'>honorandum</span> <span class='ocrx_word' id='word_1_191' title='bbox 1762 3316 1833 3383; x_wconf 82' lang='lat' dir='ltr'>Ion·</span> 
     </span>
     <span class='ocr_line' id='line_1_24' title="bbox 679 3430 1833 3520; baseline -0.002 -17"><span class='ocrx_word' id='word_1_192' title='bbox 679 3433 889 3520; x_wconf 85' lang='lat' dir='ltr'>gebardornm</span> <span class='ocrx_word' id='word_1_193' title='bbox 917 3430 1166 3498; x_wconf 84' lang='lat' dir='ltr'>Lintbrandnm&#39;&#39;</span> <span class='ocrx_word' id='word_1_194' title='bbox 1194 3453 1318 3517; x_wconf 80' lang='lat' dir='ltr'>regem,</span> <span class='ocrx_word' id='word_1_195' title='bbox 1354 3435 1420 3501; x_wconf 92' lang='lat' dir='ltr'>iam</span> <span class='ocrx_word' id='word_1_196' title='bbox 1451 3434 1539 3501; x_wconf 88' lang='lat' dir='ltr'>senio</span> <span class='ocrx_word' id='word_1_197' title='bbox 1570 3434 1663 3501; x_wconf 87' lang='lat' dir='ltr'>fessis</span> <span class='ocrx_word' id='word_1_198' title='bbox 1689 3432 1833 3514; x_wconf 78' lang='lat' dir='ltr'>membris,</span> 
     </span>
     <span class='ocr_line' id='line_1_25' title="bbox 678 3550 902 3637; baseline -0.022 -18"><span class='ocrx_word' id='word_1_199' title='bbox 678 3550 902 3637; x_wconf 82' lang='lat' dir='ltr'>requiescebat</span> 
     </span>
    </p>

    <p class='ocr_par' dir='ltr' id='par_1_5' title="bbox 609 3664 1835 4099">
     <span class='ocr_line' id='line_1_26' title="bbox 609 3664 1835 3749; baseline 0 -20"><span class='ocrx_word' id='word_1_200' title='bbox 609 3676 661 3729; x_wconf 78' lang='lat'>739</span> <span class='ocrx_word' id='word_1_201' title='bbox 768 3666 811 3732; x_wconf 86' lang='lat' dir='ltr'>Et</span> <span class='ocrx_word' id='word_1_202' title='bbox 831 3664 990 3749; x_wconf 88' lang='lat' dir='ltr'>recedens,</span> <span class='ocrx_word' id='word_1_203' title='bbox 1014 3684 1077 3731; x_wconf 95' lang='lat' dir='ltr'>non</span> <span class='ocrx_word' id='word_1_204' title='bbox 1099 3664 1202 3731; x_wconf 90' lang='lat' dir='ltr'>solum</span> <span class='ocrx_word' id='word_1_205' title='bbox 1223 3664 1376 3731; x_wconf 87' lang='lat' dir='ltr'>invitatus</span> <span class='ocrx_word' id='word_1_206' title='bbox 1397 3664 1634 3733; x_wconf 71' lang='lat' dir='ltr'>Baioariommh</span> <span class='ocrx_word' id='word_1_207' title='bbox 1656 3666 1698 3734; x_wconf 90' lang='lat' dir='ltr'>ab</span> <span class='ocrx_word' id='word_1_208' title='bbox 1719 3664 1835 3733; x_wconf 87' lang='lat' dir='ltr'>Odilone</span> 
     </span>
     <span class='ocr_line' id='line_1_27' title="bbox 680 3779 1834 3871; baseline -0.003 -22"><span class='ocrx_word' id='word_1_209' title='bbox 680 3782 759 3849; x_wconf 91' lang='lat' dir='ltr'>duce</span> <span class='ocrx_word' id='word_1_210' title='bbox 782 3781 837 3849; x_wconf 89' lang='lat' dir='ltr'>sed</span> <span class='ocrx_word' id='word_1_211' title='bbox 860 3786 891 3847; x_wconf 90' lang='lat' dir='ltr'>et</span> <span class='ocrx_word' id='word_1_212' title='bbox 914 3785 1123 3868; x_wconf 87' lang='lat' dir='ltr'>spontaneus,</span> <span class='ocrx_word' id='word_1_213' title='bbox 1150 3779 1294 3847; x_wconf 87' lang='lat' dir='ltr'>visitavit</span> <span class='ocrx_word' id='word_1_214' title='bbox 1314 3780 1443 3848; x_wconf 86' lang='lat' dir='ltr'>incolas.</span> <span class='ocrx_word' id='word_1_215' title='bbox 1489 3780 1669 3869; x_wconf 86' lang='lat' dir='ltr'>Mansitque</span> <span class='ocrx_word' id='word_1_216' title='bbox 1691 3780 1770 3871; x_wconf 87' lang='lat' dir='ltr'>apud</span> <span class='ocrx_word' id='word_1_217' title='bbox 1789 3798 1834 3846; x_wconf 87' lang='lat' dir='ltr'>eos</span> 
     </span>
     <span class='ocr_line' id='line_1_28' title="bbox 681 3896 1833 3985; baseline -0.005 -20"><span class='ocrx_word' id='word_1_218' title='bbox 681 3897 790 3965; x_wconf 88' lang='lat' dir='ltr'>diebus</span> <span class='ocrx_word' id='word_1_219' title='bbox 813 3896 933 3981; x_wconf 90' lang='lat' dir='ltr'>multis,</span> <span class='ocrx_word' id='word_1_220' title='bbox 956 3897 1143 3985; x_wconf 86' lang='lat' dir='ltr'>praedicans</span> <span class='ocrx_word' id='word_1_221' title='bbox 1167 3903 1199 3965; x_wconf 91' lang='lat' dir='ltr'>et</span> <span class='ocrx_word' id='word_1_222' title='bbox 1221 3896 1442 3983; x_wconf 77' lang='lat' dir='ltr'>euangelizana</span> <span class='ocrx_word' id='word_1_223' title='bbox 1464 3898 1596 3965; x_wconf 87' lang='lat' dir='ltr'>verbum</span> <span class='ocrx_word' id='word_1_224' title='bbox 1617 3896 1695 3981; x_wconf 81' lang='lat' dir='ltr'>Dei3</span> <span class='ocrx_word' id='word_1_225' title='bbox 1717 3913 1833 3981; x_wconf 89' lang='lat' dir='ltr'>vereque</span> 
     </span>
     <span class='ocr_line' id='line_1_29' title="bbox 681 4010 1832 4099; baseline 0.001 -19"><span class='ocrx_word' id='word_1_226' title='bbox 681 4012 757 4097; x_wconf 80' lang='lat' dir='ltr'>fidei</span> <span class='ocrx_word' id='word_1_227' title='bbox 780 4032 816 4081; x_wconf 93' lang='lat' dir='ltr'>ac</span> <span class='ocrx_word' id='word_1_228' title='bbox 838 4012 1006 4099; x_wconf 82' lang='lat' dir='ltr'>relegionis</span> <span class='ocrx_word' id='word_1_229' title='bbox 1029 4019 1228 4081; x_wconf 83' lang='lat' dir='ltr'>sacramente</span> <span class='ocrx_word' id='word_1_230' title='bbox 1249 4014 1430 4081; x_wconf 80' lang='lat' dir='ltr'>renovavit⁰</span> <span class='ocrx_word' id='word_1_231' title='bbox 1453 4018 1486 4081; x_wconf 89' lang='lat' dir='ltr'>et</span> <span class='ocrx_word' id='word_1_232' title='bbox 1506 4014 1716 4083; x_wconf 85' lang='lat' dir='ltr'>destructores</span> <span class='ocrx_word' id='word_1_233' title='bbox 1730 4010 1832 4093; x_wconf 69' lang='lat' dir='ltr'>aceolo</span> 
     </span>
    </p>
   </div>
   <div class='ocr_carea' id='block_1_3' title="bbox 682 4225 1831 4527">
    <p class='ocr_par' dir='ltr' id='par_1_6' title="bbox 682 4225 1831 4527">
     <span class='ocr_line' id='line_1_30' title="bbox 754 4225 1831 4287; baseline -0.006 -11"><span class='ocrx_word' id='word_1_234' title='bbox 754 4242 773 4275; x_wconf 86' lang='lat' dir='ltr'>a</span> <span class='ocrx_word' id='word_1_235' title='bbox 794 4228 856 4275; x_wconf 83' lang='lat' dir='ltr'>esset</span> <span class='ocrx_word' id='word_1_236' title='bbox 871 4230 899 4274; x_wconf 88' lang='lat' dir='ltr'>A.</span> <span class='ocrx_word' id='word_1_237' title='bbox 980 4228 1003 4274; x_wconf 90' lang='lat' dir='ltr'>b.</span> <span class='ocrx_word' id='word_1_238' title='bbox 1023 4226 1210 4287; x_wconf 77' lang='lat' dir='ltr'>praeviderentur</span> <span class='ocrx_word' id='word_1_239' title='bbox 1225 4230 1254 4275; x_wconf 88' lang='lat' dir='ltr'>A.</span> <span class='ocrx_word' id='word_1_240' title='bbox 1333 4241 1353 4274; x_wconf 78' lang='lat' dir='ltr'>c</span> <span class='ocrx_word' id='word_1_241' title='bbox 1375 4228 1553 4275; x_wconf 84' lang='lat' dir='ltr'>communionem</span> <span class='ocrx_word' id='word_1_242' title='bbox 1569 4232 1598 4275; x_wconf 97' lang='lat' dir='ltr'>A.</span> <span class='ocrx_word' id='word_1_243' title='bbox 1676 4228 1699 4275; x_wconf 78' lang='lat' dir='ltr'>d</span> <span class='ocrx_word' id='word_1_244' title='bbox 1718 4226 1797 4275; x_wconf 81' lang='lat' dir='ltr'>itineris</span> <span class='ocrx_word' id='word_1_245' title='bbox 1809 4225 1831 4269; x_wconf 88' lang='lat' dir='ltr'>A.</span> 
     </span>
     <span class='ocr_line' id='line_1_31' title="bbox 683 4303 1830 4369; baseline -0.005 -13"><span class='ocrx_word' id='word_1_246' title='bbox 683 4324 702 4357; x_wconf 83' lang='lat' dir='ltr'>a.</span> <span class='ocrx_word' id='word_1_247' title='bbox 723 4308 911 4369; x_wconf 83' lang='lat' dir='ltr'>praesentabatur</span> <span class='ocrx_word' id='word_1_248' title='bbox 926 4312 955 4355; x_wconf 89' lang='lat' dir='ltr'>A.</span> <span class='ocrx_word' id='word_1_249' title='bbox 1016 4306 1032 4353; x_wconf 80' lang='lat' dir='ltr'>i.</span> <span class='ocrx_word' id='word_1_250' title='bbox 1054 4306 1084 4354; x_wconf 92' lang='lat' dir='ltr'>ad</span> <span class='ocrx_word' id='word_1_251' title='bbox 1100 4306 1199 4354; x_wconf 64' lang='lat' dir='ltr'>salum</span> <span class='ocrx_word' id='word_1_252' title='bbox 1215 4308 1264 4354; x_wconf 86' lang='lat' dir='ltr'>eiua</span> <span class='ocrx_word' id='word_1_253' title='bbox 1280 4306 1384 4354; x_wconf 81' lang='lat' dir='ltr'>doctrina</span> <span class='ocrx_word' id='word_1_254' title='bbox 1399 4310 1425 4355; x_wconf 75' lang='lat' dir='ltr'>F.</span> <span class='ocrx_word' id='word_1_255' title='bbox 1487 4321 1509 4366; x_wconf 73' lang='lat' dir='ltr'>g.</span> <span class='ocrx_word' id='word_1_256' title='bbox 1528 4306 1666 4355; x_wconf 77' lang='lat' dir='ltr'>Francorum</span> <span class='ocrx_word' id='word_1_257' title='bbox 1676 4312 1704 4356; x_wconf 88' lang='lat' dir='ltr'>A.</span> <span class='ocrx_word' id='word_1_258' title='bbox 1760 4303 1830 4353; x_wconf 74' lang='lat' dir='ltr'>tar·</span> 
     </span>
     <span class='ocr_line' id='line_1_32' title="bbox 682 4386 1830 4448; baseline -0.001 -14"><span class='ocrx_word' id='word_1_259' title='bbox 682 4388 811 4446; x_wconf 63' lang='lat' dir='ltr'>ruariorum</span> <span class='ocrx_word' id='word_1_260' title='bbox 827 4390 856 4436; x_wconf 90' lang='lat' dir='ltr'>A.</span> <span class='ocrx_word' id='word_1_261' title='bbox 922 4387 939 4434; x_wconf 82' lang='lat' dir='ltr'>&#39;n</span> <span class='ocrx_word' id='word_1_262' title='bbox 959 4386 1062 4434; x_wconf 81' lang='lat' dir='ltr'>Brltrnia</span> <span class='ocrx_word' id='word_1_263' title='bbox 1076 4391 1108 4434; x_wconf 90' lang='lat' dir='ltr'>A.</span> <span class='ocrx_word' id='word_1_264' title='bbox 1174 4386 1197 4433; x_wconf 85' lang='lat' dir='ltr'>k.</span> <span class='ocrx_word' id='word_1_265' title='bbox 1218 4389 1344 4434; x_wconf 78' lang='lat' dir='ltr'>moraretur</span> <span class='ocrx_word' id='word_1_266' title='bbox 1359 4391 1387 4435; x_wconf 89' lang='lat' dir='ltr'>A.</span> <span class='ocrx_word' id='word_1_267' title='bbox 1452 4387 1468 4434; x_wconf 91' lang='lat' dir='ltr'>l.</span> <span class='ocrx_word' id='word_1_268' title='bbox 1490 4388 1538 4434; x_wconf 87' lang='lat' dir='ltr'>viro</span> <span class='ocrx_word' id='word_1_269' title='bbox 1553 4386 1663 4448; x_wconf 80' lang='lat' dir='ltr'>pontidea</span> <span class='ocrx_word' id='word_1_270' title='bbox 1678 4392 1705 4437; x_wconf 89' lang='lat' dir='ltr'>A.</span> <span class='ocrx_word' id='word_1_271' title='bbox 1762 4399 1788 4433; x_wconf 74' lang='grc' dir='ltr'>ι</span> <span class='ocrx_word' id='word_1_272' title='bbox 1804 4395 1830 4429; x_wconf 68' lang='lat' dir='ltr'>rr</span> 
     </span>
     <span class='ocr_line' id='line_1_33' title="bbox 682 4465 1589 4527; baseline 0 -14"><span class='ocrx_word' id='word_1_273' title='bbox 682 4466 751 4527; x_wconf 84' lang='lat' dir='ltr'>liquis</span> <span class='ocrx_word' id='word_1_274' title='bbox 767 4470 793 4514; x_wconf 83' lang='lat' dir='ltr'>F.</span> <span class='ocrx_word' id='word_1_275' title='bbox 854 4480 878 4513; x_wconf 88' lang='lat' dir='ltr'>u.</span> <span class='ocrx_word' id='word_1_276' title='bbox 898 4466 1097 4525; x_wconf 69' lang='lat' dir='ltr'>Langobardorum</span> <span class='ocrx_word' id='word_1_277' title='bbox 1113 4465 1281 4514; x_wconf 74' lang='lat' dir='ltr'>liodbrandum</span> <span class='ocrx_word' id='word_1_278' title='bbox 1297 4470 1325 4514; x_wconf 92' lang='lat' dir='ltr'>A.</span> <span class='ocrx_word' id='word_1_279' title='bbox 1387 4480 1408 4513; x_wconf 94' lang='lat' dir='ltr'>o.</span> <span class='ocrx_word' id='word_1_280' title='bbox 1430 4467 1548 4514; x_wconf 78' lang='lat' dir='ltr'>renovabit</span> <span class='ocrx_word' id='word_1_281' title='bbox 1563 4470 1589 4515; x_wconf 72' lang='lat' dir='ltr'>F.</span> 
     </span>
    </p>
   </div>
   <div class='ocr_carea' id='block_1_4' title="bbox 683 4566 1829 4907">
    <p class='ocr_par' dir='ltr' id='par_1_7' title="bbox 683 4566 1829 4907">
     <span class='ocr_line' id='line_1_34' title="bbox 755 4566 1829 4643; baseline -0.002 -18"><span class='ocrx_word' id='word_1_282' title='bbox 755 4572 779 4626; x_wconf 94' lang='lat'>1.</span> <span class='ocrx_word' id='word_1_283' title='bbox 803 4568 935 4641; x_wconf 84' lang='lat' dir='ltr'>Gregorio</span> <span class='ocrx_word' id='word_1_284' title='bbox 947 4570 988 4625; x_wconf 91' lang='lat'>111</span> <span class='ocrx_word' id='word_1_285' title='bbox 1006 4570 1148 4637; x_wconf 84' lang='lat' dir='ltr'>(secundo,</span> <span class='ocrx_word' id='word_1_286' title='bbox 1166 4571 1214 4641; x_wconf 92' lang='lat' dir='ltr'>qni</span> <span class='ocrx_word' id='word_1_287' title='bbox 1233 4570 1363 4642; x_wconf 79' lang='lat' dir='ltr'>„iunior“</span> <span class='ocrx_word' id='word_1_288' title='bbox 1382 4576 1498 4627; x_wconf 87' lang='lat' dir='ltr'>vocatus</span> <span class='ocrx_word' id='word_1_289' title='bbox 1515 4576 1573 4643; x_wconf 80' lang='lat' dir='ltr'>est3</span> <span class='ocrx_word' id='word_1_290' title='bbox 1594 4572 1695 4628; x_wconf 69' lang='lat' dir='ltr'>omnim</span> <span class='ocrx_word' id='word_1_291' title='bbox 1711 4571 1761 4627; x_wconf 84' lang='lat' dir='ltr'>iarn</span> <span class='ocrx_word' id='word_1_292' title='bbox 1777 4566 1829 4623; x_wconf 69' lang='lat' dir='ltr'>Gru</span> 
     </span>
     <span class='ocr_line' id='line_1_35' title="bbox 683 4650 1829 4731; baseline -0.005 -16"><span class='ocrx_word' id='word_1_293' title='bbox 683 4658 777 4729; x_wconf 78' lang='lat' dir='ltr'>gorius</span> <span class='ocrx_word' id='word_1_294' title='bbox 789 4660 816 4714; x_wconf 91' lang='grc' dir='ltr'>Π</span> <span class='ocrx_word' id='word_1_295' title='bbox 833 4660 892 4729; x_wconf 84' lang='lat' dir='ltr'>pari</span> <span class='ocrx_word' id='word_1_296' title='bbox 911 4658 993 4715; x_wconf 88' lang='lat' dir='ltr'>modo</span> <span class='ocrx_word' id='word_1_297' title='bbox 1010 4663 1070 4714; x_wconf 86' lang='lat' dir='ltr'>erat</span> <span class='ocrx_word' id='word_1_298' title='bbox 1088 4660 1253 4730; x_wconf 85' lang='lat' dir='ltr'>appellatus,</span> <span class='ocrx_word' id='word_1_299' title='bbox 1277 4676 1303 4714; x_wconf 87' lang='lat' dir='ltr'>v.</span> <span class='ocrx_word' id='word_1_300' title='bbox 1322 4675 1407 4731; x_wconf 85' lang='lat' dir='ltr'>snpra</span> <span class='ocrx_word' id='word_1_301' title='bbox 1423 4676 1451 4730; x_wconf 85' lang='lat' dir='ltr'>p.</span> <span class='ocrx_word' id='word_1_302' title='bbox 1463 4659 1537 4727; x_wconf 74' lang='lat'>445).</span> <span class='ocrx_word' id='word_1_303' title='bbox 1627 4662 1654 4717; x_wconf 74' lang='lat'>2.</span> <span class='ocrx_word' id='word_1_304' title='bbox 1677 4676 1703 4716; x_wconf 89' lang='lat' dir='ltr'>v.</span> <span class='ocrx_word' id='word_1_305' title='bbox 1721 4650 1829 4714; x_wconf 74' lang='lat' dir='ltr'>Bonifcu‘i</span> 
     </span>
     <span class='ocr_line' id='line_1_36' title="bbox 685 4745 1828 4819; baseline -0.005 -16"><span class='ocrx_word' id='word_1_306' title='bbox 685 4762 727 4817; x_wconf 83' lang='lat' dir='ltr'>ep.</span> <span class='ocrx_word' id='word_1_307' title='bbox 741 4748 783 4817; x_wconf 83' lang='lat'>34,</span> <span class='ocrx_word' id='word_1_308' title='bbox 802 4762 886 4818; x_wconf 82' lang='lat' dir='ltr'>supra</span> <span class='ocrx_word' id='word_1_309' title='bbox 902 4764 929 4818; x_wconf 87' lang='lat' dir='ltr'>p.</span> <span class='ocrx_word' id='word_1_310' title='bbox 945 4748 1010 4803; x_wconf 90' lang='lat'><strong>100:</strong></span> <span class='ocrx_word' id='word_1_311' title='bbox 1030 4752 1191 4819; x_wconf 61' lang='lat' dir='ltr'>,metante</span> <span class='ocrx_word' id='word_1_312' title='bbox 1208 4762 1259 4805; x_wconf 91' lang='lat' dir='ltr'>nos</span> <span class='ocrx_word' id='word_1_313' title='bbox 1277 4760 1340 4804; x_wconf 90' lang='lat' dir='ltr'>com</span> <span class='ocrx_word' id='word_1_314' title='bbox 1357 4748 1460 4819; x_wconf 80' lang='lat' dir='ltr'>gaudio</span> <span class='ocrx_word' id='word_1_315' title='bbox 1476 4749 1642 4818; x_wconf 84' lang='lat' dir='ltr'>apostolicus</span> <span class='ocrx_word' id='word_1_316' title='bbox 1659 4745 1828 4819; x_wconf 78' lang='lat' dir='ltr'>pontifersue</span> 
     </span>
     <span class='ocr_line' id='line_1_37' title="bbox 683 4834 787 4907; baseline 0 -16"><span class='ocrx_word' id='word_1_317' title='bbox 683 4834 787 4907; x_wconf 85' lang='lat' dir='ltr'>cepit“.</span> 
     </span>
    </p>
   </div>
   <div class='ocr_carea' id='block_1_5' title="bbox 0 0 2176 6034">
    <p class='ocr_par' dir='ltr' id='par_1_8' title="bbox 0 0 2176 6034">
     <span class='ocr_line' id='line_1_38' title="bbox 0 0 2176 6034; baseline 0 3"><span class='ocrx_word' id='word_1_318' title='bbox 0 0 2176 6034; x_wconf 95' lang='lat' dir='ltr'> </span> 
     </span>
    </p>
   </div>
  </div>
 </body>
</html>
