4342 6034
597 786 624 834 s.
641 785 818 834 normann
837 786 883 835 nr
904 763 1217 850 nuuurssnrrouonsn
1241 784 1286 831 nra
1458 766 1526 833 275

360 947 392 992 se
411 925 528 993 vidisse
549 926 605 1010 ibi,
627 926 813 993 testabatur.
847 926 971 993 Deinde
993 926 1033 993 ab
1054 926 1127 1012 ipsa
1148 930 1235 992 terra
1250 924 1411 991 tramitem
1426 942 1526 1010 nsque
1543 934 1608 999 post
1620 930 1671 987 tot

360 1041 397 1106 ad
417 1040 541 1107 caelum
562 1042 699 1127 primum
722 1041 757 1107 iu
780 1042 884 1129 specie
907 1060 998 1109 arcus
1021 1040 1111 1124 caeli,
1134 1040 1208 1107 inde
1232 1040 1329 1107 alium
1352 1040 1393 1107 ad
1415 1059 1527 1107 secun·

358 1155 439 1239 dum,
463 1176 483 1221 a
504 1157 642 1223 secundo
665 1156 706 1222 od
720 1156 866 1237 tertium;
890 1160 923 1223 et
943 1156 1120 1223 albatorum
1142 1156 1361 1224 conventicula
1382 1156 1527 1223 vivorum

358 1276 388 1337 et
416 1278 632 1354 mortuorum
665 1276 698 1338 et
730 1272 876 1357 superius
905 1272 1008 1338 celum
1036 1291 1163 1359 semper
1192 1270 1352 1356 pulohn'us
1384 1270 1527 1337 inferiori

357 1387 527 1473 aspexisse,
549 1386 680 1454 ferebat.
719 1386 763 1453 Et
784 1386 818 1453 in
840 1387 911 1473 ipso
933 1386 1127 1455 monasterio
1150 1388 1305 1453 universis
1328 1385 1528 1453 manentibus

355 1501 527 1587 ingedrage
554 1502 779 1569 demandatum
808 1508 857 1568 est
885 1502 915 1569 ei
944 1522 964 1567 a
990 1502 1094 1569 iudice
1122 1501 1262 1587 paudere
1290 1500 1407 1569 delicta
1434 1506 1528 1586 atque

355 1623 483 1704 peccata
504 1619 627 1699 omuia3
647 1618 762 1685 ceteris
783 1617 962 1685 hominibus
976 1637 1036 1685 nec
1050 1622 1235 1703 preceptum
1250 1634 1309 1683 noo
1324 1617 1528 1684 interdictum

355 1738 408 1799 est.
452 1734 501 1801 Et
523 1739 629 1801 cetera
649 1732 744 1819 plura
764 1738 848 1817 sunt,
871 1753 934 1818 que
954 1732 1145 1799 nominatim
1167 1731 1415 1816 singillatimque
1437 1731 1528 1800 nobis

354 1849 514 1917 indicavit.
559 1848 705 1933 Longum
734 1854 783 1916 est
803 1848 884 1915 mihi
906 1848 1081 1935 explicans3
1112 1853 1144 1914 et
1173 1848 1313 1915 maxime
1335 1846 1411 1915 dum
1433 1846 1528 1915 remi-

354 1966 429 2031 nisci
463 1964 652 2031 ordinaliter
685 1963 866 2030 nullatenus
899 1963 1000 2031 valeo.
1051 1962 1123 2031 Nisi
1151 1963 1211 2030 hoc
1239 1962 1341 2031 adhuc
1369 1960 1528 2045 recordor,

355 2080 433 2164 quod
462 2080 642 2165 demones·,
669 2081 704 2146 in
734 2084 799 2147 tres
821 2084 943 2146 turmas
966 2078 1203 2147 ultramodum
1225 2098 1357 2161 magnas
1381 2076 1528 2161 diniensi,

355 2216 447 2262 unam
474 2197 512 2262 in
540 2216 628 2280 aare,
656 2195 754 2262 uliam
779 2195 813 2261 io
841 2200 942 2277 terra,
971 2200 1004 2262 et
1025 2194 1060 2261 in
1081 2195 1165 2261 mari
1187 2194 1316 2261 tertiam
1339 2192 1380 2259 ad
1402 2192 1530 2280 poneba

353 2310 419 2377 loca
444 2323 585 2398 parare⁰
608 2314 767 2377 tormenta
788 2310 878 2377 vidit
924 2308 1065 2377 Primam
1087 2330 1225 2396 namque
1248 2314 1389 2377 turmam
1412 2308 1453 2374 ad
1474 2308 1529 2377 de-

353 2426 534 2513 cipiendum
555 2426 699 2493 homiues
720 2426 755 2491 in
776 2425 836 2492 hae
857 2424 1033 2493 corrnnnuni‘¹
1048 2426 1116 2493 vita
1130 2424 1334 2507 contender03
1359 2424 1528 2491 secundam

354 2542 550 2625 egredientes
579 2541 619 2608 de
646 2540 804 2627 corporali
826 2541 986 2625 ergastulo
1009 2542 1131 2609 animas
1155 2524 1189 2607 in
1213 2560 1286 2607 aere
1309 2541 1457 2607 continuo
1479 2540 1529 2607 in·

352 2657 539 2741 hianterque
560 2657 709 2744 persequi
731 2662 764 2723 et
785 2656 826 2723 ad
847 2661 1006 2724 tormenta
1025 2657 1170 2723 trahere·
1194 2656 1329 2743 aspexit

436 2774 485 2841 Et
503 2775 539 2841 iu
552 2773 632 2859 ipsis
646 2772 832 2859 poenalibus
846 2774 953 2859 puteis
967 2767 1201 2857 Guthhurgam¹
1218 2770 1374 2855 simulque
1391 2768 1528 2854 wialan,

353 2891 513 2975 quondam
535 2888 670 2973 reginali
691 2893 849 2974 potestate
869 2888 1020 2972 fruentes,
1044 2888 1215 2954 demersas.
1249 2885 1395 2953 Alteram
1418 2884 1530 2971 usque‘

354 3006 391 3071 ad
412 3004 560 3089 ascellas,
581 3005 616 3070 id
639 3008 688 3071 est
701 3002 876 3087 Guthburg
898 3004 1003 3089 capite
1026 3008 1151 3071 autem⁸
1173 3002 1365 3087 humeroque
1388 2999 1530 3087 praecla-

353 3141 434 3206 ram,
465 3121 581 3189 ceteris
603 3118 755 3187 membris
778 3118 911 3186 maculis
933 3138 1154 3205 consparsam3
1185 3117 1392 3203 dariusque,
1420 3116 1453 3183 id
1482 3120 1531 3185 est

354 3235 490 3321 wialan,
513 3256 611 3322 supra
632 3240 728 3321 capnt
748 3233 911 3301 flammam
934 3234 986 3301 se¹¹
1008 3234 1189 3319 extendere,
1212 3239 1375 3318 totamque
1391 3232 1529 3299 animam

354 3352 446 3419 simul
467 3351 606 3419 cremari
626 3350 819 3417 intuebatur.
864 3350 954 3437 Ipsos
984 3356 1090 3417 autem
1112 3370 1288 3437 poenarum
1310 3348 1473 3415 ministros
1495 3347 1529 3413 in

353 3468 447 3535 fades
471 3467 600 3533 illarum
622 3466 769 3553 proprias
792 3465 934 3532 carnales
955 3465 1147 3552 voluptates¹
1171 3465 1262 3551 quasi
1281 3464 1385 3531 lutum
1404 3464 1529 3531 ferven-

354 3590 413 3650 tem
437 3582 587 3651 inicere¹t
631 3581 677 3648 Et
704 3581 886 3648 horribilem
913 3580 1070 3647 ululatum
1099 3580 1201 3666 qnasi¹
1224 3600 1283 3667 per
1310 3584 1411 3647 totum
1438 3598 1530 3645 mun·

355 3698 425 3765 dum
449 3718 619 3766 resonasse
640 3696 864 3763 miserabiliter
885 3696 1015 3765 vocibus
1038 3717 1165 3781 earum,
1188 3695 1346 3763 audiebat

439 3814 504 3881 Hic
527 3833 650 3899 quoqne
672 3813 778 3898 ipsum
801 3811 926 3879 exulem
948 3811 1118 3897 aliquando
1141 3812 1305 3895 comitem,
1338 3809 1392 3896 qui
1414 3808 1530 3877 dicitnr

355 3928 464 3998 Ceolla
491 3930 648 4013 Suoding,
676 3928 841 3995 incurvato
869 3928 979 4011 dorso,
1014 3926 1118 4013 capite
1145 3926 1342 4014 pedibusque
1369 3925 1459 3993 uncis
1488 3924 1530 3991 ad

357 4095 493 4112 ......
516 4044 665 4127 infixum3
690 4044 837 4111 abbatem
859 4063 984 4129 quoque
1005 4047 1096 4108 tuum
1118 4042 1244 4129 inipso
1267 4041 1307 4109 de
1330 4060 1429 4127 snpra
1445 4040 1529 4109 dioto

356 4161 475 4248 duplici
494 4161 598 4242 fum03
627 4153 965 4245 Aethilbealdumque'
994 4157 1153 4242 quondam
1180 4156 1319 4241 regalem
1347 4161 1529 4243 tyrannum,

426 4317 449 4350 a.
469 4303 531 4363 qnod
545 4302 655 4349 demones
668 4303 755 4359 σαίρω·
766 4316 809 4359 pro
825 4300 933 4347 simones
949 4299 1012 4359 qnod
1030 4300 1058 4346 V.
1124 4298 1148 4345 b.
1168 4299 1254 4346 didam
1273 4300 1301 4345 V.
1363 4312 1383 4345 c
1403 4310 1483 4357 parare
1501 4296 1529 4345 V.

357 4380 379 4427 d
397 4383 510 4429 commoni
528 4382 556 4428 V.
650 4395 671 4427 e.
691 4378 795 4425 trachere
813 4380 841 4427 7.
933 4379 950 4427 i
970 4393 1021 4426 nan.
1034 4379 1062 4425 V.
1152 4392 1174 4437 g.
1194 4377 1214 4425 h
1231 4379 1259 4427 V.
1350 4376 1373 4422 h.
1395 4390 1421 4425 se
1437 4376 1529 4425 addidi.

358 4460 374 4505 ‘a
392 4461 544 4521 volumptates
562 4460 591 4507 V.
667 4458 691 4505 k.
711 4460 810 4505 iniecere
828 4460 856 4506 V.
933 4458 950 4503 l.
970 4470 1037 4517 quem
1053 4457 1119 4517 quasi
1138 4458 1165 4505 V.

426 4557 454 4611 1.
476 4556 519 4611 Ea
540 4568 598 4609 non
613 4553 724 4609 videtur
743 4551 829 4608 tuisse
847 4550 1021 4621 cuthburga,
1045 4550 1170 4606 Aldfredi
1187 4551 1261 4620 regis
1279 4546 1529 4605 Northanhumbrn

359 4658 417 4698 rum
435 4642 612 4711 (cae-705)
631 4657 714 4712 uxor,
735 4656 808 4711 quae
826 4640 1022 4696 monasterium
1035 4638 1239 4695 Winburneuse
1257 4636 1386 4693 condidit.
1406 4636 1456 4691 'De
1475 4650 1531 4705 qua

359 4747 385 4785 n.
403 4730 555 4787 Ghmuicon
572 4728 825 4801 anglosaxonicam
843 4728 880 4783 ad
898 4729 959 4784 718.
1031 4730 1057 4783 2.
1079 4743 1173 4797 regem
1185 4726 1352 4783 hlercionum
1371 4724 1419 4793 qui
1437 4739 1462 4778 a.
1477 4723 1529 4778 757

360 4820 465 4874 masna
481 4825 531 4877 eat
558 4820 594 4876 V.
611 4818 707 4875 Bedae
728 4816 904 4887 chronologia
920 4816 1092 4887 coadunata,
1116 4814 1185 4887 Opp.
1204 4814 1248 4872 ed.
1267 4812 1343 4869 Gilcs
1361 4812 1395 4869 Τ.
1407 4804 1448 4868 Ill
1461 4808 1529 4881 3243

361 4904 395 4961 ct.
412 4908 593 4979 happenberg
610 4906 711 4964 Gesch.
729 4922 757 4963 v.
774 4904 855 4977 Itugl
872 4904 957 4961 1221
974 4906 1042 4961 nt.

1258 4999 1316 5056 18*
