4342 6034
662 706 729 773 524
1011 722 1186 770 vumnunn
1207 722 1286 767 vrrs
1309 720 1481 769 nannenus

575 869 860 949 mememoratur,
890 863 1028 931 ostendit
1054 862 1192 949 previus.
1234 860 1315 941 Quid
1337 861 1457 927 multa?
1484 860 1556 929 Non
1578 882 1692 948 paucos
1711 862 1742 930 in
1758 862 1803 931 ilio

661 980 791 1049 cenobio
811 980 926 1046 batres
940 978 1078 1045 Domino
1101 982 1288 1065 cooperante
1311 978 1489 1060 constituit3
1513 978 1548 1045 in
1570 978 1654 1045 clero
1675 979 1805 1067 etinpo

661 1096 736 1184 pulo
764 1095 880 1163 liberos
908 1100 940 1161 et
967 1113 1075 1160 servos
1103 1093 1164 1161 eibi
1191 1092 1332 1161 subditos
1361 1098 1397 1159 ut
1426 1094 1575 1180 populum
1598 1092 1660 1161 Dei
1679 1096 1808 1162 bactri

661 1217 825 1279 mansuete
852 1210 1065 1277 dominatione
1092 1214 1125 1276 et
1152 1192 1287 1296 paterna
1312 1209 1440 1295 pietate.
1481 1208 1684 1295 Opulentiam
1707 1230 1807 1293 rerum,

662 1348 725 1412 qua
745 1326 939 1409 exuberavit
962 1326 1087 1411 copiose
1110 1326 1252 1409 erogavit
1273 1330 1323 1391 et·
1346 1330 1413 1391 tam
1436 1324 1580 1408 discrete,
1605 1326 1748 1410 quatinus
1768 1326 1808 1391 sui
1898 1364 1899 1368 =

660 1444 758 1509 totius
779 1442 922 1509 ubertate
944 1440 1148 1527 plenitudinis
1172 1441 1295 1507 beatam
1317 1442 1416 1507 vitum
1439 1441 1602 1525 ducerent,
1626 1446 1659 1509 et
1679 1461 1809 1528 superue-

660 1560 783 1625 nientes
805 1560 920 1643 quique
941 1556 1083 1623 cantatis
1106 1558 1233 1623 ianuam
1256 1562 1416 1643 patentem
1438 1557 1625 1643 reperirent
1658 1555 1747 1625 Brevi
1761 1556 1810 1641 igi·

660 1680 713 1741 tur
735 1675 887 1759 temporis
908 1671 1075 1742 intervallo
1099 1672 1184 1739 tama
1207 1672 1267 1739 viri
1289 1672 1468 1757 percrebuit
1489 1673 1669 1758 mundoque
1689 1674 1810 1760 pruden-

660 1791 739 1857 tiam
765 1790 885 1876 puriter
911 1794 944 1854 et
970 1788 1121 1873 pietatem
1151 1786 1342 1874 predicavitb
1371 1788 1410 1853 de
1443 1787 1508 1853 illo.
1543 1786 1587 1853 Et
1612 1788 1659 1855 ita
1684 1790 1810 1873 cognitm
1898 1849 1899 1867 ,

661 1912 711 1973 est
731 1906 764 1971 in
787 1904 916 1971 urbibus
938 1908 1033 1987 atque
1055 1903 1241 1988 provinciis,
1271 1908 1365 1987 atque
1392 1902 1471 1969 adeo
1494 1908 1602 1986 gratus
1626 1908 1658 1971 et
1680 1908 1810 1991 acceptus
1898 1884 1899 1950 l

660 2022 762 2089 iactus
783 2024 832 2087 eet
853 2018 991 2085 Conradi
1012 2018 1212 2105 imperatoris
1235 2018 1376 2102 coniugi·
1400 2018 1502 2103 Gisle‚
1530 2020 1679 2105 prudenti
1698 2020 1811 2104 lemine,

614 2170 619 2180 ·
659 2136 854 2223 imperatrici
874 2140 1005 2219 auguste
1013 2130 1031 2200 ¹.

748 2251 819 2317 Hiis
846 2251 955 2335 itaque
976 2249 1161 2333 mansuetis,
1188 2248 1287 2315 Aribo
1312 2248 1565 2336 archiepiscopus
1587 2250 1672 2317 sodis
1694 2248 1811 2335 lingun-

561 2382 641 2441 rpre
660 2368 793 2435 finensis
821 2368 981 2449 ingressus
1010 2370 1060 2432 eet
1080 2366 1165 2431 viam
1187 2365 1291 2431 earnis
1313 2366 1468 2431 universe.
1503 2364 1564 2432 Dei
1587 2384 1661 2449 ergo
1684 2368 1812 2453 omnipo-

662 2484 759 2551 tentis
781 2487 861 2549 nutu
882 2481 1068 2567 disponente
1091 2486 1123 2546 et
1145 2499 1241 2566 supra
1263 2480 1348 2547 dicte
1368 2480 1568 2567 imperatrice
1583 2488 1717 2565 augusta
1729 2484 1813 2549 inter·

660 2600 823 2681 ueniente,
849 2596 954 2663 Bardo
975 2596 1038 2663 Dei
1065 2614 1174 2661 servus
1203 2600 1235 2661 et
1261 2596 1432 2663 monachus
1459 2595 1711 2683 lloguntinensis
1737 2598 1813 2665 urbis

659 2716 761 2781 fuctus
784 2719 833 2781 eet
853 2712 961 2799 presul
984 2710 1188 2779 venerandus.

748 2830 848 2913 Igitur
870 2865 912 2875 -
935 2834 972 2895 ut
1001 2827 1153 2896 bonorum
1182 2828 1249 2894 vite
1275 2826 1498 2894 detrimentum
1528 2832 1577 2895 est
1603 2830 1812 2915 pessimorum,

661 2950 693 3013 et
720 2950 757 3012 ut
783 2944 905 3013 zelantl
931 2949 1130 3011 mansuetum
1157 2942 1271 3026 invidi,
1301 2944 1477 3011 modestum
1506 2944 1634 3031 superbi
1657 2980 1700 2991 -
1723 2946 1813 3011 insur-

659 3066 811 3128 rexerunt
830 3061 923 3127 multi
943 3060 1054 3144 iniqua
1075 3058 1264 3125 emulatione
1287 3060 1433 3127 contiuuo
1455 3060 1490 3126 in
1512 3080 1639 3127 servum
1659 3059 1734 3143 Dei;
1756 3080 1811 3125 mo

659 3177 794 3245 naobum
822 3181 855 3243 et
881 3176 1040 3242 bominem
1065 3179 1195 3261 aspectu
1217 3174 1389 3243 deformem
1411 3174 1644 3259 Maguntineusi
1666 3175 1813 3262 presidere

661 3294 731 3361 sedi
753 3292 958 3375 dedignantes
980 3289 1175 3373 condebant,
1199 3310 1259 3375 que
1281 3290 1357 3355 forie
1379 3290 1527 3357 viderunt
1544 3292 1668 3357 carneis
1682 3291 1812 3359 sensibus

623 3493 626 3496 x
661 3409 884 3491 diiudicentur,
906 3407 992 3473 intus
1015 3407 1166 3473 latentem
1187 3406 1399 3491 spiritualium
1422 3406 1574 3473 donorum
1596 3408 1732 3491 gretiam
1753 3405 1811 3473 nul·

660 3526 783 3593 latenus
806 3522 1033 3609 appreciantos.
1066 3521 1223 3588 Animalis
1246 3523 1329 3589 enim
1353 3522 1446 3589 bomo
1468 3524 1559 3589 iuxta
1579 3522 1676 3589 fidem
1698 3529 1730 3590 et
1749 3522 1811 3589 doc

660 3642 777 3709 trinam
799 3638 935 3725 apostoli
963 3658 1025 3705 non
1047 3638 1184 3724 percipit
1205 3658 1260 3721 ee,
1289 3658 1349 3723 quc
1372 3644 1446 3705 sunt
1467 3638 1597 3725 spiritns
1619 3635 1708 3705 Dei¹.
1740 3638 1811 3705 Gon·

661 3758 813 3825 viciorum
835 3760 868 3821 et
889 3754 1118 3822 detractionum
1140 3774 1204 3821 non
1218 3754 1385 3821 mininam
1400 3754 1539 3837 accessit
1563 3760 1659 3840 prout
1673 3752 1809 3823 emulanti

660 3873 783 3957 lingue·
804 3870 928 3937 vanitas
950 3870 1101 3937 secularis
1123 3875 1156 3937 et
1177 3870 1307 3956 propria
1328 3870 1518 3937 consuetudo
1542 3870 1707 3955 suggessit

748 3987 806 4054 Ille
826 3992 943 4072 umen,
965 3992 1003 4054 ut
1022 3986 1128 4053 divine
1149 3986 1255 4073 ipsum
1277 3986 1429 4072 patientie
1443 3987 1543 4053 virtus
1559 3986 1740 4071 ammonuit,
1761 3984 1808 4051 bu·

661 4104 747 4173 milis
769 4110 802 4171 et
822 4103 937 4170 timens
954 4102 1067 4186 Deum
1092 4108 1158 4169 tum
1181 4102 1367 4169 domesticae
1391 4122 1483 4187 quam
1500 4108 1666 4171 extremas
1681 4102 1808 4185 indigua·

659 4222 762 4289 tiones
784 4240 863 4305 equo
887 4220 992 4285 animo
1020 4219 1184 4302 sustinuit,
1213 4239 1247 4285 se
1269 4218 1471 4305 dispicientes
1493 4238 1556 4285 nou
1577 4218 1734 4307 despexit3
1754 4234 1807 4282 non

732 4376 753 4410 ι.
774 4364 798 4409 et
813 4362 904 4409 addid.
980 4359 1003 4407 b.
1023 4360 1152 4419 prediceret
1168 4378 1187 4405 c.
1264 4373 1284 4407 e.
1305 4360 1398 4419 coniuge
1415 4379 1435 4406 c.
1512 4359 1535 4407 d.
1556 4360 1631 4408 nolunt
1649 4364 1737 4421 ισῷιίι
1751 4360 1806 4405 mc·

660 4442 755 4490 restat
767 4460 810 4502 pro
826 4441 901 4488 colunt
915 4440 967 4487 cod.
1045 4454 1065 4486 ο.
1084 4438 1146 4497 liguo
1161 4456 1182 4484 c.

732 4546 757 4600 1.
781 4544 901 4601 Bardoui
918 4544 972 4599 iam
983 4548 1066 4599 autea
1078 4541 1215 4599 abbatiam
1227 4541 1455 4614 Hersialdensem,
1475 4544 1608 4600 suadente
1620 4542 1806 4615 consanguinea

661 4636 719 4691 eius
734 4633 811 4690 Gisia
827 4634 1006 4704 imperatrice,
1024 4630 1153 4687 uadem
1171 4646 1240 4703 esse,
1258 4648 1294 4688 ex
1306 4632 1404 4687 Anum
1416 4632 1538 4689 Hildesh.
1557 4639 1586 4689 et
1602 4634 1661 4690 vitu
1670 4628 1805 4690 ldeinuercl

661 4728 777 4794 constat,
795 4728 827 4778 ut
842 4722 974 4777 iudicavit
984 4720 1175 4778 wattenbach.
1251 4722 1277 4777 2.
1297 4720 1445 4778 lGorinffi.
1459 4724 1484 4793 2,
1498 4723 1546 4778 14:
1566 4722 1717 4793 „Animam
1727 4724 1804 4777 auten

661 4812 742 4869 bomo
759 4828 815 4868 nou
831 4810 949 4882 percipit
965 4826 1006 4882 aa
1024 4825 1095 4882 quae
1113 4814 1178 4867 sunt
1194 4810 1305 4881 spiritus
1321 4810 1405 4866 Dei‘t
