4342 6034
684 810 871 859 snmuomn
893 810 1122 860 mosonensis
1145 810 1175 857 ιι
1447 792 1512 859 eet

354 951 439 1037 lauit,
462 952 522 1020 siet
545 953 718 1020 Dmniniea
738 952 860 1021 Venta
879 956 1074 1022 nativitatem
1096 952 1241 1032 Domini,
1266 969 1360 1035 quam
1383 950 1512 1019 Analo-
1531 970 1571 1015 ιιι
1586 960 1654 1015 1021

353 1068 413 1133 iius
434 1068 690 1154 preparationem
711 1068 861 1135 dominiei
883 1068 1036 1135 adventus
1063 1066 1254 1151 nominavit,
1283 1066 1411 1133 deinde:
1441 1068 1512 1133 Do·
1531 1041 1571 1087 ⁸¹¹²
1587 1032 1655 1087 1022

352 1187 464 1249 mmiaa
477 1184 502 1249 Ι
503 1184 534 1251 V
551 1197 623 1251 ante
643 1187 840 1252 nativitatem
858 1185 1008 1265 Domini,
1038 1186 1197 1249 dominica
1220 1183 1282 1249 ΙΙΙ
1300 1196 1372 1249 ante
1394 1186 1512 1249 nativi-

352 1312 439 1365 tatem
455 1300 600 1381 Dmnini,
623 1301 840 1367 dominicali
850 1313 922 1367 ante
939 1302 1135 1367 nativitatem
1150 1300 1294 1379 Domini,
1320 1301 1480 1365 dominica
1495 1298 1519 1365 Ι

351 1428 418 1482 ωτι
438 1418 634 1483 nativitatem
656 1416 807 1493 Danant,-
829 1421 865 1481 ut
886 1434 1036 1481 conuerso
1059 1413 1169 1498 modo,
1193 1434 1275 1499 quae
1296 1414 1380 1500 apud
1403 1412 1515 1481 Hiero-

350 1530 466 1597 nimum
488 1530 604 1597 dieitur
618 1530 787 1618 primuml
801 1532 948 1617 proxima
962 1535 1036 1597 ante
1050 1530 1250 1597 nativitatem
1265 1529 1405 1613 Domini,
1430 1528 1515 1616 apud

351 1643 533 1730 (trigorium
560 1646 684 1714 dieatm
710 1646 870 1715 dominim
890 1644 933 1713 [v
960 1646 1000 1712 de
1027 1646 1165 1713 advemu
1188 1645 1326 1713 Domini.
1373 1644 1445 1713 Non
1466 1646 1515 1711 in·

350 1762 578 1846 antemonet,
600 1768 637 1829 ut
658 1783 740 1847 reor,
763 1767 893 1849 propter
914 1762 1053 1847 quinqua
1074 1761 1169 1829 huius
1192 1760 1309 1829 saeouli
1328 1766 1458 1845 aetates,
1481 1762 1514 1827 in

351 1876 458 1962 quibus
493 1877 657 1944 hominum
683 1898 781 1962 genus
808 1878 868 1945 sub
894 1878 969 1961 iugo
997 1876 1115 1944 diaboli
1143 1878 1303 1963 eaptivum
1332 1877 1514 1958 tenebatur;

351 2012 408 2076 quo
429 2012 541 2078 usque,
564 2014 622 2081 per
642 1994 786 2061 intaetae
802 1994 934 2077 uirginis
956 1998 1083 2060 uterum
1103 1992 1273 2076 nasoendo,
1293 1992 1328 2059 in
1349 2010 1443 2058 earne
1459 2010 1515 2077 ap-

349 2114 482 2194 pareret
506 2110 561 2193 qui
581 2110 688 2177 earnis
710 2114 839 2197 poetata
860 2129 918 2196 per
940 2109 989 2175 sui
1011 2108 1151 2195 eorporis
1173 2108 1311 2175 hostiam
1329 2106 1469 2175 aboleret
1483 2111 1515 2173 et

349 2223 472 2291 initium
494 2229 604 2293 sextae
625 2226 786 2311 sequentis
808 2225 921 2293 aetatis
942 2222 1161 2292 emetifioaret
1207 2222 1266 2291 Vel
1288 2224 1364 2309 quia
1385 2223 1516 2289 interior

350 2346 452 2422 mater
480 2342 575 2409 homo
603 2360 661 2427 per
690 2343 827 2427 quinque
849 2360 959 2408 sensus
982 2342 1123 2428 eorporis
1146 2339 1376 2426 eorrumpitur‚
1404 2339 1451 2405 ita
1479 2343 1516 2407 ut

350 2458 380 2525 in
399 2458 493 2525 nobis
516 2476 602 2525 mors
625 2462 783 2544 operetur,
805 2458 889 2525 siout
908 2457 1065 2544 propbeta
1078 2456 1171 2525 dioit:
1196 2457 1345 2523 Introivit
1358 2478 1443 2521 moro
1457 2476 1515 2543 per

343 2574 501 2658 smmtrae
522 2568 676 2651 entrea¹3
698 2578 852 2658 quotanus
873 2573 907 2639 in
930 2573 979 2639 his
1002 2573 1141 2659 quinque
1163 2571 1388 2639 ebdomadibus
1408 2570 1515 2657 hospi-

350 2689 429 2757 oium
451 2688 570 2757 mentis
590 2688 639 2757 illi
660 2689 728 2772 regi
750 2693 858 2755 nostro
873 2693 1091 2775 praeparetur,
1115 2708 1208 2773 quem
1223 2687 1408 2775 prophetiae
1422 2686 1516 2755 lectio

350 2804 474 2893 inipso
495 2804 673 2875 ebdomada
691 2803 719 2870 V
738 2804 788 2871 his
809 2804 914 2871 verbis
936 2805 1122 2890 pronuntiat
1144 2808 1327 2871 venturum:
1352 2804 1434 2869 ane
1448 2806 1515 2871 diet

350 2926 490 3003 veniant,
513 2924 592 2989 dieit
612 2922 787 3002 Boeotiam,
812 2933 842 2987 et
861 2921 1016 2987 amaitabo
1040 2920 1151 2986 David
1170 2942 1298 3007 permen
1319 2915 1464 2985 tussam&

433 3036 517 3105 Item
538 3036 572 3102 in
595 3035 816 3123 antiphonario
838 3034 952 3102 diurno
974 3040 1048 3121 post
1067 3035 1132 3101 triu
1154 3034 1258 3101 offioia
1281 3035 1387 3101 statim
1412 3034 1517 3119 sequi·

351 3157 400 3219 tur
423 3153 597 3237 ieiunium,
626 3150 739 3219 deinde
767 3151 925 3218 dominia
946 3156 1053 3232 vaoat3
1083 3155 1120 3217 ut
1142 3170 1182 3217 ex
1204 3150 1264 3217 hoo
1285 3148 1404 3235 liquido
1428 3168 1516 3217 oom-

352 3270 515 3355 probetur,
545 3272 698 3353 qnantum
726 3267 822 3334 etiam
850 3268 885 3333 in
913 3267 973 3335 hoo
994 3266 1194 3351 delinquant,
1225 3266 1280 3352 qui
1302 3266 1518 3353 inpraesenti

352 3384 622 3467 munientium,
651 3382 736 3468 quod
765 3382 954 3469 praeoedere
976 3382 1101 3466 debuit,
1129 3387 1203 3469 post
1225 3380 1414 3449 domiuioam
1438 3399 1517 3465 quae

353 3506 440 3569 tanat
461 3505 597 3587 ponunt,
619 3498 789 3567 adventum
810 3498 941 3567 Domini
961 3498 1146 3565 inchoantes
1169 3496 1364 3565 6Kaleudas
1385 3496 1517 3565 Deoem-

353 3614 423 3683 bria
470 3614 612 3695 Quodsi
633 3614 694 3681 hoo
713 3619 860 3683 caventes
882 3614 972 3701 prius
994 3614 1152 3699 ieiunant,
1181 3613 1385 3681 nibilominus
1408 3618 1518 3681 eontra

353 3736 476 3816 patrum
498 3732 647 3799 instituta
668 3736 779 3816 agunt,
810 3730 865 3815 qui
885 3724 1037 3797 ieiunium
1060 3730 1176 3797 docimi
1196 3730 1314 3797 mensis
1337 3748 1462 3816 semper
1483 3729 1518 3795 in

354 3848 496 3932 proximo
523 3846 655 3915 aabbato
684 3852 757 3914 ante
784 3846 983 3914 nativitatem
1005 3844 1136 3913 Domini
1157 3844 1378 3913 eelebrandum
1400 3850 1519 3913 statue·

354 3968 435 4031 runt
469 3962 712 4042 Quamrnanum
734 3982 810 4029 vero
831 3981 1009 4046 numerum,
1032 3982 1146 4048 quem·
1160 3966 1196 4029 ut
1217 3980 1315 4048 supra
1328 3960 1518 4047 notavimus,

356 4074 386 4143 S.
409 4076 578 4163 Gregorius
604 4079 640 4145 in
668 4083 803 4164 quatuor
829 4077 996 4145 dominiois
1024 4076 1064 4145 de
1093 4078 1230 4145 advemu
1251 4076 1380 4145 Domini
1409 4076 1518 4145 diebus

356 4194 474 4278 posuit,
496 4194 554 4262 tati
574 4194 735 4261 oelebmnt
757 4199 969 4279 tenemento,
992 4193 1160 4277 ethome,
1183 4194 1238 4279 qui
1260 4198 1394 4278 quatuor
1416 4194 1519 4263 oonsi-

357 4309 608 4394 titulamento,
631 4330 689 4397 per
711 4315 846 4395 quatuor
867 4310 1058 4377 ebdomades
1081 4310 1149 4377 eius
1171 4314 1317 4396 eupsetet
1339 4310 1518 4394 adveutum,

359 4442 448 4508 quem
468 4446 525 4513 per
546 4432 612 4495 tros
635 4426 761 4493 ordines
783 4424 937 4493 librorum
960 4462 1002 4471 —
1025 4425 1106 4510 legis
1128 4425 1258 4510 subeat,
1282 4424 1517 4513 prophetarum,

359 4540 548 4624 waimerum
570 4578 612 4589 -
635 4541 711 4609 olim
733 4542 926 4629 pmmiseum
948 4546 981 4609 et
1001 4560 1060 4628 per
1082 4546 1245 4627 quartum,
1275 4540 1309 4605 id
1331 4545 1381 4607 ast
1402 4540 1519 4625 prinoi-

360 4655 443 4740 pium
464 4656 630 4744 euangelii,
653 4656 764 4743 angelo
787 4662 916 4725 sanotae
928 4656 1050 4725 Mariae
1064 4676 1190 4751 semper
1203 4656 1320 4741 virgini
1334 4657 1518 4743 oonoeptum

428 4906 453 4961 L
471 4905 504 4961 V.
520 4906 618 4961 leram.
630 4906 656 4975 9,
668 4906 712 4960 tl.
801 4907 827 4961 2.
850 4904 947 4961 Ionem
959 4907 1041 4978 aaa.
