4342 6034
640 812 827 861 surerenas
850 813 1077 863 noousunenn
1102 814 1133 859 oo
1407 794 1473 863 385

320 954 429 1043 publiea
449 954 664 1041 criminosum,
689 962 763 1043 post
784 956 967 1043 synodioam
988 954 1233 1043 prohibitionem
1256 952 1357 1023 offioio
1380 956 1560 1023 resti-1107

318 1070 405 1138 tutati.
435 1069 471 1137 In
494 1070 607 1156 quibus
628 1072 731 1157 magis
754 1072 895 1139 homiues
917 1092 1012 1156 quam
1027 1070 1129 1139 Deum
1145 1068 1303 1139 offendere
1316 1072 1473 1154 metuisti;

317 1206 379 1253 nuru
399 1190 438 1269 et,
461 1186 674 1273 apostolorum
696 1207 831 1255 oenones
853 1193 885 1255 et
902 1186 1111 1275 plurimorum
1126 1192 1308 1255 sanatorum
1322 1192 1474 1274 precepta

317 1304 537 1389 oontempnens,
561 1302 602 1369 ad
622 1303 867 1371 inobedientiam
890 1308 921 1370 te
943 1302 1145 1387 transtulisti,
1168 1323 1249 1389 quae
1262 1304 1402 1390 primum
1417 1303 1474 1369 ho-

316 1417 421 1483 miuem
452 1417 493 1485 de
520 1418 667 1505 paradiso
697 1419 820 1507 expulit
846 1424 879 1487 et
907 1418 1034 1487 Saulem
1061 1418 1349 1506 irrecuperabiliter
1375 1438 1474 1503 reguo

316 1532 449 1617 privavit

391 1648 438 1717 Ne
459 1649 556 1733 igitur
577 1650 612 1717 iu
633 1650 835 1738 impositione
857 1642 1007 1717 manuum
1030 1648 1162 1717 ulterius
1182 1649 1288 1717 looum
1302 1651 1474 1718 excusandi

316 1784 364 1850 per
387 1764 599 1849 ignorantiam
621 1766 736 1834 habero
757 1768 877 1853 possis,
908 1772 941 1833 ot
967 1764 1046 1833 illud
1069 1764 1205 1853 apostoli
1228 1766 1376 1834 dicentis:
1405 1768 1473 1834 Ne-

315 1884 385 1947 mini
404 1885 464 1949 aito
487 1905 602 1949 monae
622 1886 819 1971 imposueris,
842 1906 882 1949 ne
903 1886 1109 1950 eommunices
1129 1887 1266 1971 peoootia
1289 1879 1420 1951 olienis¹
1442 1888 1475 1949 ot

315 1996 472 2065 tumultis
495 2004 675 2067 sanatorum
697 2004 826 2087 patrum
847 1998 1124 2067 constitutionibus
1147 1998 1302 2084 quaedam
1320 1998 1381 2065 tibi
1396 1998 1474 2066 sori-

314 2110 378 2179 bere
395 2114 608 2181 ueoessarium
626 2116 783 2183 duximus.
818 2114 869 2182 Ex
884 2116 1056 2182 oenonibus
1072 2115 1302 2202 apostolomm:
1327 2115 1369 2183 Si
1383 2110 1474 2202 φάθ’

315 2231 477 2317 episcopan,
500 2232 691 2299 secularibus
709 2234 915 2320 potestatibus
937 2254 1022 2313 neas,
1047 2232 1208 2297 ecelesiam
1223 2254 1286 2318 per
1306 2234 1396 2319 ipsae
1419 2232 1474 2297 ob-

315 2348 407 2427 tineat,
432 2348 610 2435 deportator
632 2362 661 2415 et
682 2362 868 2436 reprendar,
894 2370 1059 2434 omoeoque
1081 2350 1140 2434 qni
1160 2348 1212 2413 ilii
1233 2352 1472 2414 conmmnioont.

315 2457 382 2527 Item
408 2480 450 2529 ex
478 2462 611 2530 manlio
637 2463 850 2531 Antisthene:
886 2464 928 2531 Si
954 2467 1025 2551 qnae
1050 2464 1217 2551 presbyter
1243 2463 1294 2529 vel
1322 2465 1474 2529 diaconae

312 2600 362 2662 per
385 2578 557 2645 uenalem
582 2582 768 2666 ds'qnitatem
794 2581 954 2647 ecelesiam
975 2578 1113 2645 Domini
1134 2581 1317 2660 obtinuerit,
1347 2592 1376 2645 et
1406 2582 1475 2667 ipae

315 2704 338 2759 et
360 2697 525 2762 ordinator
552 2698 618 2762 eina
645 2722 667 2763 a
694 2700 908 2763 omnmnnione
934 2698 1037 2761 modio
1060 2697 1204 2761 omnibns
1225 2709 1424 2782 seprepentur
1446 2708 1478 2761 et

315 2810 361 2875 aad
390 2812 588 2879 mnenon
619 2814 698 2893 aint,
734 2816 815 2878 aiom
842 2812 955 2880 Simon
982 2812 1101 2897 Μαρια
1129 2814 1168 2876 de
1194 2812 1291 2877 Petro
1320 2812 1473 2898 apostolo.

316 2922 381 2991 ltorn
408 2926 589 3013 Stephanus
617 2932 738 3014 martyr
766 2922 941 3013 pontifex⁸z
977 2927 1104 3011 Lateri,
1133 2929 1277 3013 quamuis
1305 2928 1473 3013 respunsis,

316 3042 392 3109 sollo
413 3045 454 3109 de
477 3044 691 3110 aeneasannos
704 3042 916 3129 sonoltatidns
939 3043 1064 3129 aliquid
1086 3044 1278 3129 da'eponendi
1291 3043 1406 3129 lepitor
1419 3066 1474 3107 aas·

316 3178 399 3241 poem
425 3160 578 3226 attribuero
597 3160 751 3246 facultas.
797 3158 877 3225 Item
900 3156 1123 3244 Symmachus:
1151 3159 1297 3225 Prendo
1324 3160 1477 3225 sensenna

316 3278 450 3341 menori
475 3279 618 3341 convenit
643 3280 727 3343 etin
748 3278 877 3343 irm'tnm
898 3276 1026 3355 deduci,
1056 3297 1097 3339 ne
1116 3277 1153 3340 in
1176 3275 1350 3361 enemplam
1370 3296 1474 3339 renon-

315 3404 376 3456 sen
395 3394 619 3479 presumendi:
648 3414 688 3458 ne
717 3392 905 3479 qoidmlibet
932 3392 1038 3471 luicis,
1070 3393 1214 3477 qnonmis
1241 3390 1398 3477 relipiooie
1426 3390 1477 3455 oei

312 3508 495 3589 penaten,
524 3510 560 3573 in
587 3528 783 3594 paucumque
810 3510 934 3573 neone
963 3507 1101 3594 quolibet
1119 3508 1214 3572 modo
1236 3506 1329 3572 liceat
1350 3506 1476 3592 aliquid

315 3622 467 3689 decernere
496 3624 534 3689 de
562 3624 776 3690 eooleeioatiois
794 3624 1024 3708 fannonem,
1054 3644 1134 3709 qnos
1161 3622 1238 3689 eolat
1260 3623 1475 3689 sacerdotibus

315 3738 495 3825 disponenda·
515 3764 536 3805 a
558 3739 628 3805 Deo
651 3741 915 3805 anacreontica
937 3740 1073 3805 docetur.

391 3854 458 3921 Nos
493 3874 615 3939 quoque
648 3859 827 3921 sauctorum
856 3873 1012 3920 oanouum
1040 3852 1280 3919 constitutiones
1308 3856 1475 3937 sequentes

315 3986 376 4037 uum
403 3969 557 4037 fratribus
584 3970 700 4036 nostris
729 3970 763 4037 in
786 3968 934 4036 Treoeusi
956 3968 1089 4035 ooneilio
1113 3969 1296 4035 statuimus:
1325 3974 1375 4052 ut,
1405 3968 1475 4054 qui·

315 4101 438 4172 eumque
466 4086 651 4153 elericorum
679 4085 720 4153 do
747 4086 807 4153 hae
833 4084 911 4153 hora
938 4084 1160 4151 investituram
1188 4084 1318 4153 eoelesie
1345 4082 1396 4151 vel
1424 4104 1474 4151 eo-

314 4198 478 4271 elesiestiuo
500 4200 664 4285 dignitatis
686 4201 725 4269 do
747 4222 844 4268 manu
864 4202 938 4268 laioi
962 4202 1134 4287 acceperit,
1164 4204 1197 4267 et
1218 4201 1272 4285 qui
1293 4201 1323 4267 ei
1345 4220 1473 4267 manum

316 4314 500 4404 inposuerit
516 4318 633 4403 gradum
648 4318 698 4385 sui
712 4317 851 4406 periculo
867 4318 1028 4385 subiaceat
1042 4322 1074 4383 et
1087 4317 1306 4384 oommuuione
1318 4317 1472 4403 privetur.

396 4434 444 4501 Tu
471 4454 562 4518 vero,
590 4434 690 4501 frater
717 4434 910 4519 uenerande,
938 4433 1014 4501 Boot
1040 4452 1125 4500 nuno
1147 4452 1246 4518 usque
1267 4432 1380 4498 horum
1401 4452 1474 4518 pre-

317 4554 468 4635 epiorum
490 4556 705 4635 transgressor
727 4550 880 4634 extiteris,
904 4554 1010 4617 tamon
1029 4548 1255 4616 venerabilium
1268 4548 1403 4615 fratum
1417 4568 1475 4614 uo-

380 4682 404 4737 1.
428 4680 671 4751 manmena.
763 4682 788 4736 2.
815 4678 949 4751 „Siquis
968 4709 1000 4721 -
1020 4678 1243 4735 eommunieaut¹⁴
1267 4678 1383 4734 suntin
1406 4676 1474 4733 Gra·

318 4764 378 4822 tani
399 4768 886 4841 Deor.P.110.XV1qu.'Io.14.
976 4770 1001 4825 3.
1026 4769 1054 4823 in
1072 4784 1116 4837 ep.
1134 4766 1412 4823 Pseudo-isidoriana
1430 4768 1473 4833 (u.

320 4852 465 4914 Decretales
477 4856 606 4915 Ps.·isid.
625 4858 668 4951 od.
681 4858 828 4917 Hiusehius
845 4876 872 4931 p.
887 4859 958 4927 186).
985 4856 1027 4913 Cf.
1046 4856 1172 4913 Gratiani
1190 4856 1262 4913 deor.
1275 4856 1305 4912 P.
1318 4856 1345 4911 11
1363 4854 1393 4912 G.
1406 4854 1474 4912 XVI

320 4946 640 5097 &mensumn
1225 5040 1262 5097 26
