4342 6034
551 766 632 811 vrrs
654 764 808 812 iuncum
830 762 1092 811 secmamsoorr
1114 761 1309 811 nocuerim
1446 742 1508 809 661

337 904 403 970 sab
431 910 499 971 tam
526 910 595 971 arto
623 905 833 991 ancipitique·
854 905 975 972 locatus
1001 905 1122 988 gladio,
1151 904 1270 971 zelatus
1294 903 1457 970 ecclesiam
1481 906 1513 969 et
1540 909 1610 963 1160

336 1017 464 1103 legem¹
485 1020 547 1087 Dei
576 1022 641 1104 sui,
669 1028 843 1088 mereretur
865 1021 1021 1087 Salvatori
1049 1020 1238 1106 persolvere.
1276 1019 1343 1085 Nec
1372 1018 1512 1101 gladium

337 1138 555 1221 persecutoris
584 1137 723 1203 decrevit
748 1138 865 1219 vereri,
894 1156 965 1202 cum
993 1138 1063 1223 ipse
1092 1136 1236 1203 dominus
1259 1135 1345 1201 lesus
1367 1133 1511 1200 Christus

1529 982 1577 1029 lun.
1589 984 1620 1029 24

337 1259 517 1338 proponat:
539 1254 648 1319 Nolite
668 1257 776 1319 amere
790 1276 851 1334 eoe,
876 1257 934 1339 qui
948 1255 1092 1318 occidunt
1107 1274 1231 1338 caepae,
1255 1255 1395 1317 animam
1409 1264 1512 1315 oeten

336 1392 407 1433 oon
430 1382 563 1455 poseant
585 1371 740 1445 occidere3
762 1372 817 1434 aad
836 1372 942 1456 potius
965 1392 1035 1433 eam
1049 1372 1162 1448 timete,
1188 1370 1245 1453 qui
1253 1380 1358 1454 potest
1372 1370 1512 1432 animam

337 1498 369 1550 et
401 1506 517 1573 eorpus
543 1487 674 1571 perdere
695 1488 730 1549 in
750 1480 957 1570 pedennam²3
987 1488 1019 1550 ct
1041 1482 1140 1568 quod:
1170 1484 1327 1549 Maiorem
1349 1486 1512 1548 condatem

335 1622 433 1664 nono
456 1600 556 1680 debet
581 1622 677 1686 quem
698 1613 732 1666 ot
754 1604 894 1665 animam
908 1624 1000 1665 eseam
1013 1612 1113 1687 ponet
1128 1602 1199 1685 qaia
1213 1620 1273 1685 pro
1290 1601 1399 1664 amicte
1415 1592 1509 1678 eoie⁸,

335 1714 510 1799 presertim
540 1734 611 1780 cum
637 1716 707 1801 ipse
733 1735 792 1801 pro
822 1716 953 1781 ecclesia
975 1715 1035 1781 Dei
1061 1714 1241 1781 ulciscenda
1263 1712 1385 1779 adhoc
1408 1718 1511 1780 extre-

335 1850 430 1895 mum
454 1836 538 1896 esset
557 1830 723 1896 devolutus
744 1830 922 1897 discrimen.

431 1944 502 2011 Hiis
524 1946 622 2030 igitur
644 1946 776 2031 aliisque
798 1946 1026 2031 scripturarum
1049 1945 1213 2032 exemplis,
1238 1949 1361 2011 scutum
1375 1942 1449 2010 fidei
1463 1944 1510 2009 lo·

334 2061 522 2146 ricamque*
537 2063 678 2128 caritatis
701 2063 735 2127 in
756 2062 953 2127 imminenti⁰
969 2062 1133 2148 dispendio
1157 2061 1206 2127 sui
1226 2064 1387 2145 tamquam
1403 2058 1510 2146 Gygae

334 2177 534 2243 fortissimus
560 2178 708 2261 induens,
742 2182 865 2243 tantum
892 2178 1011 2261 rigoris
1041 2176 1093 2243 et⁴¹
1121 2176 1229 2242 solacii
1258 2176 1444 2261 assumpsit,
1475 2182 1511 2241 ut

336 2312 452 2359 omnes
475 2293 514 2359 de
536 2294 710 2360 mutatione
732 2292 837 2358 vultus
859 2294 960 2379 ipsius
982 2298 1112 2379 repente
1134 2292 1244 2357 mirari
1265 2290 1431 2377 cepissent,
1456 2292 1510 2375 qui

335 2428 447 2473 secum
472 2408 612 2474 aderant
647 2407 793 2475 Habebat
806 2409 889 2475 enim
906 2408 1007 2474 adbuc
1022 2408 1174 2493 quosdam
1190 2406 1391 2493 cappellanus
1407 2426 1510 2472 sacer·

335 2524 429 2590 dotes
458 2524 557 2590 circe·
580 2544 630 2607 se,
662 2524 813 2608 quosdam
836 2524 969 2606 milites,
999 2524 1121 2609 aliquos
1144 2528 1176 2589 et
1197 2523 1369 2589 ministros.
1461 2522 1510 2588 Ab

334 2640 398 2705 biis
422 2640 523 2723 igitur
539 2640 752 2722 resciscebat‘,
777 2640 850 2724 quid
866 2646 950 2705 esset
965 2640 1131 2723 agendum.
1164 2638 1293 2704 Etcum
1307 2638 1353 2703 nil
1369 2637 1510 2704 consala-

337 2755 436 2821 tionis
461 2754 621 2839 baberent,
644 2754 827 2840 nullumque
850 2754 1013 2821 afferrent⁸
1028 2752 1190 2836 solacium,
1214 2753 1269 2819 sed
1289 2753 1420 2837 quilibet
1437 2772 1511 2839 pro-

337 2872 447 2955 prium
470 2868 600 2936 dederet
619 2872 799 2954 interitum,
827 2870 1013 2936 adicientes:
1043 2870 1118 2953 quia
1141 2890 1210 2937 sero
1232 2870 1373 2955 ipsorum
1396 2869 1511 2953 implo-

338 2986 446 3052 raret*
469 2986 650 3067 condlium3
680 2986 754 3051 dum
777 2986 881 3072 prius,
911 3005 982 3050 cum
1004 2984 1104 3050 libere
1125 2990 1233 3069 posset
1255 2984 1374 3069 abisse,
1402 3004 1510 3049 eorum

339 3102 489 3186 precibus
523 3102 721 3187 acquiescere
749 3102 862 3184 nollet,
897 3101 952 3166 sed
979 3105 1047 3165 tem
1076 3099 1229 3185 piaculari
1258 3120 1292 3165 se
1320 3104 1512 3166 reservasset

339 3217 513 3303 supplici03
553 3219 734 3304 postquam¹
764 3217 910 3283 manibus
944 3216 1002 3281 sub
1035 3215 1233 3281 secerdotum
1268 3236 1301 3281 se
1335 3213 1510 3281 confitendo

322 3332 450 3399 ‘multis
472 3332 611 3400 lacrimis
634 3334 828 3415 humiliavit,
851 3336 1049 3398 sacrosancto
1072 3330 1142 3397 lesu
1165 3330 1284 3397 Christi
1306 3332 1446 3397 munitus
1470 3332 1510 3397 ad

339 3448 511 3514 viandumk
537 3468 683 3536 corpore,
711 3449 768 3515 bos
798 3449 919 3514 omnes¹
941 3448 1068 3514 deducit
1094 3448 1128 3513 in
1155 3446 1309 3531 medium,
1338 3448 1509 3513 multifarie

339 3563 509 3630 uberrimis
532 3584 585 3630 eos
607 3562 733 3630 fletibus
756 3564 930 3630 consolans.
962 3562 1006 3629 Et
1026 3583 1085 3648 pro
1102 3562 1250 3646 amicitia,
1273 3582 1331 3648 pro
1346 3560 1508 3647 fidelitate,

339 3698 398 3762 pro
422 3680 637 3761 assistentia·,
661 3699 719 3764 pro
741 3680 916 3761 devotione,
940 3698 998 3765 pro
1019 3682 1110 3743 mota
1132 3679 1320 3763 anxietate⁰,
1343 3698 1401 3765 pro
1420 3682 1508 3744 muto

339 3791 448 3859 labore
471 3798 504 3858 et
525 3795 653 3860 seruitio
675 3795 811 3877 gratiam
835 3800 867 3861 et
888 3794 1154 3879 misericordiam,
1178 3793 1311 3861 salutem
1335 3800 1367 3861 et
1388 3814 1509 3860 recom-

340 3908 558 3991 pensationem
581 3912 642 3993 eis,
664 3910 781 3996 palmis
804 3910 843 3975 ad
867 3908 967 3975 celum
991 3911 1147 3995 extensis,
1172 3931 1192 3975 a
1213 3910 1339 3976 domino
1362 3908 1430 3976 Deo
1454 3909 1509 3975 bo·

340 4042 452 4089 norum
476 4023 585 4090 datore
607 4026 798 4111 imprecans3
822 4027 905 4091 inter
927 4030 1032 4091 cetera
1054 4046 1144 4091 orsus
1167 4031 1229 4091 est:
1253 4027 1335 4092 Filii
1353 4030 1512 4093 curbeltat
1550 4038 1552 4041 ’

341 4152 369 4203 et
390 4140 587 4205 dilectissimi
607 4144 712 4206 anime
731 4164 811 4223 mee,
836 4155 956 4229 tenipus
977 4142 1166 4207 odimdona'e
1189 4146 1295 4221 blica,
1322 4164 1383 4228 quo
1406 4144 1507 4208 domi·

341 4277 399 4318 nce
421 4256 512 4322 Deae
539 4280 597 4322 nce
624 4261 753 4323 obieure
781 4260 931 4344 diqeotm
1070 4256 1114 4322 Et
1141 4276 1212 4322 cum
1240 4256 1298 4323 hec
1320 4258 1508 4341 inchoasset,

342 4368 496 4453 singultus
519 4372 670 4457 omnium,
694 4374 747 4457 qni
771 4373 949 4456 audiebant,
973 4378 1006 4438 ct
1027 4371 1118 4437 lletus
1141 4378 1173 4437 et
1194 4372 1383 4438 miserabilis
1404 4372 1508 4438 luctus

413 4526 433 4559 ι
455 4514 600 4574 anticipative
617 4516 638 4560 1.
722 4514 745 4560 b.
766 4516 789 4561 et
804 4515 896 4561 loricam
913 4517 935 4561 8.
1018 4529 1037 4561 c
1058 4514 1164 4560 eminenti
1182 4516 1203 4571 1,
1219 4514 1323 4559 iminsnti
1339 4516 1361 4560 2.
1440 4515 1462 4561 d.
1485 4517 1508 4561 et

344 4607 384 4637 οι.
400 4594 422 4639 l.
485 4609 505 4641 e.
527 4595 644 4641 obeant.
705 4594 721 4641 i.
744 4607 769 4641 se
785 4594 904 4641 sciscitans
917 4596 939 4650 1,
955 4594 1133 4640 resciscitansi.
1196 4606 1217 4653 g.
1239 4594 1362 4651 ademetl,
1379 4594 1507 4641 afferenti.

343 4667 365 4714 b
384 4672 516 4733 impetraret
532 4677 559 4730 1,
579 4674 711 4733 imploraret
727 4676 749 4719 2.
825 4674 842 4719 i.
861 4676 916 4732 post
931 4686 989 4733 quae
1005 4675 1028 4719 2.
1105 4672 1128 4719 k.
1149 4672 1256 4720 viandum
1277 4678 1361 4734 scripsi
1377 4692 1420 4735 pro
1441 4675 1507 4721 viati-

344 4760 392 4795 cam
408 4753 430 4809 1,
447 4755 469 4799 2.
531 4753 547 4800 1.
568 4754 672 4799 homines
689 4754 711 4799 2.
773 4767 803 4798 m.
823 4752 959 4798 assistancis
975 4755 996 4797 1.
1058 4767 1081 4799 ιι.
1102 4754 1200 4799 anxitate
1217 4757 1239 4800 1.

414 4849 437 4901 1.
461 4846 760 4918 damnasses.
850 4850 875 4901 e.
899 4846 996 4902 noo.
1010 4849 1052 4917 1o,
1065 4848 1108 4903 ae.
1198 4850 1222 4903 e.
1247 4848 1417 4919 Ioh.15,13.
