4342 6034
626 769 653 817 s.
670 768 846 819 normann
867 771 912 819 ur
933 770 1036 819 uuum
1058 769 1245 819 nonnosus
1269 772 1300 818 ro
1504 755 1548 823 55

377 932 438 998 pua
458 910 530 996 luit
553 916 620 979 tam
641 932 790 996 maguam
814 913 991 979 animarum
1013 911 1219 996 migrantium
1240 911 1280 979 de
1294 913 1548 999 eorporemulti·
1567 920 1709 981 tlt-'118

376 1026 520 1095 tudinem
548 1027 640 1113 illue,
668 1028 724 1095 ubi
752 1029 822 1114 ipse
848 1027 924 1112 fuit,
952 1028 1153 1113 convenisse,
1183 1046 1278 1113 quam
1299 1029 1397 1096 totius
1418 1028 1550 1099 humaui

376 1144 502 1227 generis
529 1144 564 1211 in
591 1146 685 1211 tonis
713 1164 777 1212 non
798 1143 897 1211 fuisse
920 1148 1014 1211 antea
1035 1144 1242 1213 existimaret
1332 1144 1549 1213 Innumerabi-

375 1259 440 1327 lem
468 1278 591 1345 quoque
613 1259 825 1345 malignorum
848 1259 1018 1347 spirituum
1040 1259 1167 1327 turbam
1189 1278 1249 1329 neo
1269 1278 1335 1327 non
1357 1266 1390 1329 et
1409 1260 1549 1328 elatissi-

376 1396 465 1443 mum
481 1376 612 1443 ohorum
627 1394 835 1463 supernorum
851 1375 1034 1459 augelorum
1051 1375 1200 1461 adfuisse,
1215 1376 1367 1443 narrarit
1389 1375 1434 1443 Et
1446 1377 1549 1443 maxi·

376 1510 462 1559 mam
484 1492 585 1559 iuter·
608 1512 642 1559 se
664 1492 858 1561 miserrimos
881 1492 1012 1579 spiritus
1035 1496 1067 1559 et
1089 1497 1214 1559 sanatos
1229 1490 1357 1575 angelos
1372 1492 1412 1561 de
1427 1493 1549 1561 anima·

377 1608 436 1675 bus
458 1608 690 1692 egredientibus
713 1608 753 1677 de
775 1628 908 1695 eorpore
929 1608 1176 1695 disputationem
1198 1608 1356 1693 habuisse,
1379 1608 1548 1677 daemones

377 1724 554 1791 amarando
577 1728 609 1792 et
630 1730 831 1811 peceatorum
854 1724 978 1811 pondus
1005 1724 1181 1809 gravando,
1210 1724 1339 1808 angelos
1366 1744 1442 1793 vero
1468 1724 1549 1793 rele-

375 1840 499 1907 vando*
523 1847 555 1908 et
576 1840 765 1909 excusando.

464 1956 509 2024 Et
536 1976 571 2023 se
599 1956 706 2043 ipsum
734 1956 875 2042 audisse,
907 1957 1014 2023 omnia
1040 1954 1233 2040 flagitiorum
1260 1974 1390 2023 suorum
1419 1956 1550 2043 propria

375 2073 576 2161 peooamine⁰
599 2108 640 2119 -
665 2092 746 2158 quae
774 2073 850 2139 feeit
880 2092 900 2140 a
926 2072 1091 2139 iuventute
1118 2092 1177 2139 sua
1205 2075 1239 2139 et
1266 2071 1309 2139 ad
1337 2069 1549 2139 confitendum

375 2196 432 2258 aut
453 2188 595 2275 neglexit
616 2193 671 2255 aut
693 2188 844 2255 oblivioni
866 2188 999 2257 tradidit
1026 2188 1093 2273 rel,
1122 2188 1163 2255 ad
1191 2193 1358 2274 peceatum
1378 2189 1548 2274 pertinere,

375 2307 504 2374 omniuo
527 2305 688 2373 nesciebat
702 2340 745 2353 -
761 2304 862 2391 ipsius
886 2304 1017 2392 propria
1039 2324 1117 2373 roae
1139 2309 1249 2371 eontra
1262 2302 1354 2371 illum
1368 2304 1550 2373 elamitasse

376 2428 408 2491 et
430 2443 505 2489 eum
527 2421 687 2505 dirissime
704 2440 877 2489 aoousaese.
911 2420 956 2489 Et
970 2420 1149 2508 specialiter
1162 2439 1262 2487 unum
1276 2420 1422 2506 quodque
1435 2422 1550 2489 vitium

377 2540 467 2626 quasi
490 2558 531 2607 ex
553 2558 612 2605 sua
633 2558 769 2625 persona
787 2538 823 2605 in
837 2538 977 2605 medium
992 2558 1026 2604 ss
1042 2537 1204 2622 obtulisse,
1226 2535 1359 2605 dieendo
1374 2537 1548 2622 quoddam:

376 2658 445 2745 qu
468 2678 540 2723 emo
561 2658 719 2743 sapiditas
741 2669 806 2737 rao,
832 2653 914 2742 qoo‘¹
936 2655 1061 2722 iolioda
1071 2654 1331 2741 freqamtiseirree
1345 2667 1375 2723 et
1388 2659 1551 2723 canona

375 2776 550 2861 praeceptis
566 2774 632 2839 Dei
653 2776 842 2859 concupietir
866 2769 1024 2856 quoddam
1044 2790 1136 2837 vero:
1158 2772 1231 2857 Ego
1249 2794 1320 2837 sam
1332 2794 1419 2837 vona
1430 2771 1548 2857 gloria,

376 2912 441 2976 qua
463 2903 493 2955 re
514 2891 603 2976 epod
625 2890 763 2954 hmines
785 2892 939 2954 iodaoter
961 2887 1123 2963 eaaitosti3
1151 2886 1253 2953 aliud:
1275 2888 1347 2973 llys
1369 2910 1440 2953 eam
1460 2909 1548 2953 mera

376 3008 520 3087 dacium,
549 3008 585 3070 ia
615 3026 676 3091 qao
704 3004 879 3069 mentiendo
901 3006 1059 3090 peeeosdr
1090 3000 1192 3067 aliud:
1219 3002 1292 3088 qu
1319 3024 1390 3068 sam
1416 3005 1550 3069 otiosum

376 3124 514 3203 omium,
539 3122 625 3208 qaod
646 3122 784 3187 inaniter
807 3120 926 3185 iocoue
940 3120 1060 3204 fodra
1084 3116 1184 3184 aliud:
1207 3118 1279 3204 Ego
1301 3121 1398 3199 vem,
1422 3140 1485 3204 quo
1499 3122 1548 3185 oi·

377 3240 477 3305 dendo
500 3238 626 3305 indiviso
647 3240 800 3324 peeoosti3
823 3234 924 3302 aliud:
947 3236 1019 3321 Ego
1043 3237 1240 3301 commmoda
1263 3247 1291 3301 at
1306 3234 1548 3317 inoboedientia,
1651 3269 1655 3274 ¹

378 3378 440 3441 quo
462 3355 638 3421 eeaimibos
660 3353 859 3440 spiritalibus
876 3352 1076 3418 inoboediens
1082 3350 1200 3435 faistir
1224 3348 1325 3417 aliud:
1352 3351 1424 3438 qu
1440 3364 1550 3439 torpor

377 3485 406 3537 et
432 3472 558 3536 doeideb
585 3473 621 3535 io
648 3482 828 3535 soomormn
853 3470 1030 3535 stadiorum
1052 3468 1210 3554 neqleotm
1239 3464 1341 3533 aliud:
1371 3468 1444 3553 qu
1466 3490 1550 3555 ooqa

377 3590 526 3675 cogitatio
548 3599 578 3652 et
598 3587 721 3652 auido
744 3608 836 3665 aura,
869 3606 933 3671 qao
955 3598 984 3651 te
1006 3606 1107 3671 sopra
1127 3584 1257 3649 modom
1277 3586 1342 3649 sive
1363 3586 1400 3649 ira
1422 3584 1550 3650 eeclesia

376 3706 439 3769 eive
459 3703 726 3769 carassalem
742 3702 933 3790 oceapabas,⁸
957 3699 1058 3767 aliud:
1082 3700 1154 3786 qu
1169 3700 1387 3779 emaaoleatia,
1411 3720 1475 3785 qao
1491 3722 1549 3787 op·

374 3842 502 3907 pressae
525 3822 631 3885 tarde⁸
653 3821 698 3884 ud
720 3814 939 3902 consiteadom‘
961 3816 1032 3883 Deo
1055 3818 1240 3893 aasabim
1267 3814 1368 3881 aliud:
1395 3816 1468 3902 Ego
1490 3818 1550 3883 iter

377 3940 545 4013 otiooom⁸,·
573 3934 675 4001 aliud:
703 3936 774 4021 Ego
797 3956 867 3999 sam
888 3933 1083 4020 neglegendo
1105 3946 1136 3998 et
1155 3935 1298 4013 isauria,
1322 3934 1549 4018 quassatae

377 4075 451 4139 erqa
480 4052 620 4117 suediam
647 4052 774 4117 divinoe
802 4052 942 4117 lectionis
969 4051 1147 4115 incuriosus
1166 4049 1284 4133 fosetir
1312 4052 1347 4114 st
1371 4052 1477 4115 detera
1496 4048 1548 4117 his

377 4166 502 4235 similia
539 4165 663 4251 Omnis,
687 4186 768 4251 quae
789 4166 824 4231 in
846 4165 956 4233 diebus
978 4164 1063 4231 ritae
1085 4182 1161 4231 suae
1182 4163 1216 4229 in
1233 4181 1328 4231 earne
1344 4168 1547 4231 conversatus

376 4282 500 4369 peregit
525 4286 557 4349 et
579 4280 721 4349 eonfiteri
742 4280 898 4367 neglexit,
925 4280 1026 4349 multa
1049 4298 1187 4365 quoque,
1217 4298 1298 4365 quae
1319 4278 1362 4345 ad
1382 4284 1548 4367 peecatum

377 4401 535 4486 pertinere
558 4398 685 4465 omnino
707 4397 884 4482 ignorabat,
907 4402 1018 4463 oonba
1040 4416 1112 4464 eum
1135 4399 1249 4463 eunoto
1263 4394 1448 4463 terribiliter
1461 4396 1547 4467 rooi·

376 4516 530 4584 lerabuut
621 4512 774 4581 Similiter
802 4520 835 4581 et
861 4512 992 4597 maligni
1021 4513 1168 4599 spiritus,
1201 4511 1235 4577 iu
1263 4511 1409 4580 omnibus
1438 4532 1548 4581 oonso-

377 4638 487 4700 nautes
516 4631 618 4716 vitiis,
648 4630 823 4697 aoousaudo
846 4636 879 4697 et
900 4630 1021 4697 duriter
1043 4626 1240 4696 testifioando
1265 4632 1299 4695 et
1322 4627 1393 4695 looa
1414 4633 1447 4697 et
1467 4633 1547 4695 tem·

447 4824 469 4857 a
483 4810 546 4857 nitra
559 4811 615 4858 MC.
677 4808 699 4855 b.
715 4808 837 4857 revelando
851 4812 886 4856 M.
948 4820 969 4855 o.
984 4808 1078 4869 pearata
1093 4810 1119 4855 c.
1181 4806 1204 4853 d
1220 4816 1280 4867 quae
1290 4806 1349 4855 HV.
1410 4818 1431 4851 e.
1445 4803 1547 4853 aruc.

378 4889 394 4935 l.
412 4890 583 4939 meditandum
600 4892 627 4938 C.
704 4902 726 4947 g.
746 4890 830 4937 otisum
846 4891 880 4936 M.
