<?xml version="1.0" encoding="UTF-8"?>
<!DOCTYPE html PUBLIC "-//W3C//DTD XHTML 1.0 Transitional//EN"
    "http://www.w3.org/TR/xhtml1/DTD/xhtml1-transitional.dtd">
<html xmlns="http://www.w3.org/1999/xhtml" xml:lang="en" lang="en">
 <head>
  <title>
</title>
<meta http-equiv="Content-Type" content="text/html;charset=utf-8" />
  <meta name='ocr-system' content='tesseract 3.04.00' />
  <meta name='ocr-capabilities' content='ocr_page ocr_carea ocr_par ocr_line ocrx_word'/>
</head>
<body>
  <div class='ocr_page' id='page_1' title='image "./monumentamogunt00lulgoog/monumentamogunt00lulgoog_0581.png"; bbox 0 0 4342 6034; ppageno 0'>
   <div class='ocr_carea' id='block_1_1' title="bbox 558 788 1477 853">
    <p class='ocr_par' dir='ltr' id='par_1_1' title="bbox 558 788 1477 853">
     <span class='ocr_line' id='line_1_1' title="bbox 558 788 1477 853; baseline 0.002 -2"><span class='ocrx_word' id='word_1_1' title='bbox 558 801 720 851; x_wconf 76' lang='lat' dir='ltr'>nonaum</span> <span class='ocrx_word' id='word_1_2' title='bbox 740 802 928 850; x_wconf 81' lang='lat' dir='ltr'>nunnunsrs</span> <span class='ocrx_word' id='word_1_3' title='bbox 950 804 1032 851; x_wconf 71' lang='lat' dir='ltr'>vrri</span> <span class='ocrx_word' id='word_1_4' title='bbox 1054 802 1228 851; x_wconf 74' lang='lat' dir='ltr'>nannenus</span> <span class='ocrx_word' id='word_1_5' title='bbox 1411 788 1477 853; x_wconf 82' lang='grc'>563</span> 
     </span>
    </p>
   </div>
   <div class='ocr_carea' id='block_1_2' title="bbox 308 942 1578 3811">
    <p class='ocr_par' dir='ltr' id='par_1_2' title="bbox 322 942 1565 1377">
     <span class='ocr_line' id='line_1_2' title="bbox 324 942 1565 1031; baseline 0.002 -22"><span class='ocrx_word' id='word_1_6' title='bbox 324 943 443 1017; x_wconf 69' lang='lat' dir='ltr'>emano</span> <span class='ocrx_word' id='word_1_7' title='bbox 464 944 566 1011; x_wconf 84' lang='lat' dir='ltr'>sancti</span> <span class='ocrx_word' id='word_1_8' title='bbox 587 942 718 1011; x_wconf 82' lang='lat' dir='ltr'>liartini</span> <span class='ocrx_word' id='word_1_9' title='bbox 740 948 814 1010; x_wconf 86' lang='lat' dir='ltr'>ante</span> <span class='ocrx_word' id='word_1_10' title='bbox 834 963 961 1010; x_wconf 87' lang='lat' dir='ltr'>crucem</span> <span class='ocrx_word' id='word_1_11' title='bbox 982 944 1149 1029; x_wconf 87' lang='lat' dir='ltr'>sepulchro</span> <span class='ocrx_word' id='word_1_12' title='bbox 1170 944 1366 1031; x_wconf 83' lang='lat' dir='ltr'>imposuere,</span> <span class='ocrx_word' id='word_1_13' title='bbox 1397 946 1477 1012; x_wconf 87' lang='lat' dir='ltr'>tales</span> <span class='ocrx_word' id='word_1_14' title='bbox 1498 956 1565 1011; x_wconf 85' lang='lat'>1051</span> 
     </span>
     <span class='ocr_line' id='line_1_3' title="bbox 323 1030 1556 1147; baseline 0.002 -22"><span class='ocrx_word' id='word_1_15' title='bbox 323 1059 434 1143; x_wconf 68' lang='lat' dir='ltr'>mures,</span> <span class='ocrx_word' id='word_1_16' title='bbox 459 1059 516 1144; x_wconf 89' lang='lat' dir='ltr'>qui</span> <span class='ocrx_word' id='word_1_17' title='bbox 535 1056 628 1127; x_wconf 75' lang='lat' dir='ltr'>faede</span> <span class='ocrx_word' id='word_1_18' title='bbox 649 1064 763 1127; x_wconf 82' lang='lat' dir='ltr'>cuncta</span> <span class='ocrx_word' id='word_1_19' title='bbox 783 1060 946 1127; x_wconf 82' lang='lat' dir='ltr'>uincerent</span> <span class='ocrx_word' id='word_1_20' title='bbox 968 1066 1126 1143; x_wconf 83' lang='lat' dir='ltr'>aromata,</span> <span class='ocrx_word' id='word_1_21' title='bbox 1155 1080 1355 1147; x_wconf 84' lang='lat' dir='ltr'>persensere,</span> <span class='ocrx_word' id='word_1_22' title='bbox 1386 1067 1422 1127; x_wconf 87' lang='lat' dir='ltr'>ut</span> <span class='ocrx_word' id='word_1_23' title='bbox 1444 1063 1478 1127; x_wconf 91' lang='lat' dir='ltr'>in</span> <span class='ocrx_word' id='word_1_24' title='bbox 1508 1030 1556 1075; x_wconf 54' lang='grc' dir='ltr'>Μ’</span> 
     </span>
     <span class='ocr_line' id='line_1_4' title="bbox 322 1174 1478 1263; baseline 0.002 -22"><span class='ocrx_word' id='word_1_25' title='bbox 322 1178 399 1243; x_wconf 75' lang='lat' dir='ltr'>buta</span> <span class='ocrx_word' id='word_1_26' title='bbox 416 1174 572 1243; x_wconf 72' lang='lat' dir='ltr'>menate</span> <span class='ocrx_word' id='word_1_27' title='bbox 592 1174 722 1242; x_wconf 86' lang='lat' dir='ltr'>daretur</span> <span class='ocrx_word' id='word_1_28' title='bbox 742 1176 888 1260; x_wconf 75' lang='lat' dir='ltr'>intelligi,</span> <span class='ocrx_word' id='word_1_29' title='bbox 911 1176 1039 1242; x_wconf 85' lang='lat' dir='ltr'>ederem</span> <span class='ocrx_word' id='word_1_30' title='bbox 1061 1175 1153 1242; x_wconf 91' lang='lat' dir='ltr'>illum</span> <span class='ocrx_word' id='word_1_31' title='bbox 1175 1174 1306 1243; x_wconf 86' lang='lat' dir='ltr'>duxisse</span> <span class='ocrx_word' id='word_1_32' title='bbox 1329 1196 1368 1241; x_wconf 89' lang='lat' dir='ltr'>ex</span> <span class='ocrx_word' id='word_1_33' title='bbox 1384 1196 1478 1263; x_wconf 89' lang='lat' dir='ltr'>para-</span> 
     </span>
     <span class='ocr_line' id='line_1_5' title="bbox 322 1290 581 1377; baseline 0.004 -21"><span class='ocrx_word' id='word_1_34' title='bbox 322 1290 381 1377; x_wconf 81' lang='lat' dir='ltr'>dysi</span> <span class='ocrx_word' id='word_1_35' title='bbox 401 1292 581 1359; x_wconf 83' lang='lat' dir='ltr'>amenitate.</span> 
     </span>
    </p>

    <p class='ocr_par' dir='ltr' id='par_1_3' title="bbox 315 1406 1482 2190">
     <span class='ocr_line' id='line_1_6' title="bbox 393 1406 1479 1495; baseline -0.003 -19"><span class='ocrx_word' id='word_1_36' title='bbox 393 1406 559 1493; x_wconf 83' lang='lat' dir='ltr'>Requierit</span> <span class='ocrx_word' id='word_1_37' title='bbox 585 1408 683 1491; x_wconf 78' lang='lat' dir='ltr'>igitur</span> <span class='ocrx_word' id='word_1_38' title='bbox 711 1426 794 1473; x_wconf 87' lang='lat' dir='ltr'>annu</span> <span class='ocrx_word' id='word_1_39' title='bbox 822 1407 917 1474; x_wconf 84' lang='lat' dir='ltr'>etatis</span> <span class='ocrx_word' id='word_1_40' title='bbox 945 1426 1022 1475; x_wconf 90' lang='lat' dir='ltr'>suae</span> <span class='ocrx_word' id='word_1_41' title='bbox 1042 1407 1116 1495; x_wconf 91' lang='lat' dir='ltr'>plus</span> <span class='ocrx_word' id='word_1_42' title='bbox 1139 1408 1399 1494; x_wconf 44' lang='lat' dir='ltr'>septuagesima</span> <span class='ocrx_word' id='word_1_43' title='bbox 1423 1428 1479 1473; x_wconf 92' lang='lat' dir='ltr'>ne-</span> 
     </span>
     <span class='ocr_line' id='line_1_7' title="bbox 321 1522 1482 1611; baseline 0 -20"><span class='ocrx_word' id='word_1_44' title='bbox 321 1542 463 1609; x_wconf 83' lang='lat' dir='ltr'>quaquam</span> <span class='ocrx_word' id='word_1_45' title='bbox 489 1522 581 1591; x_wconf 88' lang='lat' dir='ltr'>illum</span> <span class='ocrx_word' id='word_1_46' title='bbox 609 1528 759 1609; x_wconf 86' lang='lat' dir='ltr'>expertus</span> <span class='ocrx_word' id='word_1_47' title='bbox 784 1522 943 1608; x_wconf 83' lang='lat' dir='ltr'>laborem,</span> <span class='ocrx_word' id='word_1_48' title='bbox 972 1523 1012 1591; x_wconf 91' lang='lat' dir='ltr'>de</span> <span class='ocrx_word' id='word_1_49' title='bbox 1039 1544 1102 1609; x_wconf 86' lang='lat' dir='ltr'>qne</span> <span class='ocrx_word' id='word_1_50' title='bbox 1125 1522 1408 1611; x_wconf 86' lang='lat' dir='ltr'>psalmistadicit:</span> <span class='ocrx_word' id='word_1_51' title='bbox 1440 1525 1482 1591; x_wconf 67' lang='lat' dir='ltr'>se·</span> 
     </span>
     <span class='ocr_line' id='line_1_8' title="bbox 319 1641 1480 1728; baseline -0.001 -23"><span class='ocrx_word' id='word_1_52' title='bbox 319 1652 410 1705; x_wconf 65' lang='lat' dir='ltr'>mm</span> <span class='ocrx_word' id='word_1_53' title='bbox 433 1644 470 1707; x_wconf 71' lang='lat' dir='ltr'>ia</span> <span class='ocrx_word' id='word_1_54' title='bbox 496 1642 708 1728; x_wconf 72' lang='lat' dir='ltr'>pctcma&#39;baa</span> <span class='ocrx_word' id='word_1_55' title='bbox 735 1643 892 1727; x_wconf 61' lang='lat' dir='ltr'>erepere</span> <span class='ocrx_word' id='word_1_56' title='bbox 919 1644 1000 1705; x_wconf 77' lang='lat' dir='ltr'>cani</span> <span class='ocrx_word' id='word_1_57' title='bbox 1021 1654 1051 1706; x_wconf 86' lang='lat' dir='ltr'>et</span> <span class='ocrx_word' id='word_1_58' title='bbox 1071 1642 1210 1728; x_wconf 82' lang='lat' dir='ltr'>amplias</span> <span class='ocrx_word' id='word_1_59' title='bbox 1233 1662 1356 1721; x_wconf 73' lang='lat' dir='ltr'>emata,</span> <span class='ocrx_word' id='word_1_60' title='bbox 1389 1641 1480 1705; x_wconf 73' lang='lat' dir='ltr'>biber</span> 
     </span>
     <span class='ocr_line' id='line_1_9' title="bbox 319 1750 1479 1841; baseline 0.001 -21"><span class='ocrx_word' id='word_1_61' title='bbox 319 1750 473 1823; x_wconf 62' lang='lat' dir='ltr'>calet</span> <span class='ocrx_word' id='word_1_62' title='bbox 512 1755 576 1823; x_wconf 86' lang='lat' dir='ltr'>Sed</span> <span class='ocrx_word' id='word_1_63' title='bbox 597 1756 632 1823; x_wconf 91' lang='lat' dir='ltr'>in</span> <span class='ocrx_word' id='word_1_64' title='bbox 653 1761 815 1824; x_wconf 87' lang='lat' dir='ltr'>senectute</span> <span class='ocrx_word' id='word_1_65' title='bbox 837 1756 921 1823; x_wconf 84' lang='lat' dir='ltr'>bana</span> <span class='ocrx_word' id='word_1_66' title='bbox 941 1760 975 1821; x_wconf 92' lang='lat' dir='ltr'>et</span> <span class='ocrx_word' id='word_1_67' title='bbox 987 1756 1056 1822; x_wconf 80' lang='lat' dir='ltr'>vita</span> <span class='ocrx_word' id='word_1_68' title='bbox 1068 1754 1207 1822; x_wconf 84' lang='lat' dir='ltr'>iucunda</span> <span class='ocrx_word' id='word_1_69' title='bbox 1222 1755 1382 1841; x_wconf 88' lang='lat' dir='ltr'>deponens</span> <span class='ocrx_word' id='word_1_70' title='bbox 1397 1760 1479 1821; x_wconf 89' lang='lat' dir='ltr'>tem·</span> 
     </span>
     <span class='ocr_line' id='line_1_10' title="bbox 317 1870 1479 1957; baseline -0.001 -20"><span class='ocrx_word' id='word_1_71' title='bbox 317 1870 455 1955; x_wconf 77' lang='lat' dir='ltr'>pardem,</span> <span class='ocrx_word' id='word_1_72' title='bbox 479 1872 550 1939; x_wconf 89' lang='lat' dir='ltr'>sins</span> <span class='ocrx_word' id='word_1_73' title='bbox 570 1872 722 1940; x_wconf 61' lang='lat' dir='ltr'>Mune</span> <span class='ocrx_word' id='word_1_74' title='bbox 743 1871 883 1939; x_wconf 91' lang='lat' dir='ltr'>leticiam</span> <span class='ocrx_word' id='word_1_75' title='bbox 904 1871 1027 1937; x_wconf 82' lang='lat' dir='ltr'>inuenit</span> <span class='ocrx_word' id='word_1_76' title='bbox 1048 1871 1234 1955; x_wconf 86' lang='lat' dir='ltr'>eternalem‚</span> <span class='ocrx_word' id='word_1_77' title='bbox 1259 1890 1341 1937; x_wconf 90' lang='lat' dir='ltr'>anno</span> <span class='ocrx_word' id='word_1_78' title='bbox 1358 1872 1479 1957; x_wconf 90' lang='lat' dir='ltr'>episco-</span> 
     </span>
     <span class='ocr_line' id='line_1_11' title="bbox 315 1986 1480 2076; baseline 0.001 -25"><span class='ocrx_word' id='word_1_79' title='bbox 315 1990 398 2070; x_wconf 87' lang='lat' dir='ltr'>patus</span> <span class='ocrx_word' id='word_1_80' title='bbox 419 1992 467 2055; x_wconf 89' lang='lat' dir='ltr'>tar</span> <span class='ocrx_word' id='word_1_81' title='bbox 490 1993 631 2076; x_wconf 87' lang='lat' dir='ltr'>septeno,</span> <span class='ocrx_word' id='word_1_82' title='bbox 654 2008 784 2055; x_wconf 88' lang='lat' dir='ltr'>numere</span> <span class='ocrx_word' id='word_1_83' title='bbox 807 1988 953 2074; x_wconf 79' lang='lat' dir='ltr'>mysterii</span> <span class='ocrx_word' id='word_1_84' title='bbox 966 1986 1071 2074; x_wconf 87' lang='lat' dir='ltr'>plenu.</span> <span class='ocrx_word' id='word_1_85' title='bbox 1107 1986 1199 2055; x_wconf 88' lang='lat' dir='ltr'>Nunc</span> <span class='ocrx_word' id='word_1_86' title='bbox 1213 1992 1318 2053; x_wconf 89' lang='lat' dir='ltr'>autem</span> <span class='ocrx_word' id='word_1_87' title='bbox 1334 1986 1480 2053; x_wconf 72' lang='lat' dir='ltr'>clarescit</span> 
     </span>
     <span class='ocr_line' id='line_1_12' title="bbox 315 2102 1342 2190; baseline -0.002 -19"><span class='ocrx_word' id='word_1_88' title='bbox 315 2102 403 2185; x_wconf 71' lang='lat' dir='ltr'>signis</span> <span class='ocrx_word' id='word_1_89' title='bbox 423 2108 458 2171; x_wconf 90' lang='lat' dir='ltr'>et</span> <span class='ocrx_word' id='word_1_90' title='bbox 478 2104 665 2188; x_wconf 81' lang='lat' dir='ltr'>virtutibus,</span> <span class='ocrx_word' id='word_1_91' title='bbox 686 2124 769 2190; x_wconf 83' lang='lat' dir='ltr'>qnae</span> <span class='ocrx_word' id='word_1_92' title='bbox 792 2124 850 2190; x_wconf 89' lang='lat' dir='ltr'>per</span> <span class='ocrx_word' id='word_1_93' title='bbox 871 2102 963 2169; x_wconf 90' lang='lat' dir='ltr'>illum</span> <span class='ocrx_word' id='word_1_94' title='bbox 984 2108 1157 2190; x_wconf 76' lang='lat' dir='ltr'><strong>operantur</strong></span> <span class='ocrx_word' id='word_1_95' title='bbox 1180 2103 1342 2169; x_wconf 81' lang='lat' dir='ltr'>diuinitus.</span> 
     </span>
    </p>

    <p class='ocr_par' dir='ltr' id='par_1_4' title="bbox 308 2218 1578 3811">
     <span class='ocr_line' id='line_1_13' title="bbox 392 2218 1578 2301; baseline 0 -16"><span class='ocrx_word' id='word_1_96' title='bbox 392 2218 498 2287; x_wconf 90' lang='lat' dir='ltr'>Pauca</span> <span class='ocrx_word' id='word_1_97' title='bbox 519 2220 559 2288; x_wconf 91' lang='lat' dir='ltr'>de</span> <span class='ocrx_word' id='word_1_98' title='bbox 573 2220 719 2287; x_wconf 86' lang='lat' dir='ltr'>Bardone</span> <span class='ocrx_word' id='word_1_99' title='bbox 741 2220 891 2301; x_wconf 85' lang='lat' dir='ltr'>diximus,</span> <span class='ocrx_word' id='word_1_100' title='bbox 913 2220 943 2285; x_wconf 92' lang='lat' dir='ltr'>si</span> <span class='ocrx_word' id='word_1_101' title='bbox 963 2219 1061 2287; x_wconf 85' lang='lat' dir='ltr'>verba</span> <span class='ocrx_word' id='word_1_102' title='bbox 1081 2225 1193 2285; x_wconf 76' lang='lat' dir='ltr'>nostm</span> <span class='ocrx_word' id='word_1_103' title='bbox 1215 2238 1286 2285; x_wconf 88' lang='lat' dir='ltr'>cum</span> <span class='ocrx_word' id='word_1_104' title='bbox 1301 2219 1394 2285; x_wconf 83' lang='lat' dir='ltr'>iactis</span> <span class='ocrx_word' id='word_1_105' title='bbox 1411 2218 1478 2285; x_wconf 86' lang='lat' dir='ltr'>eius</span> <span class='ocrx_word' id='word_1_106' title='bbox 1574 2228 1578 2237; x_wconf 87' lang='lat'>&#39;</span> 
     </span>
     <span class='ocr_line' id='line_1_14' title="bbox 313 2334 1477 2423; baseline 0.002 -23"><span class='ocrx_word' id='word_1_107' title='bbox 313 2335 445 2405; x_wconf 84' lang='lat' dir='ltr'>conferre</span> <span class='ocrx_word' id='word_1_108' title='bbox 467 2336 622 2423; x_wconf 89' lang='lat' dir='ltr'>cupimus.</span> <span class='ocrx_word' id='word_1_109' title='bbox 658 2334 722 2402; x_wconf 89' lang='lat' dir='ltr'>Sed</span> <span class='ocrx_word' id='word_1_110' title='bbox 736 2336 807 2423; x_wconf 90' lang='lat' dir='ltr'>quis</span> <span class='ocrx_word' id='word_1_111' title='bbox 821 2335 926 2403; x_wconf 78' lang='lat' dir='ltr'>verbis</span> <span class='ocrx_word' id='word_1_112' title='bbox 941 2335 1157 2423; x_wconf 70' lang='lat' dir='ltr'>comparabitb</span> <span class='ocrx_word' id='word_1_113' title='bbox 1173 2334 1370 2403; x_wconf 81' lang='lat' dir='ltr'><strong>Bardonem?</strong></span> <span class='ocrx_word' id='word_1_114' title='bbox 1392 2334 1477 2419; x_wconf 80' lang='lat' dir='ltr'>Ergo</span> 
     </span>
     <span class='ocr_line' id='line_1_15' title="bbox 313 2448 1479 2539; baseline 0.002 -24"><span class='ocrx_word' id='word_1_115' title='bbox 313 2468 368 2515; x_wconf 87' lang='lat' dir='ltr'>nen</span> <span class='ocrx_word' id='word_1_116' title='bbox 387 2456 512 2519; x_wconf 90' lang='lat' dir='ltr'>tantum</span> <span class='ocrx_word' id='word_1_117' title='bbox 533 2458 644 2519; x_wconf 75' lang='lat' dir='ltr'>nustm</span> <span class='ocrx_word' id='word_1_118' title='bbox 665 2451 809 2538; x_wconf 80' lang='lat' dir='ltr'>prevalet</span> <span class='ocrx_word' id='word_1_119' title='bbox 828 2448 1015 2535; x_wconf 87' lang='lat' dir='ltr'>infirmitas,</span> <span class='ocrx_word' id='word_1_120' title='bbox 1038 2456 1192 2537; x_wconf 87' lang='lat' dir='ltr'>qnantum</span> <span class='ocrx_word' id='word_1_121' title='bbox 1214 2451 1314 2539; x_wconf 90' lang='lat' dir='ltr'>ipsius</span> <span class='ocrx_word' id='word_1_122' title='bbox 1338 2456 1479 2517; x_wconf 85' lang='lat' dir='ltr'>merctur</span> 
     </span>
     <span class='ocr_line' id='line_1_16' title="bbox 312 2565 1477 2653; baseline -0.001 -19"><span class='ocrx_word' id='word_1_123' title='bbox 312 2565 456 2651; x_wconf 58' lang='lat' dir='ltr'>dimitam</span> <span class='ocrx_word' id='word_1_124' title='bbox 483 2567 617 2653; x_wconf 86' lang='lat' dir='ltr'>ideoque</span> <span class='ocrx_word' id='word_1_125' title='bbox 638 2572 766 2635; x_wconf 89' lang='lat' dir='ltr'>nostrae</span> <span class='ocrx_word' id='word_1_126' title='bbox 787 2566 938 2635; x_wconf 75' lang='lat' dir='ltr'><strong>concedet</strong></span> <span class='ocrx_word' id='word_1_127' title='bbox 959 2567 1137 2651; x_wconf 85' lang='lat' dir='ltr'>devotioni,</span> <span class='ocrx_word' id='word_1_128' title='bbox 1168 2568 1252 2653; x_wconf 90' lang='lat' dir='ltr'>quud</span> <span class='ocrx_word' id='word_1_129' title='bbox 1274 2568 1379 2633; x_wconf 87' lang='lat' dir='ltr'>minus</span> <span class='ocrx_word' id='word_1_130' title='bbox 1403 2586 1477 2633; x_wconf 89' lang='lat' dir='ltr'>eun-</span> 
     </span>
     <span class='ocr_line' id='line_1_17' title="bbox 311 2682 1477 2767; baseline -0.002 -17"><span class='ocrx_word' id='word_1_131' title='bbox 311 2700 382 2763; x_wconf 76' lang='lat' dir='ltr'>grua</span> <span class='ocrx_word' id='word_1_132' title='bbox 408 2704 467 2750; x_wconf 88' lang='lat' dir='ltr'>suc</span> <span class='ocrx_word' id='word_1_133' title='bbox 489 2683 628 2749; x_wconf 82' lang='lat' dir='ltr'>diximus</span> <span class='ocrx_word' id='word_1_134' title='bbox 651 2684 772 2750; x_wconf 86' lang='lat' dir='ltr'>teneri.</span> <span class='ocrx_word' id='word_1_135' title='bbox 807 2682 868 2749; x_wconf 90' lang='lat' dir='ltr'>Hic</span> <span class='ocrx_word' id='word_1_136' title='bbox 890 2688 939 2749; x_wconf 90' lang='lat' dir='ltr'>est</span> <span class='ocrx_word' id='word_1_137' title='bbox 959 2682 1080 2766; x_wconf 87' lang='lat' dir='ltr'>Bardo,</span> <span class='ocrx_word' id='word_1_138' title='bbox 1113 2702 1206 2767; x_wconf 86' lang='lat' dir='ltr'>quem</span> <span class='ocrx_word' id='word_1_139' title='bbox 1237 2684 1322 2749; x_wconf 89' lang='lat' dir='ltr'>auris</span> <span class='ocrx_word' id='word_1_140' title='bbox 1346 2682 1477 2749; x_wconf 89' lang='lat' dir='ltr'>audiens</span> 
     </span>
     <span class='ocr_line' id='line_1_18' title="bbox 311 2795 1477 2884; baseline 0 -21"><span class='ocrx_word' id='word_1_141' title='bbox 311 2796 511 2884; x_wconf 87' lang='lat' dir='ltr'>beatificabat,</span> <span class='ocrx_word' id='word_1_142' title='bbox 534 2806 567 2866; x_wconf 91' lang='lat' dir='ltr'>et</span> <span class='ocrx_word' id='word_1_143' title='bbox 580 2799 689 2866; x_wconf 86' lang='lat' dir='ltr'>oculus</span> <span class='ocrx_word' id='word_1_144' title='bbox 703 2799 814 2865; x_wconf 82' lang='lat' dir='ltr'>ridens</span> <span class='ocrx_word' id='word_1_145' title='bbox 827 2799 1045 2865; x_wconf 87' lang='lat' dir='ltr'>testimenium</span> <span class='ocrx_word' id='word_1_146' title='bbox 1060 2798 1212 2865; x_wconf 88' lang='lat' dir='ltr'>reddebat</span> <span class='ocrx_word' id='word_1_147' title='bbox 1227 2795 1316 2882; x_wconf 88' lang='lat' dir='ltr'>sibi¹‚</span> <span class='ocrx_word' id='word_1_148' title='bbox 1341 2819 1377 2863; x_wconf 89' lang='lat' dir='ltr'>eu</span> <span class='ocrx_word' id='word_1_149' title='bbox 1393 2798 1477 2883; x_wconf 89' lang='lat' dir='ltr'>quud</span> 
     </span>
     <span class='ocr_line' id='line_1_19' title="bbox 309 2911 1476 3002; baseline 0.002 -25"><span class='ocrx_word' id='word_1_150' title='bbox 309 2911 468 2981; x_wconf 76' lang='lat' dir='ltr'>liberasset</span> <span class='ocrx_word' id='word_1_151' title='bbox 489 2934 662 3002; x_wconf 79' lang='lat' dir='ltr'>pauperem</span> <span class='ocrx_word' id='word_1_152' title='bbox 683 2914 919 2998; x_wconf 78' lang='lat' dir='ltr'>vociferantem,</span> <span class='ocrx_word' id='word_1_153' title='bbox 943 2920 976 2981; x_wconf 88' lang='lat' dir='ltr'>et</span> <span class='ocrx_word' id='word_1_154' title='bbox 997 2914 1153 3000; x_wconf 91' lang='lat' dir='ltr'>pupillum</span> <span class='ocrx_word' id='word_1_155' title='bbox 1177 2914 1227 2980; x_wconf 90' lang='lat' dir='ltr'>cni</span> <span class='ocrx_word' id='word_1_156' title='bbox 1250 2933 1314 2979; x_wconf 89' lang='lat' dir='ltr'>nun</span> <span class='ocrx_word' id='word_1_157' title='bbox 1337 2918 1406 2979; x_wconf 87' lang='lat' dir='ltr'>erat</span> <span class='ocrx_word' id='word_1_158' title='bbox 1422 2914 1476 2979; x_wconf 91' lang='lat' dir='ltr'>ad·</span> 
     </span>
     <span class='ocr_line' id='line_1_20' title="bbox 309 3026 1476 3116; baseline 0.003 -23"><span class='ocrx_word' id='word_1_159' title='bbox 309 3026 413 3097; x_wconf 81' lang='lat' dir='ltr'>intar¹.</span> <span class='ocrx_word' id='word_1_160' title='bbox 451 3030 635 3097; x_wconf 78' lang='lat' dir='ltr'>Benedictio</span> <span class='ocrx_word' id='word_1_161' title='bbox 657 3031 804 3097; x_wconf 90' lang='lat' dir='ltr'>morituri</span> <span class='ocrx_word' id='word_1_162' title='bbox 826 3050 922 3116; x_wconf 89' lang='lat' dir='ltr'>super</span> <span class='ocrx_word' id='word_1_163' title='bbox 944 3050 1016 3096; x_wconf 90' lang='lat' dir='ltr'>enm</span> <span class='ocrx_word' id='word_1_164' title='bbox 1039 3029 1202 3114; x_wconf 87' lang='lat' dir='ltr'>veniebat,</span> <span class='ocrx_word' id='word_1_165' title='bbox 1233 3034 1266 3096; x_wconf 89' lang='lat' dir='ltr'>et</span> <span class='ocrx_word' id='word_1_166' title='bbox 1287 3048 1341 3095; x_wconf 91' lang='lat' dir='ltr'>cor</span> <span class='ocrx_word' id='word_1_167' title='bbox 1364 3030 1476 3097; x_wconf 87' lang='lat' dir='ltr'>viduae</span> 
     </span>
     <span class='ocr_line' id='line_1_21' title="bbox 309 3143 1477 3231; baseline -0.001 -20"><span class='ocrx_word' id='word_1_168' title='bbox 309 3146 481 3213; x_wconf 86' lang='lat' dir='ltr'>consulatus</span> <span class='ocrx_word' id='word_1_169' title='bbox 504 3143 578 3213; x_wconf 82' lang='lat' dir='ltr'>est‘.</span> <span class='ocrx_word' id='word_1_170' title='bbox 613 3146 742 3213; x_wconf 85' lang='lat' dir='ltr'>iusticia</span> <span class='ocrx_word' id='word_1_171' title='bbox 762 3146 892 3212; x_wconf 90' lang='lat' dir='ltr'>indutus</span> <span class='ocrx_word' id='word_1_172' title='bbox 915 3151 973 3231; x_wconf 68' lang='lat' dir='ltr'>est,</span> <span class='ocrx_word' id='word_1_173' title='bbox 998 3151 1030 3213; x_wconf 89' lang='lat' dir='ltr'>et</span> <span class='ocrx_word' id='word_1_174' title='bbox 1051 3146 1181 3211; x_wconf 77' lang='lat' dir='ltr'>vestivit</span> <span class='ocrx_word' id='word_1_175' title='bbox 1203 3166 1253 3229; x_wconf 85' lang='lat' dir='ltr'>se,</span> <span class='ocrx_word' id='word_1_176' title='bbox 1277 3146 1359 3211; x_wconf 90' lang='lat' dir='ltr'>sicut</span> <span class='ocrx_word' id='word_1_177' title='bbox 1381 3146 1477 3211; x_wconf 90' lang='lat' dir='ltr'>vesti·</span> 
     </span>
     <span class='ocr_line' id='line_1_22' title="bbox 309 3258 1476 3347; baseline -0.001 -20"><span class='ocrx_word' id='word_1_178' title='bbox 309 3269 407 3331; x_wconf 90' lang='lat' dir='ltr'>nentc</span> <span class='ocrx_word' id='word_1_179' title='bbox 439 3268 472 3331; x_wconf 89' lang='lat' dir='ltr'>et</span> <span class='ocrx_word' id='word_1_180' title='bbox 503 3262 696 3347; x_wconf 87' lang='lat' dir='ltr'>diademate,</span> <span class='ocrx_word' id='word_1_181' title='bbox 730 3262 846 3329; x_wconf 85' lang='lat' dir='ltr'>indicio</span> <span class='ocrx_word' id='word_1_182' title='bbox 876 3258 960 3329; x_wconf 79' lang='lat' dir='ltr'>sn0⁶.</span> <span class='ocrx_word' id='word_1_183' title='bbox 1002 3260 1119 3328; x_wconf 83' lang='lat' dir='ltr'>Oculus</span> <span class='ocrx_word' id='word_1_184' title='bbox 1147 3261 1208 3327; x_wconf 83' lang='lat' dir='ltr'>fuit</span> <span class='ocrx_word' id='word_1_185' title='bbox 1236 3280 1324 3344; x_wconf 87' lang='lat' dir='ltr'>ceco,</span> <span class='ocrx_word' id='word_1_186' title='bbox 1360 3267 1391 3326; x_wconf 88' lang='lat' dir='ltr'>et</span> <span class='ocrx_word' id='word_1_187' title='bbox 1420 3281 1476 3347; x_wconf 86' lang='lat' dir='ltr'>pes</span> 
     </span>
     <span class='ocr_line' id='line_1_23' title="bbox 309 3375 1475 3465; baseline 0.001 -24"><span class='ocrx_word' id='word_1_188' title='bbox 309 3375 443 3447; x_wconf 55' lang='lat' dir='ltr'>claudet</span> <span class='ocrx_word' id='word_1_189' title='bbox 478 3378 573 3446; x_wconf 82' lang='lat' dir='ltr'>Pater</span> <span class='ocrx_word' id='word_1_190' title='bbox 595 3384 665 3446; x_wconf 90' lang='lat' dir='ltr'>erat</span> <span class='ocrx_word' id='word_1_191' title='bbox 685 3399 873 3465; x_wconf 87' lang='lat' dir='ltr'>pauperum,</span> <span class='ocrx_word' id='word_1_192' title='bbox 897 3383 1080 3445; x_wconf 82' lang='lat' dir='ltr'>etecusam</span> <span class='ocrx_word' id='word_1_193' title='bbox 1104 3396 1198 3461; x_wconf 91' lang='lat' dir='ltr'>quam</span> <span class='ocrx_word' id='word_1_194' title='bbox 1221 3376 1382 3443; x_wconf 87' lang='lat' dir='ltr'>nesciebat</span> <span class='ocrx_word' id='word_1_195' title='bbox 1404 3376 1475 3442; x_wconf 92' lang='lat' dir='ltr'>dili-</span> 
     </span>
     <span class='ocr_line' id='line_1_24' title="bbox 308 3490 1475 3578; baseline -0.003 -17"><span class='ocrx_word' id='word_1_196' title='bbox 308 3496 485 3576; x_wconf 75' lang='lat' dir='ltr'>gentissime</span> <span class='ocrx_word' id='word_1_197' title='bbox 506 3490 744 3578; x_wconf 76' lang='lat' dir='ltr'>investigabat⁷.</span> <span class='ocrx_word' id='word_1_198' title='bbox 779 3493 970 3561; x_wconf 75' lang='lat' dir='ltr'>conterebat</span> <span class='ocrx_word' id='word_1_199' title='bbox 990 3494 1092 3560; x_wconf 88' lang='lat' dir='ltr'>molas</span> <span class='ocrx_word' id='word_1_200' title='bbox 1114 3493 1234 3578; x_wconf 85' lang='lat' dir='ltr'>iniqui,</span> <span class='ocrx_word' id='word_1_201' title='bbox 1258 3498 1290 3559; x_wconf 90' lang='lat' dir='ltr'>et</span> <span class='ocrx_word' id='word_1_202' title='bbox 1312 3492 1351 3557; x_wconf 89' lang='lat' dir='ltr'>de</span> <span class='ocrx_word' id='word_1_203' title='bbox 1374 3492 1475 3559; x_wconf 85' lang='lat' dir='ltr'>denti-</span> 
     </span>
     <span class='ocr_line' id='line_1_25' title="bbox 308 3586 1474 3698; baseline 0 -23"><span class='ocrx_word' id='word_1_204' title='bbox 308 3607 361 3677; x_wconf 91' lang='lat' dir='ltr'>bus</span> <span class='ocrx_word' id='word_1_205' title='bbox 382 3612 469 3679; x_wconf 91' lang='lat' dir='ltr'>illins</span> <span class='ocrx_word' id='word_1_206' title='bbox 492 3610 654 3679; x_wconf 77' lang='lat' dir='ltr'>auferebat</span> <span class='ocrx_word' id='word_1_207' title='bbox 674 3606 834 3698; x_wconf 83' lang='lat' dir='ltr'>predam⁸.</span> <span class='ocrx_word' id='word_1_208' title='bbox 868 3609 972 3676; x_wconf 81' lang='lat' dir='ltr'>Radix</span> <span class='ocrx_word' id='word_1_209' title='bbox 988 3610 1056 3676; x_wconf 92' lang='lat' dir='ltr'>eius</span> <span class='ocrx_word' id='word_1_210' title='bbox 1071 3614 1184 3696; x_wconf 89' lang='lat' dir='ltr'>aperta</span> <span class='ocrx_word' id='word_1_211' title='bbox 1198 3613 1247 3675; x_wconf 90' lang='lat' dir='ltr'>est</span> <span class='ocrx_word' id='word_1_212' title='bbox 1261 3586 1474 3693; x_wconf 44' lang='lat' dir='ltr'>secus&#39;aquas,</span> 
     </span>
     <span class='ocr_line' id='line_1_26' title="bbox 308 3721 1474 3811; baseline 0 -20"><span class='ocrx_word' id='word_1_213' title='bbox 308 3732 414 3795; x_wconf 87' lang='lat' dir='ltr'>etrus</span> <span class='ocrx_word' id='word_1_214' title='bbox 442 3726 618 3795; x_wconf 86' lang='lat' dir='ltr'>morabitur</span> <span class='ocrx_word' id='word_1_215' title='bbox 644 3728 678 3793; x_wconf 95' lang='lat' dir='ltr'>in</span> <span class='ocrx_word' id='word_1_216' title='bbox 701 3728 859 3793; x_wconf 87' lang='lat' dir='ltr'>messione</span> <span class='ocrx_word' id='word_1_217' title='bbox 881 3721 978 3791; x_wconf 85' lang='lat' dir='ltr'>eiua⁹.</span> <span class='ocrx_word' id='word_1_218' title='bbox 1014 3724 1123 3791; x_wconf 87' lang='lat' dir='ltr'>Gloria</span> <span class='ocrx_word' id='word_1_219' title='bbox 1145 3726 1212 3792; x_wconf 89' lang='lat' dir='ltr'>eius</span> <span class='ocrx_word' id='word_1_220' title='bbox 1236 3745 1361 3811; x_wconf 90' lang='lat' dir='ltr'>semper</span> <span class='ocrx_word' id='word_1_221' title='bbox 1384 3726 1474 3791; x_wconf 92' lang='lat' dir='ltr'>inno-</span> 
     </span>
    </p>
   </div>
   <div class='ocr_carea' id='block_1_3' title="bbox 304 3836 1475 4509">
    <p class='ocr_par' dir='ltr' id='par_1_5' title="bbox 304 3836 1475 4509">
     <span class='ocr_line' id='line_1_27' title="bbox 307 3836 1474 3928; baseline -0.001 -22"><span class='ocrx_word' id='word_1_222' title='bbox 307 3844 438 3928; x_wconf 84' lang='lat' dir='ltr'>vabitur,</span> <span class='ocrx_word' id='word_1_223' title='bbox 460 3849 493 3911; x_wconf 91' lang='lat' dir='ltr'>et</span> <span class='ocrx_word' id='word_1_224' title='bbox 514 3862 606 3910; x_wconf 84' lang='lat' dir='ltr'>arcus</span> <span class='ocrx_word' id='word_1_225' title='bbox 629 3843 696 3910; x_wconf 90' lang='lat' dir='ltr'>eius</span> <span class='ocrx_word' id='word_1_226' title='bbox 718 3844 752 3909; x_wconf 93' lang='lat' dir='ltr'>in</span> <span class='ocrx_word' id='word_1_227' title='bbox 774 3862 872 3907; x_wconf 86' lang='lat' dir='ltr'>mann</span> <span class='ocrx_word' id='word_1_228' title='bbox 893 3842 961 3907; x_wconf 91' lang='lat' dir='ltr'>eius</span> <span class='ocrx_word' id='word_1_229' title='bbox 976 3862 1102 3928; x_wconf 87' lang='lat' dir='ltr'>semper</span> <span class='ocrx_word' id='word_1_230' title='bbox 1117 3836 1379 3908; x_wconf 88' lang='lat' dir='ltr'>instaurabitur¹⁰.</span> <span class='ocrx_word' id='word_1_231' title='bbox 1414 3840 1474 3919; x_wconf 80' lang='lat' dir='ltr'>Qui</span> 
     </span>
     <span class='ocr_line' id='line_1_28' title="bbox 307 3956 1475 4045; baseline 0 -22"><span class='ocrx_word' id='word_1_232' title='bbox 307 3977 373 4025; x_wconf 89' lang='lat' dir='ltr'>eum</span> <span class='ocrx_word' id='word_1_233' title='bbox 396 3960 576 4042; x_wconf 73' lang='lat' dir='ltr'>audiebant,</span> <span class='ocrx_word' id='word_1_234' title='bbox 599 3958 808 4045; x_wconf 85' lang='lat' dir='ltr'>expectabant</span> <span class='ocrx_word' id='word_1_235' title='bbox 830 3958 1019 4024; x_wconf 85' lang='lat' dir='ltr'>sententiam</span> <span class='ocrx_word' id='word_1_236' title='bbox 1043 3960 1120 4042; x_wconf 87' lang='lat' dir='ltr'>eius,</span> <span class='ocrx_word' id='word_1_237' title='bbox 1145 3964 1177 4025; x_wconf 89' lang='lat' dir='ltr'>et</span> <span class='ocrx_word' id='word_1_238' title='bbox 1198 3958 1311 4024; x_wconf 81' lang='lat' dir='ltr'>intenti</span> <span class='ocrx_word' id='word_1_239' title='bbox 1327 3956 1475 4023; x_wconf 89' lang='lat' dir='ltr'>tacebant</span> 
     </span>
     <span class='ocr_line' id='line_1_29' title="bbox 306 4072 1474 4159; baseline -0.002 -19"><span class='ocrx_word' id='word_1_240' title='bbox 306 4074 344 4140; x_wconf 86' lang='lat' dir='ltr'>ad</span> <span class='ocrx_word' id='word_1_241' title='bbox 364 4076 530 4143; x_wconf 85' lang='lat' dir='ltr'>consilium</span> <span class='ocrx_word' id='word_1_242' title='bbox 554 4072 662 4157; x_wconf 85' lang='lat' dir='ltr'>eius¹¹3</span> <span class='ocrx_word' id='word_1_243' title='bbox 685 4074 790 4141; x_wconf 86' lang='lat' dir='ltr'>verbis</span> <span class='ocrx_word' id='word_1_244' title='bbox 813 4074 880 4141; x_wconf 88' lang='lat' dir='ltr'>eius</span> <span class='ocrx_word' id='word_1_245' title='bbox 897 4074 1012 4139; x_wconf 86' lang='lat' dir='ltr'>addere</span> <span class='ocrx_word' id='word_1_246' title='bbox 1027 4072 1125 4138; x_wconf 89' lang='lat' dir='ltr'>nichil</span> <span class='ocrx_word' id='word_1_247' title='bbox 1140 4073 1308 4158; x_wconf 77' lang='lat' dir='ltr'>audebant,</span> <span class='ocrx_word' id='word_1_248' title='bbox 1332 4079 1364 4139; x_wconf 89' lang='lat' dir='ltr'>et</span> <span class='ocrx_word' id='word_1_249' title='bbox 1378 4093 1474 4159; x_wconf 91' lang='lat' dir='ltr'>snper</span> 
     </span>
     <span class='ocr_line' id='line_1_30' title="bbox 305 4186 1471 4276; baseline -0.002 -19"><span class='ocrx_word' id='word_1_250' title='bbox 305 4189 373 4258; x_wconf 86' lang='lat' dir='ltr'>illus</span> <span class='ocrx_word' id='word_1_251' title='bbox 395 4192 537 4260; x_wconf 85' lang='lat' dir='ltr'>stillabat</span> <span class='ocrx_word' id='word_1_252' title='bbox 558 4190 715 4276; x_wconf 89' lang='lat' dir='ltr'>eloquium</span> <span class='ocrx_word' id='word_1_253' title='bbox 739 4186 843 4256; x_wconf 85' lang='lat' dir='ltr'>eius¹&#39;.</span> <span class='ocrx_word' id='word_1_254' title='bbox 882 4189 1103 4275; x_wconf 82' lang='lat' dir='ltr'>Expectabant</span> <span class='ocrx_word' id='word_1_255' title='bbox 1125 4210 1196 4255; x_wconf 89' lang='lat' dir='ltr'>enm</span> <span class='ocrx_word' id='word_1_256' title='bbox 1220 4190 1302 4255; x_wconf 91' lang='lat' dir='ltr'>sicut</span> <span class='ocrx_word' id='word_1_257' title='bbox 1320 4190 1471 4276; x_wconf 80' lang='lat' dir='ltr'>pluviam,</span> 
     </span>
     <span class='ocr_line' id='line_1_31' title="bbox 306 4300 1473 4395; baseline 0 -24"><span class='ocrx_word' id='word_1_258' title='bbox 306 4312 336 4373; x_wconf 90' lang='lat' dir='ltr'>et</span> <span class='ocrx_word' id='word_1_259' title='bbox 355 4329 391 4375; x_wconf 91' lang='lat' dir='ltr'>us</span> <span class='ocrx_word' id='word_1_260' title='bbox 413 4330 504 4377; x_wconf 90' lang='lat' dir='ltr'>sunm</span> <span class='ocrx_word' id='word_1_261' title='bbox 528 4307 714 4395; x_wconf 89' lang='lat' dir='ltr'>aperiebant</span> <span class='ocrx_word' id='word_1_262' title='bbox 735 4307 826 4391; x_wconf 89' lang='lat' dir='ltr'>quasi</span> <span class='ocrx_word' id='word_1_263' title='bbox 847 4306 889 4371; x_wconf 89' lang='lat' dir='ltr'>ad</span> <span class='ocrx_word' id='word_1_264' title='bbox 902 4305 1047 4393; x_wconf 84' lang='lat' dir='ltr'>ymbrem</span> <span class='ocrx_word' id='word_1_265' title='bbox 1062 4300 1271 4371; x_wconf 82' lang='lat' dir='ltr'>serotinnm¹⁸.</span> <span class='ocrx_word' id='word_1_266' title='bbox 1307 4304 1342 4371; x_wconf 86' lang='lat' dir='ltr'>Si</span> <span class='ocrx_word' id='word_1_267' title='bbox 1357 4306 1473 4371; x_wconf 85' lang='lat' dir='ltr'>veluis-</span> 
     </span>
     <span class='ocr_line' id='line_1_32' title="bbox 304 4420 1472 4509; baseline -0.003 -20"><span class='ocrx_word' id='word_1_268' title='bbox 304 4429 351 4489; x_wconf 90' lang='lat' dir='ltr'>set</span> <span class='ocrx_word' id='word_1_269' title='bbox 371 4424 419 4492; x_wconf 90' lang='lat' dir='ltr'>ire</span> <span class='ocrx_word' id='word_1_270' title='bbox 441 4425 482 4491; x_wconf 91' lang='lat' dir='ltr'>ad</span> <span class='ocrx_word' id='word_1_271' title='bbox 505 4444 574 4509; x_wconf 87' lang='lat' dir='ltr'>ees,</span> <span class='ocrx_word' id='word_1_272' title='bbox 603 4422 733 4491; x_wconf 88' lang='lat' dir='ltr'>sedebat</span> <span class='ocrx_word' id='word_1_273' title='bbox 754 4422 893 4509; x_wconf 90' lang='lat' dir='ltr'>primns;</span> <span class='ocrx_word' id='word_1_274' title='bbox 916 4442 1050 4507; x_wconf 90' lang='lat' dir='ltr'>cumque</span> <span class='ocrx_word' id='word_1_275' title='bbox 1072 4421 1197 4487; x_wconf 88' lang='lat' dir='ltr'>sederet</span> <span class='ocrx_word' id='word_1_276' title='bbox 1219 4420 1310 4505; x_wconf 85' lang='lat' dir='ltr'>quasi</span> <span class='ocrx_word' id='word_1_277' title='bbox 1330 4442 1388 4486; x_wconf 84' lang='lat' dir='ltr'>rex</span> <span class='ocrx_word' id='word_1_278' title='bbox 1412 4422 1472 4486; x_wconf 88' lang='lat' dir='ltr'>cir-</span> 
     </span>
    </p>
   </div>
   <div class='ocr_carea' id='block_1_4' title="bbox 373 4556 1471 4705">
    <p class='ocr_par' dir='ltr' id='par_1_6' title="bbox 373 4556 1471 4705">
     <span class='ocr_line' id='line_1_33' title="bbox 374 4556 897 4617; baseline -0.008 -12"><span class='ocrx_word' id='word_1_279' title='bbox 374 4572 396 4605; x_wconf 78' lang='lat' dir='ltr'>a.</span> <span class='ocrx_word' id='word_1_280' title='bbox 414 4558 561 4617; x_wconf 70' lang='lat' dir='ltr'>mmgsximu</span> <span class='ocrx_word' id='word_1_281' title='bbox 577 4576 598 4603; x_wconf 85' lang='lat' dir='ltr'>c.</span> <span class='ocrx_word' id='word_1_282' title='bbox 675 4556 701 4605; x_wconf 84' lang='lat' dir='ltr'>b.</span> <span class='ocrx_word' id='word_1_283' title='bbox 718 4556 860 4616; x_wconf 75' lang='lat' dir='ltr'>comparabis</span> <span class='ocrx_word' id='word_1_284' title='bbox 876 4574 897 4602; x_wconf 80' lang='lat' dir='ltr'>e.</span> 
     </span>
     <span class='ocr_line' id='line_1_34' title="bbox 373 4630 1471 4705; baseline -0.004 -14"><span class='ocrx_word' id='word_1_285' title='bbox 373 4636 572 4705; x_wconf 52' lang='lat' dir='ltr'>Lhffim</span> <span class='ocrx_word' id='word_1_286' title='bbox 662 4634 872 4703; x_wconf 54' lang='lat' dir='ltr'>QMQE</span> <span class='ocrx_word' id='word_1_287' title='bbox 962 4630 1175 4703; x_wconf 50' lang='lat' dir='ltr'>&amp;ffiffiffl</span> <span class='ocrx_word' id='word_1_288' title='bbox 1264 4630 1471 4699; x_wconf 50' lang='grc' dir='ltr'>ΔΜΆΗ</span> 
     </span>
    </p>
   </div>
   <div class='ocr_carea' id='block_1_5' title="bbox 304 4718 1470 5051">
    <p class='ocr_par' dir='ltr' id='par_1_7' title="bbox 304 4718 1470 4971">
     <span class='ocr_line' id='line_1_35' title="bbox 304 4718 1470 4793; baseline -0.001 -17"><span class='ocrx_word' id='word_1_289' title='bbox 304 4722 512 4793; x_wconf 53' lang='grc' dir='ltr'><strong>ᾱΜἋΜ.</strong></span> <span class='ocrx_word' id='word_1_290' title='bbox 619 4722 831 4792; x_wconf 50' lang='grc' dir='ltr'>ᾶωῃῶ.</span> <span class='ocrx_word' id='word_1_291' title='bbox 939 4720 1152 4791; x_wconf 55' lang='lat' dir='ltr'>thffi</span> <span class='ocrx_word' id='word_1_292' title='bbox 1259 4718 1470 4789; x_wconf 52' lang='lat' dir='ltr'>fflmwst</span> 
     </span>
     <span class='ocr_line' id='line_1_36' title="bbox 304 4808 1470 4883; baseline 0 -20"><span class='ocrx_word' id='word_1_293' title='bbox 304 4812 512 4883; x_wconf 50' lang='lat' dir='ltr'>amam</span> <span class='ocrx_word' id='word_1_294' title='bbox 602 4811 830 4881; x_wconf 57' lang='lat' dir='ltr'>MMQQ</span> <span class='ocrx_word' id='word_1_295' title='bbox 920 4808 1149 4880; x_wconf 44' lang='lat' dir='ltr'>aman</span> <span class='ocrx_word' id='word_1_296' title='bbox 1241 4808 1470 4879; x_wconf 49' lang='lat' dir='ltr'>mmmm</span> 
     </span>
     <span class='ocr_line' id='line_1_37' title="bbox 305 4900 533 4971; baseline 0.009 -18"><span class='ocrx_word' id='word_1_297' title='bbox 305 4900 533 4971; x_wconf 45' lang='lat' dir='ltr'>mma&amp;</span> 
     </span>
    </p>

    <p class='ocr_par' dir='ltr' id='par_1_8' title="bbox 467 4992 1258 5051">
     <span class='ocr_line' id='line_1_38' title="bbox 467 4992 1258 5051; baseline -0.008 -16"><span class='ocrx_word' id='word_1_298' title='bbox 467 5022 472 5035; x_wconf 82' lang='grc'><strong><em>.</em></strong></span> <span class='ocrx_word' id='word_1_299' title='bbox 1196 4992 1258 5051; x_wconf 64' lang='grc'>361</span> 
     </span>
    </p>
   </div>
   <div class='ocr_carea' id='block_1_6' title="bbox 0 0 2176 6034">
    <p class='ocr_par' dir='ltr' id='par_1_9' title="bbox 0 0 2176 6034">
     <span class='ocr_line' id='line_1_39' title="bbox 0 0 2176 6034; baseline 0 7"><span class='ocrx_word' id='word_1_300' title='bbox 0 0 2176 6034; x_wconf 95' lang='lat' dir='ltr'> </span> 
     </span>
    </p>
   </div>
  </div>
 </body>
</html>
