4342 6034
650 824 715 891 164
898 841 1119 890 anonumum
1141 843 1185 888 nn
1206 841 1310 888 tunm
1332 839 1520 889 nrmuonnn
1543 839 1574 889 es

478 1004 503 1045 e.
516 982 778 1066 ἰω-1461111811,
802 981 858 1048 sed
879 982 948 1050 sola
968 983 1158 1050 nenessitate
1181 987 1310 1066 cogente
1333 1001 1569 1066 nonnumquam
1590 985 1621 1048 te
1636 981 1720 1048 inter
1735 981 1820 1068 ipsos

646 1098 853 1164 habitantem.
905 1097 1027 1185 Nempe
1060 1098 1263 1165 Hieronimus
1298 1097 1358 1163 ait:
1401 1097 1442 1162 In
1477 1097 1640 1184 euanpelio
1674 1097 1821 1164 volontas

647 1218 820 1301 quaeritur,
845 1237 935 1300 quoe,
960 1217 991 1280 si
1012 1218 1106 1280 etiam
1128 1215 1267 1300 effectam
1288 1235 1354 1279 noa
1377 1215 1530 1294 debuerit,
1556 1227 1660 1280 tamon
1682 1217 1822 1300 praemi·

645 1353 700 1395 um
721 1353 786 1395 non
808 1333 924 1396 amdtit
932 1325 949 1394 ¹.
984 1328 1104 1406 Quodsi
1127 1329 1175 1394 his
1199 1329 1398 1412 coniungeris
1423 1328 1511 1394 verbi
1532 1329 1652 1412 gratia:
1678 1329 1734 1413 „in
1748 1349 1823 1416 per·

646 1445 791 1532 ceptione
812 1444 954 1512 ciborum
976 1444 1027 1510 rel
1041 1445 1075 1510 in
1091 1445 1322 1512 cohabitatione
1337 1442 1431 1528 loei“‚
1456 1463 1559 1510 nonne
1574 1443 1638 1528 ille,
1662 1443 1718 1530 qni
1736 1463 1823 1528 „non

645 1561 733 1628 venit
755 1581 867 1627 votare
889 1556 1030 1626 iustos“²
1053 1565 1085 1627 et
1107 1560 1246 1645 reliqua,
1269 1561 1338 1628 ibat
1360 1561 1401 1627 ad
1423 1560 1569 1627 convivia
1589 1553 1823 1646 pensatornm⁸,

646 1681 683 1742 nt
709 1678 905 1743 ooeasionem
933 1676 1064 1743 haberet
1092 1675 1244 1743 docendi?
1279 1672 1377 1742 And:
1416 1676 1470 1760 „in
1499 1695 1552 1759 eo,
1581 1673 1666 1761 quod
1694 1675 1824 1741 mixtim

646 1791 734 1858 adiro
756 1812 863 1876 regem
884 1792 1044 1859 interdum
1068 1793 1188 1858 debetis
1211 1797 1244 1858 et
1265 1811 1323 1879 pro
1346 1811 1425 1878 paee
1448 1789 1682 1858 aeoelesiastina
1702 1791 1825 1876 paritor

646 1907 826 1994 depredari,
851 1908 925 1993 quia
946 1909 1010 1994 ipsi
1031 1915 1068 1974 ut
1088 1909 1157 1974 reri
1178 1912 1323 1994 pastores
1346 1907 1532 1994 plerumque
1555 1926 1614 1993 pro
1637 1905 1750 1972 ovibus
1775 1907 1825 1972 in·

645 2024 803 2090 tervenire
827 2043 861 2090 se
882 2021 1038 2107 fingunt“‚
1062 2023 1201 2110 primum
1229 2023 1372 2108 quidem·
1395 2021 1591 2108 implendum
1623 2041 1708 2106 esse,
1738 2021 1825 2106 quod

646 2140 800 2226 seriptum
823 2143 882 2223 ost,
906 2139 1059 2206 sciamus:
1085 2139 1216 2206 Subdiu
1238 2153 1330 2206 estote
1353 2143 1440 2204 omni
1456 2140 1591 2204 dumos
1606 2134 1824 2204 ordinationi⁵

647 2255 837 2339 etreliqua,
867 2261 912 2321 et:
945 2256 1097 2321 Omnibus
1121 2257 1328 2342 potestestas
1356 2249 1611 2320 sublimioridas⁸
1634 2253 1822 2338 etreliqua

647 2369 771 2437 Deinde
793 2370 1057 2437 musiderandum
1079 2375 1143 2437 est:
1173 2371 1248 2456 quia
1269 2370 1434 2457 proposita
1456 2375 1505 2436 est
1527 2367 1700 2435 similitudo
1723 2368 1826 2435 tritioi

648 2491 681 2552 et
708 2480 920 2552 zizaniorum²
948 2485 988 2551 de
1016 2485 1228 2571 permixtione
1260 2485 1416 2551 malorum
1446 2487 1540 2569 atque
1568 2485 1732 2554 bonorum.
1781 2485 1826 2552 m

647 2605 768 2668 mundo
791 2616 819 2668 et
839 2603 995 2668 inmunda
1017 2603 1182 2684 animalia,
1206 2605 1242 2667 ut
1265 2601 1311 2666 ait
1324 2599 1532 2685 Augustinus
1554 2605 1701 2668 innuisse
1715 2603 1751 2667 ia
1768 2625 1825 2666 as*-

650 2740 721 2783 cam
743 2711 914 2805 lepuatar⁸.
952 2718 1064 2804 Neque
1087 2722 1179 2798 enim,
1206 2739 1401 2804 quocumque
1425 2717 1525 2798 libuit,
1549 2721 1749 2784 domnamant
1771 2721 1825 2784 ia·

632 2836 770 2899 ‘manda
791 2834 962 2914 aninsolae„
992 2855 1086 2899 arcae
1110 2856 1249 2920 eoapaqe
1272 2835 1453 2918 confracto,
1483 2835 1538 2899 sed
1560 2856 1597 2899 ea
1618 2837 1743 2918 intepro
1762 2855 1827 2920 per

649 2973 748 3016 asum
769 2964 864 3037 atque
890 2951 974 3014 iden
1001 2952 1130 3029 eodum,
1163 2951 1249 3036 qood
1277 2950 1395 3034 amfoss
1413 2950 1549 3034 fecerat.
1640 2949 1717 3015 Non
1741 2955 1827 3015 enim

635 3053 753 3151 'inquit
769 3089 832 3154 per
846 3067 903 3132 das
917 3065 1139 3131 similitudines
1155 3077 1184 3130 et
1195 3067 1468 3151 pronuntiationes
1484 3065 1651 3131 eonditum
1665 3064 1827 3132 desidiae*

650 3183 739 3247 tono
762 3184 871 3248 wana
893 3195 947 3263 est,
972 3203 1037 3268 qao
1058 3181 1224 3268 neplepaat
1246 3183 1332 3267 quod
1348 3181 1518 3268 prodidere
1540 3182 1658 3262 debeat,
1682 3183 1739 3246 aod
1756 3206 1825 3269 po-

650 3301 785 3379 tientiaa,
811 3319 875 3384 qua
892 3297 1070 3384 perferant,
1095 3297 1185 3362 salva
1207 3299 1352 3362 doctum
1373 3301 1525 3379 veritates,
1551 3299 1636 3384 qaod
1659 3299 1829 3365 onaendare

650 3436 715 3478 aon
736 3413 850 3479 vadat.
888 3411 969 3478 Item
991 3411 1082 3477 dieit:
1107 3410 1187 3478 Gom
1211 3431 1286 3496 ergo
1309 3411 1508 3479 inveniamus
1530 3413 1565 3478 in
1588 3412 1741 3480 aeeclesia
1754 3434 1827 3482 ma·

649 3525 713 3613 ios,
743 3548 821 3612 quos
850 3527 1083 3594 aeeelesiastiea
1111 3527 1278 3614 disciplina
1311 3527 1468 3612 corrigere
1505 3535 1561 3595 aut
1587 3549 1732 3596 ooeroere
1760 3551 1829 3597 non

650 3663 828 3730 possumus,
851 3650 928 3710 tune
949 3663 990 3710 ne
1013 3643 1163 3709 ascendat
1184 3642 1218 3708 in
1242 3663 1295 3710 eor
1316 3649 1461 3710 nostrum
1483 3645 1584 3731 impia
1599 3651 1631 3712 et
1645 3645 1830 3732 pernitiosa

649 3759 885 3847 praesumptio,
909 3779 972 3845 qua
994 3759 1210 3826 existimemus
1233 3777 1291 3826 nos
1315 3759 1354 3826 ab
1377 3759 1426 3826 his
1444 3777 1520 3828 ‘esse
1548 3761 1758 3848 separandos,
1792 3767 1830 3829 nt

650 3875 787 3961 peccatis
810 3895 918 3942 eorum
941 3895 1006 3941 non
1029 3875 1294 3961 coinquinemur⁸‚
1324 3881 1417 3960 atque
1445 3876 1492 3942 ita
1520 3882 1594 3963 post
1614 3897 1673 3943 nos
1696 3876 1829 3945 uehere

651 4010 799 4058 donemur
820 3991 919 4058 veluti
941 3991 1075 4058 mundos
1099 3997 1285 4076 sanctosque
1308 3991 1496 4078 discipulos,
1525 3991 1565 4058 ab
1594 3991 1725 4060 unitatis
1750 4011 1830 4060 oon·

650 4125 732 4192 page
755 4108 846 4192 quasi
868 4129 889 4174 a
909 4106 1064 4174 malorum
1081 4107 1238 4174 consortio
1254 4113 1443 4191 segregatos.
1535 4107 1672 4175 Veniant
1686 4108 1720 4174 in
1735 4129 1830 4176 men-

650 4226 716 4288 tem
737 4223 811 4291 illae
833 4223 873 4290 de
895 4224 1061 4310 seripturis
1084 4223 1323 4308 similitudines,
1348 4225 1462 4310 quibus
1486 4223 1737 4291 demonstratum
1759 4231 1829 4293 est:

724 4395 744 4429 a
765 4395 819 4441 ergo
836 4387 862 4432 C.
938 4384 961 4431 1).
982 4383 1092 4430 dissidiae
1110 4387 1144 4440 M,
1162 4401 1218 4431 corr.
1234 4385 1257 4430 ia
1273 4383 1376 4430 desidiae
1395 4385 1420 4432 C.
1499 4397 1519 4430 e.
1539 4385 1682 4444 inquinemur
1698 4385 1725 4432 C.

723 4489 748 4542 1.
770 4487 931 4558 Hieronymi
954 4488 1142 4543 commentarii
1159 4487 1188 4543 in
1206 4487 1375 4543 Matthaeum
1394 4489 1425 4543 L.
1438 4487 1460 4558 1,
1479 4503 1539 4558 oap.
1555 4489 1588 4542 11
1606 4503 1678 4544 vers.
1691 4487 1735 4558 30,
1755 4487 1829 4560 Opp.

651 4575 696 4631 ed.
716 4575 868 4632 vallarsius
891 4575 989 4634 nvn
1007 4577 1050 4632 ⁷5.
1149 4578 1175 4632 2.
1198 4577 1294 4633 Mattn
1312 4577 1343 4647 9,
1364 4578 1411 4632 13:
1437 4577 1519 4647 „Non
1542 4577 1615 4632 enim
1638 4577 1702 4632 veni
1724 4593 1832 4634 vooare

651 4665 751 4734 iustos,
775 4665 826 4720 sod
847 4664 1039 4735 peecatores“.
1137 4667 1162 4721 3.
1181 4667 1215 4722 V.
1234 4665 1369 4736 nsaht,
1385 4665 1427 4722 11.
1517 4666 1543 4721 4.
1567 4681 1605 4721 so.
1627 4665 1672 4737 „ei
1694 4665 1738 4721 his
1762 4681 1831 4723 oon·

651 4752 803 4823 iungeris“.
875 4754 1166 4825 5.v.1Peu.a,1e.
1238 4758 1263 4812 6.
1282 4755 1317 4812 V.
1330 4755 1408 4811 Rom.
1422 4755 1465 4823 13,
1476 4754 1500 4809 1.
1574 4755 1599 4810 1.
1618 4753 1714 4810 nauh.
1728 4755 1772 4824 13,
1782 4757 1831 4812 25.

651 4843 677 4897 8.
700 4842 875 4911 Augustinus
892 4841 927 4898 de
944 4841 1013 4898 Fide
1031 4847 1060 4899 et
1077 4843 1206 4913 operibus
1223 4843 1303 4914 (Opp.
1321 4843 1365 4899 ed.
1377 4842 1549 4899 Benedictint
1567 4841 1744 4915 Antwerpiae
1755 4845 1831 4902 1701
