4342 6034
576 778 657 825 vm
679 777 834 825 ARNOLDI
856 777 1119 827 Ancmrmcom
1141 776 1336 826 moduinum
1474 761 1539 827 633

366 919 498 987 cellaria
518 918 702 1003 clibanario,
726 923 869 987 sabama
889 920 1090 1006 prestiterat·
1113 919 1251 987 civitatis
1273 920 1440 987 conditiol.
1470 919 1629 987 Hiis1159

364 1035 466 1117 igitur
487 1034 622 1119 lalaugis
643 1036 818 1103 talibuene⁶
840 1036 954 1103 castris
976 1034 1034 1101 filii
1048 1034 1188 1119 Mangoti
1211 1036 1357 1103 instructi
1379 1056 1452 1102 cum
1473 1038 1540 1103 suis

364 1150 521 1218 militibus
550 1158 661 1219 conus
686 1152 868 1237 episcopum
897 1151 1121 1238 properabant
1211 1150 1348 1218 ldilitss‘²
1369 1172 1444 1219 varo
1474 1152 1541 1239 epi·

365 1267 472 1353 scopi,
496 1287 536 1333 ex
559 1268 691 1335 adverso
712 1267 898 1334 festinantes
913 1303 956 1315 —
970 1267 1109 1335 habebat
1130 1268 1215 1333 enim
1237 1272 1401 1335 sexcentos
1423 1266 1540 1335 milites

365 1388 400 1449 et
423 1403 460 1449 eo
483 1383 634 1469 amplius,
662 1384 782 1470 optime
806 1383 955 1450 loricatos
978 1388 1011 1450 et
1032 1403 1141 1449 omues
1164 1384 1198 1449 in
1221 1384 1317 1451 armis
1339 1384 1539 1467 fortissimos,

365 1498 488 1583 absque
509 1498 572 1565 alia
593 1499 774 1566 admirabili
794 1482 998 1565 multitudine
1013 1536 1056 1545 -
1071 1500 1106 1565 in
1122 1519 1175 1565 eos
1189 1500 1326 1567 transire
1342 1498 1540 1583 affectabant,

364 1621 401 1681 et
423 1615 590 1701 repentino
612 1616 647 1681 in
668 1616 755 1701 ipsos
776 1616 898 1681 inuare
920 1615 1068 1682 interitu·
1092 1620 1124 1681 et
1145 1634 1208 1681 uuo
1231 1615 1352 1701 impetn
1375 1636 1428 1681 eos
1444 1617 1540 1682 truci-

294 1762 300 1773 ·
364 1730 454 1796 darc
489 1729 645 1809 Quoniam
660 1731 783 1814 vulgus,
805 1731 908 1795 omnis
922 1730 1023 1798 forme
1037 1730 1178 1814 inermis,
1194 1731 1286 1799 facile
1301 1736 1370 1797 erat
1384 1732 1418 1797 in
1432 1732 1540 1815 fugam

364 1847 519 1913 connerd.
549 1845 610 1913 Sed
626 1846 760 1912 domnus
775 1847 952 1933 episcopus,
972 1866 1102 1932 parcere
1117 1846 1313 1913 multitudini
1327 1847 1446 1931 voleus,
1462 1826 1541 1934 pan·

364 1962 466 2048 lispsr
486 1964 522 2028 in
544 1982 642 2028 uuum
665 1982 720 2029 eos
741 1962 878 2028 faciebat
891 1963 1072 2029 subsistere.
1140 1962 1184 2029 Et
1197 1963 1335 2045 buerunt,
1359 1964 1413 2048 qni
1428 1964 1541 2031 utrim-

365 2078 444 2163 que‘
476 2084 605 2164 pactum
640 2078 837 2145 faciendum⁸
869 2079 1075 2165 susciperent
1129 2077 1191 2145 Eth
1221 2078 1262 2143 ad
1293 2078 1354 2144 hoc
1386 2081 1541 2166 composi-

364 2194 464 2260 tionis
498 2194 681 2260 calculum:
717 2193 819 2280 quod¹K
845 2194 931 2260 infra
963 2194 1143 2279 quindecim
1179 2194 1246 2259 dies
1280 2199 1335 2261 ant
1369 2196 1541 2263 seeundum

364 2310 503 2394 gratiam
523 2310 574 2376 sel
587 2310 743 2376 iustitiam
759 2310 875 2377 domno
890 2312 1039 2397 episcopo
1054 2310 1237 2377 satisfacere
1252 2310 1411 2377 deberent.
1439 2310 1542 2379 Erant

364 2426 454 2493 enim
476 2426 613 2493 maiores
635 2432 668 2493 et
688 2426 904 2493 honestissimi
927 2427 989 2493 viri
1011 2433 1105 2511 terre,
1129 2426 1242 2511 quibus
1257 2427 1336 2493 satis
1351 2427 1539 2495 credendum

363 2543 481 2609 fuerat.

458 2656 528 2724 Hiis
550 2657 598 2723 ita
619 2656 799 2743 dispositis,
821 2657 1050 2724 inevitabiliter
1071 2657 1221 2741 instabat,
1245 2662 1282 2723 nt
1302 2658 1395 2725 iuxta
1415 2659 1541 2726 condic·

364 2774 449 2841 tum¹
472 2772 720 2857 wirciburgensi
742 2770 909 2860 episcopo¹
928 2773 1158 2857 Selinginstat¹¹¹
1179 2774 1410 2840 incrastinum
1433 2794 1540 2843 occur·

364 2896 468 2973 rarat,
498 2896 535 2957 ut
562 2890 591 2956 ei
613 2889 708 2955 simul
730 2894 763 2955 et
785 2909 915 2955 manum
937 2893 970 2955 et
991 2888 1240 2957 benedictionem
1263 2890 1440 2977 imponeret
1461 2910 1538 2978 pon-

363 3006 506 3074 tificatus
529 3012 562 3073 et
582 3004 812 3091 plenitudinem
834 3006 1003 3071 ministerii
1024 3005 1190 3072 conferret.

456 3120 605 3188 Protinus
619 3140 705 3205 ergo,
720 3127 758 3187 ut
770 3122 905 3187 domnus
918 3120 1182 3208 metropolitanus
1198 3121 1237 3187 de
1252 3120 1380 3188 ciuitate
1395 3140 1539 3205 egressus

362 3240 481 3321 fuerat,
503 3236 562 3322 illi
584 3244 679 3325 rupto
693 3237 810 3322 ledere,
831 3237 952 3304 violata
964 3236 1037 3321 fide,
1058 3237 1159 3304 tracto
1176 3237 1341 3303 concordie
1356 3236 1448 3322 bono,
1466 3258 1540 3305 oon·

362 3355 438 3421 fuso
461 3354 570 3439 iusque
592 3354 753 3438 nefasque,
776 3353 968 3419 unanimiter
990 3374 1062 3419 cum
1081 3358 1149 3419 toto
1164 3352 1293 3440 populo,
1318 3353 1431 3437 quibus
1447 3360 1540 3421 autea

363 3470 599 3553 indulgebatur,
621 3470 755 3536 immani
774 3474 807 3536 et
820 3468 975 3553 sacrilega
989 3470 1122 3536 audacia
1136 3470 1240 3555 ipsam
1256 3468 1383 3535 domum
1399 3470 1539 3555 Domini,

365 3586 532 3654 eeclesiam
555 3586 677 3653 scilicet
697 3588 847 3652 maiorem
855 3582 877 3669 ⁸,
898 3590 937 3651 ut
956 3586 1083 3671 abipsa
1096 3586 1250 3671 inciperet
1263 3586 1424 3670 iudicium,
1449 3604 1539 3653 oceu-

363 3707 525 3791 puveruot
540 3708 743 3769 armaverunt
758 3707 792 3768 et
804 3700 1092 3769 incastellavernut
1128 3701 1171 3769 Et
1186 3720 1292 3768 coram
1307 3700 1409 3786 altari,
1433 3722 1539 3769 coram

363 3838 479 3887 mensa
492 3818 632 3903 Domini,
655 3818 710 3885 nbi
732 3818 861 3901 sanguis
884 3821 917 3883 et
938 3836 1053 3903 corpus
1067 3818 1197 3885 Domini
1218 3817 1391 3903 conicitur,
1413 3818 1469 3885 ubi
1484 3819 1539 3885 do·

363 3936 483 4002 minice
510 3936 668 4021 passionis
695 3934 872 4001 muntium
894 3939 1174 4018 commemoratur,
1204 3932 1380 4001 officinam*
1402 3934 1539 4021 impudi-

364 4052 452 4135 citia,
475 4056 508 4117 et
529 4050 770 4119 abhominabilis
784 4048 958 4135 voluptatis
974 4048 1120 4115 lacunam
1127 4060 1149 4134 ⁰,
1172 4051 1436 4137 meretricumque
1449 4050 1540 4136 lupa-

363 4190 437 4251 nar,
452 4172 486 4233 et
497 4168 750 4233 immundissimo
764 4166 889 4232 luxurie
904 4164 1062 4249 scortique
1075 4165 1219 4233 fecerunt
1230 4166 1449 4253 prostibulum.
1473 4166 1539 4232 Ex-

363 4284 451 4368 inde,
473 4283 583 4349 omos
597 4283 727 4367 foribus,
751 4286 992 4369 prorumpentes
1006 4282 1040 4347 in
1056 4282 1194 4348 orarium
1209 4284 1309 4369 ipsine
1326 4283 1465 4366 ecclesie,
1484 4282 1539 4350 ubi

440 4466 460 4497 ι
479 4452 607 4513 praestaret
623 4452 645 4497 1.
710 4450 733 4497 b.
755 4450 868 4497 condictio
886 4453 907 4497 1.
975 4464 994 4497 a.
1014 4450 1144 4511 talibusque
1161 4452 1182 4496 2.
1250 4450 1359 4498 dmiles
1376 4452 1398 4497 2.
1466 4466 1486 4498 e.
1508 4470 1539 4497 aa

363 4533 475 4581 incursu?
535 4531 759 4592 intrusionem.
821 4544 842 4589 g.
863 4533 955 4591 pactum
970 4530 1473 4591 iacisudumscripsr‘proiactnmpacundnm
1486 4532 1538 4587 1‚s.

364 4614 390 4660 la
410 4612 553 4659 deduxerunt
567 4624 615 4658 rem
630 4613 743 4659 aedos·
758 4613 853 4658 uideam
931 4610 1053 4657 'acalrnlo
1069 4613 1091 4657 2.
1163 4610 1186 4657 k.
1206 4611 1298 4671 qnidam
1314 4612 1336 4657 2.
1407 4610 1423 4657 l.
1440 4610 1538 4657 condus·

363 4696 414 4741 an
429 4694 451 4739 i.
559 4704 590 4738 nr.
608 4690 753 4749 seliganstad
768 4692 791 4737 2
898 4704 922 4737 ιι.
943 4690 1043 4737 officinm
1058 4692 1086 4749 1,
1103 4692 1130 4749 ις
1154 4690 1268 4739 officinam
1284 4692 1377 4737 condrio
1392 4692 1538 4739 Gramine.

364 4788 388 4821 ο.
408 4772 512 4819 latum
527 4773 611 4829 serpsi
622 4788 665 4830 pro
681 4771 774 4818 lucaman
790 4773 850 4828 l‚2.

439 4878 464 4931 1.
488 4874 617 4931 Heinrico
629 4875 664 4930 ll.
754 4876 779 4929 2.
803 4873 832 4929 S.
844 4873 961 4929 Martini.

1570 1002 1619 1049 ees.
