4342 6034
663 740 730 811 480
939 729 944 739 ’
1068 758 1185 808 resero
1209 760 1235 807 s.
1253 760 1428 809 mautarn

1524 838 1544 881 a

592 911 645 969 toa
662 901 740 968 bant
761 906 904 969 saucmm
927 920 1043 988 corpus
1063 900 1182 969 ibidem
1204 920 1375 971 remanere.
1416 898 1508 967 Lullo
1538 905 1645 967 annm
1667 899 1818 967 renitent·

662 1017 940 1103 reminiscentiquo
960 1016 1141 1099 iuramenti,
1165 1016 1328 1103 apparuit,
1350 1020 1388 1081 nt
1409 1015 1534 1098 dicunt,
1556 1020 1685 1082 sanctus
1708 1015 1820 1083 cuidam
1901 1062 1902 1105 ,

663 1133 804 1219 dyacona
826 1133 954 1201 nomino
968 1132 1133 1219 Otperaht,
1157 1132 1264 1199 dicans
1287 1132 1327 1199 ad
1350 1152 1438 1198 oum:
1462 1133 1528 1199 Dio
1549 1132 1655 1216 inquit
1669 1132 1770 1213 Ledlo,
1791 1144 1821 1199 st

662 1272 766 1315 mecm
798 1272 912 1336 corpas
943 1252 987 1316 ud
1014 1250 1116 1315 locum
1145 1245 1364 1335 requietionis*
1392 1258 1474 1313 mec·
1501 1248 1685 1331 nuasfrrat.
1724 1245 1821 1313 Mults

664 1384 738 1448 ergo
766 1363 974 1432 hoaitautibus
997 1370 1030 1431 ot
1050 1384 1115 1431 uon
1138 1362 1352 1444 credentibus,
1381 1361 1441 1429 Lul
1464 1362 1735 1449 archiepiscopus,
1756 1382 1822 1429 con·

663 1486 794 1565 gregna
814 1480 1017 1546 multitudino
1037 1480 1253 1564 reliquiarum,
1276 1484 1308 1545 et
1323 1478 1399 1545 fecit
1413 1498 1483 1545 oum
1499 1479 1616 1561 iurare,
1640 1478 1724 1563 quod
1737 1478 1781 1543 ita
1793 1496 1823 1543 so

663 1595 802 1679 haberet,
825 1596 908 1661 deut
928 1595 1093 1662 referebat
1128 1595 1174 1661 At
1187 1594 1252 1677 ille,
1277 1594 1415 1661 extensis
1431 1594 1571 1679 utrisque
1586 1593 1725 1659 brachiis
1738 1612 1824 1678 super

665 1711 764 1778 altaro
792 1716 825 1778 ot
850 1711 1016 1795 reliquias,
1046 1710 1157 1777 orabat
1178 1710 1350 1777 Dominum
1379 1715 1412 1777 et
1433 1714 1558 1781 sanctos
1586 1710 1671 1793 eins,
1700 1728 1825 1794 quorum

663 1827 796 1912 reliquie
821 1827 869 1893 ibi
895 1831 1058 1913 presentes
1087 1831 1195 1910 crant,
1223 1846 1257 1893 so
1285 1826 1332 1893 ite
1360 1825 1524 1908 adurere,
1553 1831 1589 1891 ut
1617 1844 1729 1892 vorum
1751 1828 1825 1889 osset

664 1943 749 2029 quod
770 1942 903 2010 dmmat
950 1942 1091 2009 Tandem
1113 1940 1311 2009 erodentibus
1335 1942 1457 2025 comus
1480 1940 1591 2009 Lullus
1614 1940 1824 2027 archyepisco
1901 1968 1902 2005 t

663 2079 725 2145 pus
745 2061 915 2127 transitum
936 2058 998 2124 viri
1019 2057 1081 2125 Dei
1102 2056 1187 2125 ultra
1208 2056 1329 2123 Renum
1352 2055 1521 2124 honorifico
1543 2056 1687 2143 parabat
1901 2052 1902 2057 ’

686 2236 865 2316 Qualiter
894 2256 1034 2322 corpus
1063 2236 1147 2302 eius
1175 2234 1417 2301 translatum
1448 2240 1510 2302 est
1537 2234 1581 2301 de
1610 2232 1809 2318 Mogontia

1128 2352 1173 2416 ad
1200 2350 1371 2417 Fuldsm.
1901 2400 1902 2461 p

752 2474 924 2560 Postquam
947 2495 1020 2559 orgo
1037 2473 1147 2542 Lullus
1171 2475 1435 2562 archyepiscopus
1458 2480 1601 2541 sanctum
1624 2494 1740 2561 corpus
1758 2474 1827 2541 lesit
1901 2468 1902 2563 l

665 2594 698 2657 ct
717 2590 751 2655 in
775 2590 914 2675 syndone
936 2590 1084 2675 involvit,
1107 2590 1364 2657 convenientibus
1386 2590 1531 2657 omnibus
1551 2590 1737 2677 presbiteris
1759 2590 1827 2677 dye-
1901 2566 1902 2637 ἧ

665 2706 794 2772 sonibus
817 2710 849 2772 ct
872 2706 957 2771 omni
980 2704 1063 2772 clero
1085 2726 1144 2772 noc
1166 2727 1229 2772 non
1252 2704 1396 2773 fidelibus
1419 2704 1519 2790 laisla,
1544 2706 1597 2791 qui
1613 2706 1698 2772 ultra
1713 2706 1827 2773 Renum

664 2820 817 2906 habitant,
841 2822 875 2887 in
897 2842 1005 2905 unum,
1028 2822 1168 2888 levatum
1192 2828 1240 2889 est
1262 2824 1296 2888 in
1317 2824 1449 2905 feretro,
1473 2820 1585 2887 leviori
1607 2826 1644 2887 nt
1665 2822 1772 2888 lerunt
1793 2820 1826 2886 ed

664 2937 771 3003 nasim
793 2958 903 3021 onore,
932 2958 1025 3022 quam
1057 2944 1151 3004 antea
1173 2938 1212 3004 do
1234 2959 1314 3004 navo
1337 2944 1512 3025 portarunt
1548 2936 1591 3003 Et
1612 2942 1704 3003 tanta
1726 2936 1826 3003 multi·

664 3052 740 3119 tudo
755 3052 919 3119 hominum
933 3054 1123 3139 naviumque
1138 3059 1214 3120 tunc
1229 3054 1348 3137 ederat,
1366 3062 1402 3119 ut
1415 3050 1537 3119 Renum
1553 3054 1706 3139 operiret3
1726 3072 1825 3120 eorum

665 3168 799 3255 quippe,
827 3170 881 3255 qui
910 3168 951 3235 ad
977 3169 1218 3236 translationem
1247 3170 1348 3235 sancti
1377 3170 1438 3234 viri
1461 3174 1681 3235 convenerant
1723 3168 1766 3235 Et
1786 3168 1825 3233 sic
1901 3174 1902 3259 l

664 3304 736 3350 cum
758 3285 864 3371 ymnis
887 3290 920 3351 et
941 3284 1127 3371 psalmodiis
1150 3290 1299 3371 utrasque
1320 3284 1492 3371 implevere
1514 3286 1612 3371 ripas,
1636 3305 1735 3369 usque
1758 3284 1823 3349 dnm

666 3400 790 3467 obviam
818 3399 971 3468 haberent
999 3421 1071 3467 cum
1098 3400 1281 3485 coniugibus
1305 3406 1337 3467 et
1358 3400 1466 3467 liberis
1489 3421 1613 3467 omnem
1636 3400 1823 3467 nobilitatem

665 3514 875 3582 orientalium.
915 3515 1158 3599 Egredieutibus
1190 3516 1287 3599 igitur
1314 3516 1353 3592 de
1382 3517 1457 3583 navi
1486 3514 1578 3582 Lullo
1606 3523 1639 3583 ot
1667 3516 1823 3582 comitibus

666 3632 749 3716 eius,
772 3632 881 3697 statim
902 3631 1106 3697 miscentibus
1129 3652 1163 3698 se
1185 3631 1302 3716 turbis,
1325 3632 1436 3716 ingens
1458 3631 1561 3698 luctus
1584 3632 1752 3713 attollitur3
1776 3628 1824 3695 alii

665 3767 724 3835 pro
744 3746 860 3830 gaudio
883 3752 977 3831 atquo
998 3746 1073 3812 lidei
1094 3748 1243 3833 puritate,
1267 3747 1322 3813 alii
1344 3768 1401 3834 pro
1417 3768 1539 3815 merore
1555 3752 1586 3813 et
1601 3747 1718 3815 dolore.
1747 3744 1823 3811 Exin

665 3861 807 3929 levantes
828 3862 966 3928 loculum
984 3861 1094 3929 Lullus
1117 3862 1370 3951 archiepiscopus
1393 3864 1500 3949 etqui
1523 3863 1552 3929 oi
1575 3864 1609 3929 in
1632 3865 1755 3931 obviam
1776 3882 1822 3927 vo·

666 3976 801 4045 norunt*
822 4001 1045 4059 ..........;
1073 3978 1243 4065 cyterioros
1267 3984 1387 4062 sutem,
1410 3984 1607 4046 transnatato
1630 4001 1721 4047 amno
1742 3978 1821 4059 Rani,

665 4092 828 4161 redierunt
848 4094 882 4159 iu
905 4114 971 4160 sua
1007 4094 1060 4161 Sic
1082 4114 1205 4179 quoque
1226 4116 1377 4182 prospere
1396 4115 1453 4181 per
1468 4096 1583 4179 omnia,
1607 4094 1740 4162 Domino
1753 4093 1822 4159 diri·

667 4216 760 4295 gente
782 4230 925 4277 necnon
947 4210 1152 4295 gubernante,
1176 4216 1314 4295 mentes,
1337 4211 1427 4277 utin
1451 4210 1595 4276 omnibus
1617 4211 1694 4278 locis
1715 4208 1820 4293 inqui·

667 4326 726 4394 bus
754 4326 887 4411 contigit
917 4326 1085 4393 meridiare
1107 4326 1174 4391 sivo
1196 4332 1338 4411 nectere,
1369 4326 1459 4409 signe
1481 4326 1581 4392 crucis
1604 4326 1819 4414 imprimerent,

668 4462 705 4510 ac
727 4440 1001 4531 Triumphatorem
1023 4442 1163 4507 omnium
1186 4442 1220 4507 in
1240 4462 1296 4508 suo
1312 4442 1492 4525 agonitheta
1505 4442 1743 4529 triumphantes.
1765 4436 1818 4505 Sed

668 4564 701 4626 ot
721 4558 756 4624 in
778 4558 964 4645 quibusdam
987 4577 1094 4623 eorum
1117 4556 1195 4623 locis
1217 4576 1301 4623 nunc
1319 4558 1447 4623 ecclesie
1462 4564 1638 4624 conabucte
1653 4560 1816 4625 comuntur.

667 4672 753 4741 Dum
775 4680 884 4740 summ
906 4678 1035 4740 ventum
1058 4678 1107 4740 est
1129 4672 1170 4739 ad
1191 4673 1373 4741 introitum·
1388 4672 1467 4741 silvo
1480 4672 1663 4761 Bocbonyo‚
1686 4672 1817 4739 mulieres

740 4830 760 4862 a
781 4816 923 4862 mtinontic.
999 4816 1022 4863 h.
1042 4816 1213 4877 raquitimiae.
1290 4828 1310 4863 c.
1330 4828 1403 4863 mac.
1480 4816 1503 4862 d.
1524 4814 1816 4864 tenimentum·

668 4908 691 4943 ο.
710 4894 847 4943 thamnan
862 4914 883 4942 c.
