4342 6034
583 806 610 855 e.
627 807 803 857 somnum
824 808 870 857 mr
891 809 993 857 nunno
1015 808 1202 857 sumnonem
1227 810 1272 855 roa
1447 792 1511 858 aot

361 944 461 1013 sdboet
486 952 617 1035 propter
644 948 744 1033 bigne
774 968 879 1017 meum
910 969 1041 1036 eorpus,
1075 952 1202 1017 misisti.
1249 950 1339 1031 Quod
1367 950 1514 1019 videlieet
1532 960 1673 1015 too-too

360 1063 550 1149 omnipotenti
572 1062 640 1131 Deo
663 1070 696 1131 at
718 1065 811 1133 beato
833 1064 932 1132 Panlo
954 1066 1098 1152 apostolo
1122 1067 1161 1133 ad
1184 1068 1379 1133 induendum
1402 1067 1512 1151 altare,

359 1179 427 1263 qnod
445 1179 480 1245 in
502 1179 570 1246 eine
593 1179 726 1247 eoelesia
748 1181 816 1248 Deo
838 1186 1055 1249 commatum
1078 1188 1143 1266 est,
1167 1202 1239 1249 anm
1261 1204 1376 1266 magno
1398 1184 1513 1267 gaudio

358 1294 429 1377 dedi3
456 1297 533 1381 quin
560 1302 592 1363 at
613 1316 671 1381 ego
693 1296 752 1364 sub
774 1298 843 1364 eius
866 1298 1061 1384 protentione
1082 1299 1117 1365 in
1138 1298 1199 1365 boo
1220 1300 1412 1365 monasterio
1435 1319 1513 1385 qua·

356 1410 487 1495 draginta
508 1417 542 1478 et
562 1432 620 1479 sex
642 1433 741 1479 annos
764 1414 840 1479 viri

429 1526 521 1595 Nune
547 1548 638 1613 vero,
667 1530 744 1614 quia
763 1531 885 1613 rogasti
906 1529 1028 1615 aliquid
1049 1531 1089 1600 de
1112 1530 1270 1617 opusculis
1293 1530 1378 1597 beati
1401 1532 1512 1617 patris,

356 1662 415 1709 oum
434 1645 514 1710 meis
535 1646 643 1731 pueris
664 1646 756 1711 iuxta
776 1647 872 1730 vires,
896 1647 980 1731 quod
1002 1648 1103 1733 potui,
1127 1652 1200 1713 tuae
1223 1646 1384 1713 dilectioni
1398 1664 1512 1733 prepa-

353 1760 425 1825 rari:
452 1753 578 1827 libellos
599 1762 639 1827 de
660 1763 730 1829 uiro
752 1762 812 1829 Dei
835 1762 1012 1829 Gudbermo
1021 1759 1039 1847 ¹,
1069 1768 1171 1829 metro
1194 1768 1227 1828 et
1248 1782 1345 1849 prosa
1367 1763 1512 1849 oonposi·

353 1871 416 1959 tos',
439 1882 515 1943 tuae
537 1876 692 1944 uoluntati
714 1878 826 1945 direxi.
860 1878 918 1961 Et,
941 1879 970 1943 si
992 1878 1063 1965 plue
1085 1879 1275 1965 potuissem,
1299 1879 1434 1945 libenter
1457 1898 1511 1944 vo·

351 1990 476 2059 lumem.
523 1994 604 2072 Quia
635 1996 812 2080 presentia·
840 1994 984 2081 preteriti
1010 1994 1124 2061 hiemis
1154 1994 1289 2061 multum
1318 1994 1511 2061 horribiliter

352 2108 474 2177 insulam
504 2116 631 2177 nostrae
657 2111 778 2195 gentis,
807 2111 842 2177 iu
863 2110 981 2195 frigore
1004 2117 1036 2177 et
1057 2110 1131 2195 gelu
1154 2116 1374 2178 attentorum
1398 2116 1430 2177 et
1452 2112 1511 2177 im-

352 2224 441 2292 brimn
463 2226 624 2314 probabis,
647 2227 702 2293 diu
722 2227 848 2312 lateque
870 2226 1037 2313 depressit,
1059 2227 1193 2313 ideoque
1208 2227 1372 2314 seripturis
1388 2246 1511 2311 manns,

350 2360 383 2408 ne
402 2343 434 2408 in
455 2343 668 2430 plurimorum
690 2342 844 2408 librorum
865 2362 1032 2408 numerum
1059 2343 1256 2429 perveniret,
1286 2343 1509 2409 retardaretur.

427 2459 493 2526 Sed
520 2466 554 2525 et
581 2464 653 2526 ante
681 2478 737 2525 sex
766 2478 865 2525 anuos
893 2478 951 2545 per
974 2458 1115 2525 Hnnvini
1145 2479 1250 2526 meum
1279 2458 1510 2547 presbyterum,

349 2574 414 2641 ilua
434 2576 477 2643 ad
497 2580 605 2643 resne
625 2574 696 2641 looa
717 2574 936 2641 serenantem
952 2579 984 2641 et
996 2574 1131 2641 &mam
1146 2575 1253 2642 videre
1268 2576 1510 2659 desiderantem,

350 2690 444 2777 dique
465 2693 718 2779 pervasionis,
741 2690 884 2759 cultellos
907 2692 1054 2759 videlieet
1076 2695 1121 2758 20
1144 2697 1177 2759 ot
1198 2712 1338 2775 gunnam
1361 2692 1401 2761 de
1420 2690 1511 2777 pelli·

349 2806 398 2874 bus
417 2808 576 2875 lutrarum
597 2808 732 2891 buum,
755 2813 830 2874 tuae
850 2808 1044 2875 maternitati
1066 2808 1150 2874 misi.
1196 2806 1252 2875 llle
1276 2828 1400 2893 quoque
1422 2828 1510 2893 pres-

347 2922 428 3009 byter
449 2924 610 3009 Hunrini,
638 2924 679 2989 ad
706 2923 818 2990 urbem
846 2944 907 3008 que
929 2929 1060 2991 voomnr
1080 2924 1290 2991 Beniventum
1312 2924 1510 3009 perveniens,

347 3039 442 3108 ibide
464 3042 527 3108 bae
547 3040 618 3107 lnee
638 3041 797 3123 migrauit
842 3041 1042 3129 Quapropter
1072 3060 1174 3125 neque
1203 3060 1261 3126 per
1287 3038 1378 3105 illum
1408 3058 1510 3125 neque

347 3176 396 3241 per
415 3164 544 3225 tuorum
566 3156 715 3241 aliquem,
737 3162 845 3223 utrum
868 3158 909 3224 ad
931 3162 964 3224 te
984 3156 1049 3223 ieta
1061 3156 1274 3243 peruenirent,
1297 3156 1363 3221 ulla
1377 3174 1509 3241 respon·

346 3272 386 3339 oio
406 3292 559 3359 umquam
580 3272 660 3339 mibi
682 3274 807 3340 reddita
833 3278 891 3340 est
981 3271 1053 3340 Duo
1082 3292 1157 3341 vero
1185 3272 1285 3359 pallia
1311 3270 1510 3339 subtilissimi

347 3390 457 3476 operis,
483 3410 585 3456 unum
607 3388 672 3457 albi
694 3390 775 3457 alter
797 3390 890 3457 bnoti
911 3389 1042 3473 eoloris,
1066 3408 1139 3455 oum
1161 3387 1294 3473 libellis,
1324 3393 1356 3455 et
1378 3387 1508 3473 ulutatu,

345 3505 462 3589 qualem
485 3505 547 3573 adl
569 3526 700 3572 menum
721 3506 829 3588 habui,
852 3510 926 3573 torae
947 3505 1133 3592 paternitati
1154 3505 1282 3571 mittere
1304 3504 1509 3571 auravimnst

422 3622 619 3708 Protomae,
647 3627 684 3688 ut
710 3642 814 3689 meam
842 3621 895 3688 ot⁴¹
922 3622 1110 3708 petitionem
1139 3628 1172 3689 et
1197 3621 1418 3688 nenessitatem
1446 3640 1511 3686 non

345 3756 479 3823 spernas.
519 3738 691 3823 sintque
714 3738 811 3803 bomo
829 3738 863 3803 in
886 3743 943 3803 tna
964 3738 1008 3803 sit
1028 3738 1206 3824 parroohia,
1231 3738 1285 3822 qui
1307 3738 1410 3803 vitrea
1431 3756 1509 3802 vasa

343 3852 416 3921 bene
428 3855 542 3942 'possit
563 3856 676 3938 faeere,
699 3874 772 3921 enm
794 3858 920 3940 tempus
944 3854 1097 3937 adrideat,
1121 3852 1199 3919 mibi
1215 3854 1343 3920 mittere
1358 3852 1507 3936 digneris.

342 3970 404 4038 Aut
429 3974 459 4039 ei
485 3972 622 4038 tortasse
648 3970 733 4037 ultre
760 3969 839 4037 lines
866 3974 917 4038 est
942 3971 977 4036 in
1006 3974 1163 4057 potestate
1193 3969 1357 4036 ouinsdnm
1380 3969 1510 4043 altedm

342 4086 406 4154 sine
427 4093 486 4155 tua
506 4087 689 4175 panonnia,
711 4106 805 4171 rogo,
828 4093 865 4153 ut
883 4086 1068 4153 baternitas
1091 4092 1147 4153 tna
1168 4086 1216 4152 illi
1239 4086 1386 4169 suadeat,
1409 4092 1446 4153 ut
1469 4084 1509 4151 ad

341 4224 395 4269 noe
421 4224 524 4290 usque
551 4204 724 4291 perveniat
770 4202 851 4281 Quia
878 4202 1019 4271 eiusdem
1042 4202 1120 4269 artis
1143 4202 1247 4287 ignari
1269 4207 1301 4268 et
1323 4203 1434 4289 inopes
1457 4222 1509 4269 sn·

342 4338 417 4387 mus
464 4319 557 4387 Etsi
579 4320 796 4387 bonfortasse
822 4320 991 4403 eontingit‚
1021 4324 1059 4385 ut
1086 4318 1200 4403 aliquis
1224 4318 1263 4385 de
1285 4296 1361 4383 vitri
1382 4318 1509 4385 laetori-

342 4434 396 4501 bns
422 4456 497 4503 enm
523 4442 582 4503 tua
608 4436 774 4520 diligentia
795 4434 864 4503 Deo
891 4434 1016 4502 uolente
1039 4435 1081 4501 ad
1102 4454 1162 4504 nos
1184 4452 1284 4519 usque
1305 4436 1414 4501 venire
1437 4452 1509 4521 per·

342 4553 493 4638 mittatur,
513 4572 587 4620 oum
601 4552 738 4637 benigna
751 4552 1003 4637 mansuetudine,
1025 4552 1092 4618 uita
1107 4552 1231 4637 munite,
1254 4552 1345 4618 illum
1360 4552 1507 4637 suseipio.

409 4722 682 4783 superaeternum
757 4720 891 4769 ntrdr.
970 4720 1185 4769 uonrnbimusV.
1262 4720 1376 4769 duty.

409 4829 435 4882 1.
459 4828 589 4898 episeopo
607 4823 830 4897 lindisfarnensi,
846 4825 895 4896 qui
909 4823 981 4881 obiit
997 4841 1023 4880 ι
1034 4826 1097 4881 eet.
1168 4827 1195 4881 9.
1215 4826 1250 4883 V.
1269 4824 1364 4881 Bedae
1381 4838 1444 4895 opp.
1463 4823 1507 4880 ed.

343 4910 473 4973 bdoelV
490 4917 614 4987 mauu
