4342 6034
572 790 599 839 s.
616 790 792 839 normann
814 792 858 839 nr
880 792 982 839 nnnvn
1004 790 1294 839 creponensem
1455 775 1518 841 177

359 931 498 999 adiuvant
520 952 594 1018 opes
618 936 761 999 terrenae
783 932 816 998 in
839 932 890 999 die
905 932 1062 999 vindictae
1071 928 1090 1016 ¹,
1113 934 1141 1000 si
1157 936 1203 1001 eis
1218 933 1313 1000 homo
1327 932 1411 999 male
1425 938 1518 1000 utens
1537 940 1678 997 744-747

357 1052 543 1133 praesentem
563 1047 681 1115 finierit
695 1049 809 1129 vitam3
834 1067 905 1114 eum
928 1054 1159 1134 postmortem
1182 1050 1323 1135 corporis
1346 1049 1381 1113 in
1403 1068 1519 1135 penam

357 1164 470 1230 animae
492 1164 640 1231 ceciderit
656 1169 826 1231 aeternam.
895 1163 953 1229 His
970 1184 1044 1247 ergo
1060 1164 1337 1248 admonitionibus,
1360 1164 1407 1230 fili
1422 1167 1519 1231 caris·

357 1280 442 1363 sime,
467 1279 623 1365 inbutus,
646 1300 738 1365 rogo,
761 1285 798 1347 ut
820 1280 1003 1363 adquiescas
1027 1280 1114 1346 sanis
1136 1280 1333 1347 sermonibus
1356 1280 1436 1365 legis
1459 1281 1520 1347 Dei

356 1400 384 1461 et
403 1396 538 1479 corrigas
561 1396 660 1462 vitam
682 1400 780 1461 tuam.
817 1395 936 1462 Desere
954 1396 1042 1479 vitia,
1067 1402 1100 1462 et
1114 1396 1254 1462 studium
1268 1397 1406 1483 inpende
1421 1396 1520 1463 sacris

356 1510 513 1577 virtutibus
542 1511 772 1598 adimplendis3
808 1512 915 1596 sicque
948 1512 982 1577 in
1016 1512 1076 1578 hoc
1104 1512 1222 1577 mundo
1252 1532 1404 1599 prospere
1432 1514 1520 1579 vives

356 1631 383 1691 et
405 1628 437 1692 in
464 1627 572 1695 futuro
601 1628 778 1715 praemium
804 1628 1004 1713 consequeris
1027 1629 1266 1715 sempiternum.
1302 1628 1391 1695 Vale.
1432 1628 1520 1695 Dens

356 1742 544 1829 omnipotens
566 1744 601 1809 in
623 1743 786 1811 meliorem
809 1750 927 1811 statum
946 1744 1043 1810 vitam
1058 1750 1147 1810 tuam
1163 1746 1310 1830 corrigat,
1333 1749 1370 1811 ut
1384 1747 1518 1829 gratiam

355 1858 390 1924 ab
408 1858 476 1946 ipso
498 1859 637 1927 Domino
660 1860 802 1927 invenire
825 1861 976 1927 merearis
999 1866 1171 1929 aeternam.

357 2070 411 2141 60.
433 2075 620 2160 Bonifatius
644 2075 860 2160 Heresia'tltonv
885 2077 1102 2163 presbyteram
1129 2077 1283 2155 terimur,
1314 2087 1350 2139 at
1376 2097 1453 2139 suae
1476 2077 1521 2139 ad

434 2190 675 2257 Aetlseldaldam
706 2214 809 2278 repam
837 2194 1034 2259 Mercioauoa
1068 2193 1217 2279 episteme
1250 2193 1430 2257 adiumento
1467 2194 1518 2257 sit.

433 2309 573 2373 Munere
595 2310 714 2373 mittit
1156 2306 1192 2388 (S
1211 2308 1261 2389 10,
1284 2304 1324 2372 W
1341 2308 1394 2389 71,
1418 2303 1518 2388 G61)

432 2439 647 2527 Dilectissimo
671 2460 708 2507 ac
729 2442 983 2508 reverentissimo
1000 2440 1093 2507 fratri
1108 2439 1306 2507 Herefrithol
1322 2436 1518 2526 presbitero¹
1538 2446 1678 2502 744-747

353 2553 525 2623 Bonifacius
554 2577 663 2624 servus
692 2576 855 2623 servornm
885 2556 946 2624 Dei
975 2562 1135 2624 aeternam
1164 2557 1198 2621 in
1222 2556 1347 2623 Christo
1377 2554 1518 2622 caritatis

353 2672 487 2740 salutem.

430 2789 597 2855 Almitatis
618 2794 692 2855 tuae
715 2788 912 2855 clementiam
937 2789 1058 2855 intimis
1082 2789 1211 2855 obsecro
1233 2788 1397 2875 precibus,
1428 2794 1465 2855 ut
1485 2789 1520 2855 in

352 2904 407 2970 tuis
428 2905 640 2973 sacrosanctis
663 2904 857 2971 orationibus
880 2906 944 2971 mei
964 2924 1086 2971 memor
1100 2924 1169 2971 esse
1185 2904 1324 2987 digneris
1338 2942 1379 2950 —
1394 2904 1520 2970 etiamsi

353 3020 416 3105 sic⁸,
439 3022 644 3089 narrantibus
667 3026 699 3087 et
721 3042 741 3087 a
762 3026 795 3087 te
816 3021 1026 3105 venientibus,
1049 3021 1133 3087 iarnd
1154 3020 1268 3087 fecisse
1287 3020 1519 3085 fraternitatem

352 3142 430 3203 tuam
453 3143 486 3205 et
508 3138 664 3204 facturam
689 3158 772 3222 esse,
802 3158 867 3203 non
889 3137 998 3205 dubito
1015 3174 1055 3185 ·-
1073 3143 1111 3203 ut
1133 3137 1235 3204 sancti
1257 3136 1362 3202 Iacobi
1385 3134 1521 3221 apostoli

353 3256 501 3321 sententia
524 3254 558 3319 in
580 3253 671 3319 nobis
695 3252 882 3339 impleatur,
907 3274 969 3337 qua
992 3254 1086 3319 dixit:
1114 3255 1210 3320 Orate
1231 3276 1292 3341 pro
1314 3256 1462 3333 invisere,
1487 3266 1522 3317 ut

352 3370 510 3437 colemini
532 3375 578 3439 et:
602 3372 740 3437 Multum
763 3374 846 3436 enim
868 3372 950 3437 calet
972 3374 1151 3457 deprecatio
1173 3374 1252 3437 iusti
1273 3364 1439 3435 amicost

430 3486 603 3554 Praeterea
624 3505 681 3551 nos
705 3490 774 3552 octo
804 3486 961 3571 episcopi,
981 3487 1046 3582 ¹qni
1069 3487 1109 3552 ad
1131 3497 1244 3552 unam·
1267 3485 1423 3572 synodum
1446 3504 1520 3550 con-

352 3603 498 3687 venimus,
524 3622 657 3687 quorum
679 3602 809 3667 nomina
832 3601 939 3669 subter
962 3598 1210 3686 adnotavimus⁴,
1234 3603 1268 3667 in
1291 3606 1518 3684 commonete,

352 3717 441 3786 freter
470 3718 651 3801 carissime,
687 3718 909 3803 deprecamur:
948 3723 984 3783 ut
1012 3718 1109 3785 verba
1139 3717 1363 3785 admonitionis
1391 3720 1519 3782 nostae

352 3834 538 3903 tethbaldo'
560 3834 627 3919 regi
643 3832 837 3899 Mereionum
859 3834 1098 3921 interpretando
1122 3838 1154 3900 et
1171 3834 1332 3901 recitando
1352 3832 1519 3898 adnuntias

353 3956 381 4016 et
401 3972 435 4018 eo
457 3952 553 4019 modo
578 3954 609 4017 et
632 3948 753 4033 ordine,
777 3970 838 4035 quo
862 3951 902 4016 ad
925 3956 956 4017 tc
972 3952 1092 4037 scripta
1107 3950 1363 4032 transmittimus,
1386 3948 1519 4014 sollicite

353 4068 558 4136 enumerando
574 4071 605 4133 et
619 4064 810 4153 predicando
825 4066 873 4131 illi
889 4066 1087 4135 indicaveris.
1124 4067 1312 4133 Audivimus
1329 4065 1428 4131 enim:
1445 4065 1520 4149 quia

353 4202 404 4267 pro
425 4186 540 4252 timore
563 4182 623 4249 Dei
646 4202 814 4269 personam
837 4182 973 4249 hominis
996 4204 1060 4250 non
1088 4184 1218 4265 timcas3
1249 4187 1281 4249 et
1310 4182 1393 4267 quod
1422 4200 1520 4268 supra

418 4340 437 4373 a
458 4346 488 4375 es
505 4331 534 4375 ll!
544 4326 662 4381 aso—cl,
680 4329 700 4374 C
710 4326 828 4381 coo-cc,
848 4328 870 4371 V
878 4327 965 4373 css-t.
993 4329 1098 4373 Lemma.-
1119 4326 1175 4371 Item
1192 4324 1290 4385 epistola
1305 4323 1416 4371 Boniiacii
1432 4322 1518 4369 archie-

353 4404 434 4465 piscopi
455 4408 533 4455 MCV.
609 4406 633 4455 b.
655 4406 775 4453 llarelrido
799 4408 837 4461 M,
860 4423 917 4451 corr.
933 4408 955 4451 in
971 4405 1108 4452 Heronirido
1126 4408 1151 4451 C.
1230 4418 1249 4451 a
1273 4403 1364 4449 etiamsi
1384 4403 1417 4449 sic
1437 4404 1521 4460 scripsi

352 4500 389 4540 pro
404 4490 427 4531 el
441 4488 510 4534 etiam
526 4487 560 4533 sic
576 4487 735 4535 codach.
814 4486 836 4531 d.
857 4486 903 4531 lam
920 4486 1014 4533 deletum
1031 4496 1064 4533 cst
1080 4489 1103 4531 iu
1121 4489 1146 4534 C.
1226 4498 1246 4530 e.
1267 4496 1337 4529 unum
1347 4483 1406 4536 MV,
1423 4500 1480 4528 corr.
1495 4485 1518 4527 irv

354 4576 414 4612 uuam
430 4570 456 4615 C.
534 4566 550 4614 i.
569 4566 680 4613 letbaldo
698 4570 732 4613 M.

418 4664 442 4717 1.
465 4660 507 4717 cf.
526 4661 649 4731 neone,
663 4663 688 4715 1.
778 4661 803 4715 7.
828 4661 862 4717 7.
880 4659 975 4715 Bedee
998 4658 1175 4729 chronologia
1191 4658 1351 4714 matinanta
1369 4655 1454 4725 (Opp.
1472 4654 1516 4710 ed.

356 4746 472 4805 Grlealll
484 4752 548 4817 324)
561 4752 627 4807 747:
648 4747 829 4820 ,Herciridns
843 4750 885 4806 vir
896 4750 949 4805 Dei
967 4747 1065 4805 obiit“.
1129 4748 1155 4803 3.
1174 4746 1361 4816 lacob.5,16.
1424 4746 1451 4799 4.
1469 4759 1516 4797 no-

356 4837 421 4892 mina
437 4856 491 4895 non
508 4840 635 4909 leguntur
652 4837 731 4894 inira.
759 4837 801 4895 Cf.
820 4854 863 4909 ep.
876 4839 911 4894 59
929 4854 1013 4908 supra
1029 4853 1057 4907 p.
1071 4838 1132 4907 168,
1153 4834 1201 4891 nbi
1219 4851 1268 4891 sex
1286 4837 1393 4889 tantvm
1411 4833 1515 4903 epiaco

356 4938 442 4993 porum
459 4929 570 4985 nomina
586 4928 769 4985 insanientum

394 5024 468 5073 lani.
485 5028 628 5073 Bibliotheca
643 5028 682 5071 lll.
1268 5024 1303 5077 12
1365 5033 1368 5041 ·
