4342 6034
537 878 589 932 724

522 951 577 997 Dea
587 952 604 998 4

621 713 664 778 86
893 729 920 775 s.
938 727 1114 775 sormam
1136 728 1180 774 er
1202 727 1304 774 nunnr
1326 725 1513 775 nrrsronsn
1536 725 1566 772 so

619 875 721 960 pratris
744 866 832 937 dote¹
848 905 890 915 -
906 869 941 935 in
963 868 1106 955 partibus
1121 867 1345 955 Esperiarum¹¹
1364 867 1404 935 ad
1424 868 1701 936 inluminationem
1716 867 1797 936 Ger·

620 988 746 1053 maniae
761 986 875 1070 gentis,
898 985 932 1050 in
947 984 1060 1051 umbra
1074 985 1186 1050 mortis
1202 978 1386 1068 sedentisb',
1410 984 1546 1068 dirigere
1562 984 1796 1072 praevidimus3

620 1103 744 1169 lucrum
765 1102 839 1168 inde
861 1105 897 1166 ut
919 1100 1087 1186 adportare
1110 1099 1257 1184 deberes,
1282 1100 1372 1186 quasi
1395 1121 1504 1167 servus
1527 1099 1580 1167 ille
1603 1100 1642 1167 de
1664 1102 1798 1185 negocio

620 1219 743 1301 talenti,
766 1217 848 1284 sicut
869 1217 1021 1303 scriptum
1046 1211 1123 1300 est³,
1147 1214 1228 1282 fidus
1251 1217 1286 1282 in
1307 1215 1413 1281 futuro
1436 1216 1557 1282 auctori
1580 1237 1703 1283 asseras
1726 1217 1797 1284 Deo

621 1334 742 1400 fecisse.
789 1333 879 1412 Quod
907 1334 983 1419 quia
1010 1353 1049 1398 ex
1080 1332 1297 1399 oboedientiae
1320 1352 1450 1398 munere
1473 1332 1684 1398 ministerium
1707 1333 1799 1400 verbi

622 1451 780 1517 cernimus
802 1449 928 1515 adolere
952 1455 983 1516 et
1005 1449 1250 1535 praedicationis
1273 1448 1441 1534 praeconio
1457 1446 1611 1534 populum
1625 1446 1798 1533 infidelem,

621 1571 658 1632 ut
679 1565 860 1649 innotuisti,
889 1565 1067 1631 audivimus
1092 1565 1247 1648 converti,
1270 1563 1399 1630 Domini
1422 1563 1582 1650 potentiae
1604 1564 1724 1646 gratias
1747 1583 1800 1630 re·

621 1682 769 1765 ferentes,
791 1686 828 1747 ut
849 1682 935 1767 ipse,
960 1701 979 1746 a
1002 1701 1063 1766 quo
1086 1680 1205 1747 bonum
1227 1680 1371 1767 procedit
1394 1679 1488 1747 etad
1512 1679 1706 1763 agnitionem
1730 1680 1801 1747 vult

622 1818 731 1863 omnes
759 1797 867 1863 venire
896 1797 1039 1862 veritatis
1047 1794 1068 1879 ⁴,
1096 1796 1155 1862 tibi
1178 1801 1324 1882 optamus
1348 1801 1383 1861 ut
1405 1800 1591 1882 cooperetur
1614 1799 1646 1862 et
1668 1815 1688 1862 a
1709 1801 1800 1863 tene-

623 1912 690 1979 bris
719 1912 759 1979 ad
780 1911 884 1979 lucem
906 1912 1059 1999 populum
1081 1911 1172 1977 illum
1194 1933 1270 1978 suae
1292 1911 1451 1998 potentiae
1472 1911 1680 1997 inspiratione
1703 1912 1800 1979 redu·

622 2033 682 2095 cat
718 2028 801 2094 Hinc
823 2029 908 2094 enim
931 2028 1021 2094 vobis
1043 2048 1164 2094 merces
1188 2029 1324 2114 copiosa,
1349 2027 1515 2112 oredimus,
1539 2027 1623 2113 quod
1639 2027 1679 2094 ab
1695 2030 1799 2096 omni-

622 2149 751 2232 potente
774 2143 912 2210 Domino
936 2143 1149 2210 adscribatur⁶
1173 2145 1206 2210 in
1230 2143 1334 2210 caelis.
1369 2145 1498 2210 Bonam
1521 2143 1605 2210 enim
1629 2157 1798 2227 certamen,

601 2263 652 2328 'si
673 2259 942 2347 perseveraveris,
972 2259 1075 2346 possis
1099 2279 1171 2325 oum
1195 2259 1337 2346 apostolo
1361 2259 1481 2326 dicere:
1512 2263 1645 2342 conavi,
1671 2285 1800 2327 cursam

623 2380 847 2457 consummavi,
863 2378 963 2460 fidem
985 2373 1136 2441 secavit
1176 2374 1239 2443 Sed
1261 2380 1297 2442 ut
1318 2395 1467 2442 eoronam
1489 2375 1646 2462 percipias
1668 2375 1800 2462 laboris,

623 2492 752 2572 insiste3
782 2490 948 2576 pollicetur
971 2492 1055 2557 enim
1079 2489 1166 2558 Deus
1189 2491 1464 2579 perseverantibus
1492 2491 1526 2557 in
1547 2489 1610 2557 fine
1633 2489 1798 2559 salutem⁸.

623 2607 690 2673 Nec
716 2607 822 2672 minae
851 2611 992 2673 terreant
1019 2627 1077 2674 nec
1106 2607 1243 2674 deiciant
1270 2613 1423 2692 terrores,
1453 2607 1524 2692 sed,
1552 2605 1649 2673 fixam
1671 2608 1706 2673 in
1729 2607 1799 2676 Deo

622 2730 734 2791 tenens
756 2721 923 2809 fiduciam,
947 2725 1091 2790 veritatis
1114 2723 1244 2790 verbum
1269 2723 1428 2790 denuntia
1474 2723 1548 2790 Erit
1570 2725 1655 2790 enim
1678 2743 1718 2790 ex
1742 2725 1800 2791 ad·

622 2840 737 2906 iuterio
768 2839 874 2906 divino
903 2840 1070 2926 perfectio,
1100 2844 1225 2906 tantum
1253 2841 1295 2906 sit
1322 2839 1439 2907 bonum
1465 2841 1498 2906 in
1522 2839 1683 2907 voluntate
1706 2861 1798 2928 opus.

623 2957 732 3041 Igitur,
757 2963 892 3042 quantos
915 2957 954 3022 ab
978 2977 1083 3022 errore
1106 2956 1309 3040 converteris,
1333 2955 1526 3042 syliabarum
1547 2961 1674 3022 tuarum
1689 2977 1800 3024 recen-

623 3073 684 3139 sito
708 3077 799 3139 textu
821 3073 1035 3156 cognovimus,
1057 3072 1144 3156 laeti,
1168 3071 1280 3138 uberes
1292 3069 1362 3160 Deo
1385 3076 1493 3138 nostro
1516 3073 1635 3156 gratias
1658 3077 1800 3157 agentes,

624 3189 664 3254 de
686 3187 774 3254 lucro
798 3190 977 3254 animarum
1000 3187 1187 3253 exultamus.

714 3303 813 3369 Porro
836 3324 894 3390 pro
918 3304 1065 3389 episeopo
1090 3303 1160 3387 illo,
1190 3303 1243 3388 qui
1272 3323 1355 3370 nunc
1377 3323 1476 3388 usque
1498 3301 1620 3370 desidia
1642 3304 1800 3388 quadam‘

625 3421 660 3487 in
683 3419 793 3486 eadem
814 3424 907 3503 gente
937 3419 1181 3505 praedicationis
1209 3419 1340 3485 verbum
1369 3419 1576 3486 disseminare
1605 3418 1801 3506 neglexerat,

627 3542 659 3604 et
680 3557 764 3603 nunc
786 3536 848 3603 sibi
870 3540 994 3622 partem
1017 3535 1108 3620 quasi
1131 3535 1163 3600 in
1187 3534 1387 3622 parrochiam
1410 3534 1575 3619 defendit⁸,
1607 3533 1720 3602 Garolo
1744 3557 1801 3602 ex·

626 3653 849 3720 callentissimo
872 3651 936 3717 filio
959 3656 1069 3717 nostro
1092 3651 1243 3737 patricio,
1273 3655 1308 3716 ut
1335 3671 1407 3717 eum
1430 3655 1597 3737 conpescat
1619 3650 1800 3737 arradentes,

627 3770 767 3856 paternis
789 3769 905 3836 litteris
929 3767 1123 3854 scripsimus.
1158 3765 1202 3833 Et
1223 3767 1390 3852 credimus,
1415 3767 1498 3852 quod
1517 3767 1576 3833 hoc
1597 3767 1691 3834 vitari
1706 3787 1801 3854 prae·

627 3886 734 3972 oipiat.
787 3885 858 3972 lpse
892 3905 967 3950 vero
998 3889 1153 3970 oportune
1180 3884 1349 3969 inportune
1377 3880 1586 3971 praedicare⁷,
1616 3903 1697 3970 quae
1725 3891 1802 3951 sunt

628 4001 754 4084 salutis,
777 4021 841 4067 non
863 4001 998 4067 desinas.

717 4117 816 4201 Igitur
831 4115 1015 4200 Thuringis‘
1030 4120 1062 4183 et
1077 4113 1265 4182 Germaniae
1288 4115 1404 4202 populo
1428 4135 1480 4199 ea,
1509 4135 1589 4200 quae
1612 4115 1652 4182 ad
1675 4115 1801 4184 animae

702 4319 722 4351 a
742 4304 881 4363 asperiorum
898 4307 937 4361 M,
953 4321 1011 4349 corr.
1027 4307 1051 4350 in
1066 4301 1222 4362 hesperiorum
1240 4305 1265 4350 C.
1328 4301 1351 4348 b.
1372 4301 1453 4348 sedant
1469 4305 1507 4357 M,
1525 4302 1614 4348 sedenti
1631 4303 1657 4349 C.
1720 4315 1741 4347 o.
1761 4303 1800 4348 ad·

630 4384 742 4431 scribatur
759 4387 798 4437 M,
819 4401 875 4429 corr.
892 4387 914 4430 in
935 4383 1073 4430 asscribatur
1090 4384 1116 4430 C.
1194 4381 1217 4427 d
1239 4380 1328 4428 desidio
1350 4381 1448 4442 qnodsrn
1467 4386 1503 4439 M,-
1529 4399 1586 4428 σοιν.
1602 4385 1625 4427 ιιι
1641 4380 1730 4427 desidis
1746 4395 1800 4441 quu-

630 4464 682 4510 dam
699 4467 725 4512 C.
816 4478 836 4508 e.
856 4462 964 4510 detondet
984 4481 1041 4510 corr.
1056 4466 1080 4509 ιι
1100 4459 1204 4508 defendit
1220 4465 1258 4516 M,
1279 4461 1387 4508 detondet
1404 4465 1429 4510 C.
1518 4461 1533 4508 i.
1555 4461 1677 4519 Tburingis
1694 4465 1733 4516 M,
1755 4461 1800 4508 Τιι-

628 4544 699 4600 ringis
717 4546 743 4590 C.

703 4650 727 4701 1.
751 4645 846 4701 Matth.
861 4646 903 4716 10,
916 4647 942 4700 8.
1031 4647 1056 4700 2.
1080 4645 1147 4700 Luc.
1163 4647 1187 4716 1,
1201 4646 1248 4700 79:
1269 4645 1437 4715 ,illuminare
1454 4643 1505 4716 his,
1524 4645 1616 4715 quiin
1635 4643 1755 4699 tenebris
1774 4650 1803 4700 ct

630 4737 658 4791 in
681 4735 778 4791 umbra
801 4737 895 4791 mortis
918 4735 1046 4791 sedent“.
1155 4735 1180 4790 3.
1204 4733 1300 4790 blatth.
1313 4733 1356 4804 25,
1370 4735 1412 4788 20.
1519 4735 1545 4788 4.
1571 4731 1722 4788 lTimoth.
1736 4733 1800 4803 2,4.

631 4827 657 4881 5.
681 4824 829 4901 2sl'imoth.
842 4825 869 4895 4,
882 4827 907 4880 7.
998 4825 1023 4880 6.
1047 4823 1143 4880 nauh.
1158 4825 1200 4894 10,
1214 4825 1257 4880 Ὦ.
1348 4824 1373 4878 7.
1398 4822 1622 4894 ammerbac.
