4342 6034
644 750 671 799 s.
687 749 865 801 nonmnrn
885 752 930 801 nn
952 752 1054 801 nuum
1076 752 1264 801 nrmnonsn
1290 752 1307 799 a
1518 734 1560 801 bl

392 892 515 975 argenti
537 892 605 959 siro
626 892 661 959 in
684 886 879 959 stellantium
902 892 1054 961 varietme
1077 912 1275 977 gemmarum
1295 892 1348 961 vel
1368 892 1404 959 in
1424 891 1564 960 luxorio-
1581 898 1723 955 tle-‘117

390 1026 499 1073 sorum
521 1007 681 1076 eibornm·
704 1012 760 1075 eut
781 1012 979 1095 eomptornm
1002 1008 1263 1076 vestimentorum
1286 1008 1445 1094 adquiute
1458 1009 1563 1077 diver·

389 1122 500 1207 sitate,
530 1123 692 1191 simillima
719 1122 904 1192 oollations⁵
928 1144 1033 1191 rerum
1061 1130 1115 1191 ut⁰
1143 1124 1258 1193 umbra
1283 1129 1500 1211 praetereunt,
1528 1130 1565 1191 ut

388 1238 497 1306 fumus
531 1238 696 1324 iatisount,
730 1245 767 1307 ut
794 1260 909 1327 spuma
934 1245 1135 1308 marcescunt
1162 1241 1252 1307 iuxta
1279 1241 1451 1309 veridicam
1478 1240 1564 1327 psai·

389 1352 515 1439 migrat
538 1356 745 1441 sententiam,
773 1355 922 1423 dicentis:
952 1356 1057 1423 Homo
1080 1361 1162 1425 siret
1173 1358 1312 1442 foenum
1334 1360 1401 1423 dios
1424 1361 1506 1439 etue,
1536 1370 1566 1425 et

390 1475 473 1539 mord
491 1474 556 1559 flor
585 1476 658 1559 aori
679 1476 726 1539 ito
739 1467 882 1559 floriet¹3
911 1477 943 1539 at
965 1472 1056 1539 alibi:
1086 1474 1168 1539 Diee
1188 1477 1252 1539 moi
1272 1477 1353 1541 storo
1374 1474 1487 1540 umbro
1509 1475 1563 1540 de·

390 1589 603 1670 elimaverunt,
627 1601 658 1655 ot
678 1611 733 1676 ego
756 1592 837 1655 sieut
848 1588 986 1673 foemam
1008 1584 1109 1655 ararit

478 1702 522 1771 Et
544 1704 604 1771 heo
626 1704 666 1771 de
687 1724 722 1773 re
744 1704 884 1771 universi
906 1700 1056 1789 aurilegi'
1072 1700 1267 1788 ambrones⁴,
1290 1724 1352 1791 epo
1368 1704 1443 1771 tond
1459 1724 1564 1789 grem-

388 1824 499 1887 maton
522 1816 619 1905 agiis⁵
642 1820 801 1887 turbetis
824 1818 951 1904 adflicti,
975 1820 1129 1887 inservire
1150 1820 1291 1889 excubiis
1305 1825 1338 1889 et
1351 1820 1479 1905 fragiba
1493 1841 1565 1889 ara-

387 1955 523 2003 nearum
550 1936 584 2003 in
613 1956 738 2003 oassum
763 1972 805 1983 -
828 1956 886 2003 een
913 1934 1024 2003 flatum
1050 1942 1178 2003 tenuem
1208 1937 1277 2004 sire
1304 1935 1467 2023 pulverem
1489 1956 1564 2024 oep-

388 2052 495 2119 tantie
521 2088 564 2098 —
593 2052 766 2121 tetendisse
798 2052 880 2121 retia
908 2052 1129 2135 dinosountur3
1165 2053 1241 2139 quia
1267 2056 1340 2119 eata
1365 2052 1565 2139 psalmistam

389 2167 609 2235 thesaurizant
630 2174 663 2237 et
676 2169 833 2253 ignorant,
858 2170 908 2235 eui
930 2174 1122 2253 congregent
1135 2164 1219 2235 illa⁶.
1254 2168 1308 2253 Et,
1330 2168 1408 2235 dum
1422 2169 1563 2236 exaotrix

389 2284 487 2351 invisi
515 2280 685 2371 Plutonis²,
715 2306 801 2353 mors
831 2284 992 2371 videlieet,
1022 2285 1194 2353 ementatie
1223 2284 1394 2352 crudeliter
1415 2284 1564 2353 trendens

390 2400 552 2485 dentibus,
582 2402 616 2469 in
642 2401 754 2469 limine
781 2401 892 2486 lebet,
922 2407 1018 2487 tum',
1047 2399 1255 2469 tremibundi'
1284 2405 1317 2469 et
1343 2401 1430 2467 omni
1457 2400 1564 2468 divino

390 2514 560 2601 suffragio⁸
587 2516 746 2601 destituti,
781 2518 921 2585 animam
944 2518 1130 2604 -pariter
1157 2518 1337 2605 pretiosam.
1359 2522 1392 2583 et
1418 2516 1565 2585 trilaoem

390 2652 514 2717 gazam,
538 2633 596 2699 eni·
612 2634 700 2700 avari
720 2634 771 2701 die
785 2640 941 2720 uootuque
957 2633 1090 2703 sollicite
1103 2632 1328 2718 inserviebant,
1351 2633 1456 2701 subito
1472 2634 1565 2703 amit

390 2752 493 2817 tentes
517 2749 725 2836 —perdent
770 2750 814 2817 Et
835 2751 965 2837 exinde,
988 2750 1152 2817 diaboliois
1173 2740 1260 2837 rapti
1281 2750 1444 2834 manibus,
1466 2754 1565 2819 teter-

390 2865 472 2933 rima
494 2865 630 2933 subeunt
651 2866 790 2933 elaustro
810 2862 977 2951 Erebia¹¹⁸,
1000 2872 1130 2935 eeterua
1150 2864 1261 2933 luituri
1283 2865 1451 2952 supplicia

478 2980 539 3047 His
561 2986 667 3049 autem
690 2984 834 3051 omnibns
858 2984 976 3068 absque
999 2982 1147 3069 scrupulo
1169 2981 1320 3049 falsitatis
1334 2982 1382 3049 ita
1396 3001 1431 3048 se
1444 2981 1563 3049 baben·

390 3098 486 3182 tibus,
509 3098 655 3185 praeibas
679 3100 821 3167 caritatis
843 3098 991 3167 interlitis
1015 3098 1131 3166 obnixe
1152 3096 1378 3183 flegimtibns,
1400 3103 1434 3164 te
1447 3096 1563 3184 implo-

390 3234 461 3283 rare
484 3234 635 3301 proeuro:
659 3220 705 3300 ut,
728 3215 777 3283 bis
801 3216 956 3283 universis
979 3216 1133 3283 reraoiter
1153 3211 1353 3303 persp'eotis‘,
1375 3214 1563 3283 resusoitare

391 3330 521 3399 festines
543 3332 680 3415 gratiam
702 3332 821 3415 ingenii
843 3332 1007 3417 naturalis,
1032 3352 1113 3417 quae
1134 3332 1170 3398 in
1190 3336 1223 3399 te
1244 3336 1307 3414 est3
1332 3336 1365 3399 et
1384 3330 1564 3399 liberalium

390 3446 570 3515 litterarum
597 3448 762 3517 seientiam
790 3453 822 3517 et
847 3448 947 3515 divini
968 3447 1146 3515 intellectus
1168 3446 1355 3533 flagrantem
1376 3447 1564 3535 spiritaliter

391 3562 497 3647 ignem
520 3584 637 3649 aquoso
660 3563 726 3630 luto
750 3568 783 3631 et
803 3564 932 3631 humido
955 3568 1100 3631 terrenae
1127 3564 1309 3651 eupiditetis
1337 3562 1470 3649 pulvere
1498 3583 1563 3631 non

392 3680 574 3763 extinguam
598 3680 655 3747 sed
677 3716 719 3727 -
742 3700 864 3749 memor
885 3680 1081 3769 psalmigrafi
1103 3680 1143 3747 de
1166 3680 1257 3747 bento
1280 3680 1349 3747 viro
1372 3679 1563 3747 sententiam

391 3796 595 3883 proferentis:
624 3797 665 3863 Io
693 3798 760 3884 toqe
780 3798 917 3865 Domini
928 3799 1000 3884 fait
1022 3799 1167 3865 volentos
1189 3795 1275 3865 eiresk
1297 3796 1338 3863 ot¹
1359 3796 1564 3863 oreditobiter

392 3916 443 3979 die
472 3936 511 3979 ae
537 3908 652 3999 eumd,
682 3918 714 3981 et
736 3913 827 3982 alibi:
858 3915 1021 3997 Quomodo
1044 3916 1145 3981 dilexi
1166 3914 1264 4001 legem
1284 3927 1388 3995 wem,
1412 3912 1561 3995 Domine,

392 4043 457 4097 tota
471 4032 524 4096 die
537 4032 697 4099 rediendo
713 4052 783 4099 mea
797 4026 881 4117 eorm,
901 4036 933 4099 et
946 4030 1105 4119 Moysen*
1119 4030 1155 4097 in
1169 4029 1462 4098 deuteronomio¹²¹¹r
1486 4028 1564 4095 Noa

464 4168 485 4201 ι.
505 4152 613 4213 cyborum
631 4156 659 4202 7.
736 4154 758 4203 b.
779 4155 914 4203 eedeetione
930 4160 965 4203 M.
1044 4169 1064 4203 e.
1082 4158 1107 4203 et
1123 4156 1152 4204 V.
1229 4156 1253 4202 d.
1267 4158 1293 4201 to
1307 4155 1378 4202 codd.
1455 4169 1476 4201 e.
1491 4156 1518 4200 tn
1536 4154 1563 4201 V.

393 4233 482 4281 tem.
499 4236 522 4281 in
537 4234 680 4281 tremebundi
694 4238 720 4283 C-
782 4248 803 4293 g.
819 4236 974 4295 subfregieV.
1034 4236 1058 4282 h.
1075 4253 1132 4282 corr.
1148 4238 1170 4281 tn
1186 4232 1271 4281 Herebi
1285 4238 1311 4283 C.
1372 4235 1389 4281 i.
1404 4233 1519 4295 portentur
1528 4238 1563 4280 M.

392 4312 458 4363 ket
471 4314 497 4360 in
512 4314 562 4371 lege
577 4317 600 4359 in
616 4330 689 4376 marg.
707 4316 764 4361 add.
782 4318 807 4363 C.
874 4317 889 4363 i.
910 4318 934 4363 et
950 4332 992 4362 om.
1008 4318 1041 4373 V,-
1058 4318 1082 4361 et
1097 4312 1244 4361 meditabitur
1258 4332 1302 4361 ora.
1318 4318 1354 4361 M.
1414 4326 1445 4360 m.
1467 4330 1524 4361 corr.
1540 4316 1563 4359 br

393 4392 465 4454 iioysi
482 4396 509 4443 C.
586 4408 610 4439 n.
628 4394 800 4443 deuteronomia
816 4396 873 4443 MV.

464 4482 489 4535 1.
508 4477 551 4535 Cf.
569 4480 615 4535 Ps.
629 4482 689 4551 102,
703 4482 744 4536 15.
831 4480 1051 4551 2.Ps.101‚12.
1140 4480 1166 4535 3.
1185 4478 1335 4549 aurileguli.
1417 4479 1444 4535 4.
1462 4493 1563 4549 ganeo

394 4584 450 4637 nee,
467 4570 602 4625 lnroones.
685 4571 711 4625 b.
730 4570 780 4625 His
797 4568 889 4625 verbis
908 4574 1003 4625 eontra
1020 4570 1144 4639 regulam
1156 4569 1362 4639 grammaticam
1373 4565 1562 4623 eonformatis:

396 4657 467 4727 ,dni
486 4661 540 4713 τῶν
556 4654 727 4732 γραμμάτων
744 4658 832 4732 ἁγίοις
856 4658 994 4715 frustratis
1017 4657 1140 4715 adflicti“
1160 4657 1320 4726 scriptorem
1340 4659 1457 4726 apparet
1474 4656 1563 4711 deela—

394 4762 452 4802 rare
474 4747 560 4803 haee:
585 4762 625 4817 ,a
641 4748 792 4803 litteremm
811 4748 974 4803 sanctuariis
991 4746 1128 4803 firmtratis
1146 4744 1280 4801 admont
1368 4746 1394 4800 6.
1417 4744 1462 4799 Pe.
1480 4746 1524 4812 38,
1537 4744 1563 4798 7.

395 4834 420 4891 i.
442 4834 553 4893 diaboli.
641 4836 667 4891 8.
691 4834 813 4907 Erebea,
831 4836 972 4891 Tartarea
1062 4836 1089 4891 9.
1111 4836 1156 4891 Ps.
1171 4836 1234 4905 1,2.
1324 4834 1367 4888 10.
1386 4833 1432 4889 Ps.
1446 4832 1506 4902 118,
1519 4831 1563 4887 97.

397 4927 437 4981 11.
460 4927 544 4983 immo
561 4924 615 4981 Ios.
629 4924 655 4996 1,
667 4926 693 4981 8.
1306 4990 1352 5047 μ
