4342 6034
548 761 575 809 s.
591 760 769 811 nostrum
789 763 834 811 ur
854 762 959 811 uum
980 762 1168 812 semrom
1191 762 1245 809 ree.
1260 762 1306 809 rsa
1444 746 1509 813 295
1548 835 1553 847 .

349 900 464 969 mnsilii
485 901 637 971 firmitate
658 904 878 973 discissionem
900 905 967 990 uel,
998 904 1083 991 qued
1105 906 1328 990 gravissimum
1351 910 1414 992 est,
1443 906 1670 975 επὶ-156486

347 1038 464 1085 marum
484 1019 650 1086 interitum
671 1022 940 1107 pertimescentes.
985 1021 1185 1110 Quapropter
1206 1022 1434 1107 magnitudinis
1457 1042 1511 1090 ve·

346 1139 424 1201 snae
436 1136 552 1222 pietuti
565 1135 679 1203 humili
692 1137 868 1205 intentione
881 1138 1107 1225 supplicantes,
1131 1138 1333 1207 obsecremus
1347 1160 1406 1227 per
1421 1138 1511 1206 Obri-

346 1256 422 1317 sturn
444 1250 638 1319 saluatorem
650 1254 975 1340 resurrectionemque
990 1258 1202 1320 mortuorum:
1227 1256 1275 1321 uti
1289 1255 1391 1340 nobis,
1416 1276 1513 1343 supra

345 1367 431 1433 dictis
458 1368 651 1437 nudantes
679 1366 821 1453 afflictis,
851 1370 927 1455 quid
953 1375 1028 1456 post
1049 1369 1171 1436 obitum
1193 1370 1279 1437 illius
1301 1372 1344 1439 sit
1365 1392 1424 1459 pro
1448 1376 1512 1439 sta-

345 1483 462 1551 bilitate
485 1484 617 1551 salutari
639 1482 872 1552 monasterioli¹
892 1484 1082 1570 faciendum,
1105 1490 1201 1573 prout
1214 1486 1352 1554 Domino
1367 1490 1512 1555 iuvante·

344 1600 489 1685 colligere
509 1600 658 1685 adeatis,
680 1601 796 1667 litteris
818 1601 959 1669 iudicare
981 1622 1039 1689 per
1060 1602 1145 1669 bunc
1166 1603 1317 1669 nuncium
1339 1624 1402 1670 uon
1424 1604 1513 1671 dedi·

344 1717 492 1799 gnemiui.
528 1716 609 1783 Sunt
630 1718 726 1801 euim,
747 1718 833 1785 sieut
854 1718 953 1802 scitis,
976 1718 1044 1785 illic
1063 1716 1149 1785 filiae
1170 1718 1279 1786 framis
1302 1720 1404 1787 nostri
1427 1719 1512 1787 vela·

345 1838 404 1916 tae,
431 1834 469 1899 in
492 1853 572 1919 quas
597 1834 733 1901 fortasse
760 1834 894 1901 intentio
920 1834 1137 1918 ignorantium
1165 1852 1316 1902 conversa
1345 1841 1402 1903 est
1450 1834 1513 1903 Sed

344 1948 425 2016 uulla
453 1968 497 2017 ex
523 1949 574 2015 his
601 1948 704 2045 adhuc
731 1950 780 2016 vel
810 1954 914 2017 sobbe
942 1949 994 2017 sel
1023 1970 1133 2017 sensus
1163 1950 1270 2037 aliqua
1298 1950 1449 2021 firmitate
1472 1950 1512 2019 ad

344 2065 577 2151 suscipiendum
609 2064 675 2133 tale
707 2066 832 2152 pondus
867 2085 1006 2149 congrua
1033 2066 1154 2153 poterit
1181 2066 1325 2135 iudicari.
1377 2068 1421 2135 Et
1447 2069 1512 2135 ior·

343 2182 498 2250 midamus
521 2181 750 2269 dispersionem
771 2182 983 2249 inconsultam
1003 2182 1161 2267 familiae,
1184 2184 1247 2249 uisi
1269 2184 1413 2251 celeriter
1435 2182 1512 2253 ordo

344 2318 378 2365 aa
403 2297 564 2365 stabilitas
590 2318 649 2384 per
676 2298 870 2365 abbatissam
897 2297 1076 2365 collocetur.
1123 2298 1188 2366 Nee
1214 2304 1321 2367 tamen
1351 2300 1401 2367 uel
1428 2300 1514 2367 iutra

343 2414 487 2481 cellulam
509 2414 561 2480 rel
573 2414 782 2481 intrinsecusl
796 2433 855 2480 uos
869 2434 963 2501 posse
976 2415 1140 2501 repperire
1155 2416 1323 2501 eredimus,
1345 2436 1403 2503 per
1418 2434 1512 2502 quum

344 2530 389 2597 sel
415 2529 516 2597 verbo
551 2540 589 2597 ae'
619 2530 846 2618 specietenus
874 2529 979 2597 valeat
1006 2529 1168 2615 coherere,
1202 2537 1329 2619 praeter
1359 2532 1514 2620 puellulas

345 2666 417 2731 quas
439 2646 597 2729 diximus3
621 2646 734 2731 quibus
756 2646 933 2714 maximum
954 2647 1131 2733 periculum
1153 2648 1397 2736 suscipientibus
1413 2654 1444 2715 et
1460 2668 1515 2717 no-

345 2764 388 2831 bis
409 2765 549 2831 fortasse
570 2762 832 2850 persuadentibus
853 2762 1070 2829 lormidamus.
1106 2762 1283 2850 Quaproter
1304 2766 1419 2832 iterate
1438 2785 1514 2853 sup-

346 2881 513 2967 plicatione
535 2898 592 2966 per
615 2878 776 2945 Christum
799 2879 990 2946 salvatorem
1012 2878 1225 2963 obsecramus,
1247 2885 1284 2947 ut
1306 2880 1408 2965 nobis,
1433 2882 1517 2966 quod

346 2997 586 3064 saluberrimum
607 2997 692 3061 inter
713 2995 893 3061 huiusmodi
915 2996 1139 3062 necessitates⁰
1161 2994 1230 3063 fieri
1253 2996 1399 3081 credatis,
1424 2995 1516 3063 uobis

346 3114 484 3180 revelare
505 3112 676 3195 aderitate,
700 3132 763 3197 qua
783 3111 936 3196 diximus,
955 3130 1015 3177 nec
1029 3110 1243 3196 dedignemini
1255 3130 1315 3179 uec
1328 3114 1514 3195 gravemini.

348 3229 456 3297 Valere
479 3228 706 3295 bestitudiuem
728 3232 870 3295 uestram
892 3228 980 3294 etin
995 3226 1123 3293 Christo
1144 3229 1246 3311 magis
1270 3248 1307 3295 ae
1320 3228 1435 3313 magis,
1451 3248 1515 3316 pro

348 3346 433 3413 uobis
462 3344 710 3429 intercedentes,
740 3342 906 3431 proficere,
934 3344 1067 3428 integris
1090 3344 1247 3430 certisque
1268 3344 1389 3412 nisibus
1412 3344 1516 3413 cordis

348 3467 498 3549 optamus.

601 3574 840 3643 Offerendal
869 3573 1030 3642 Lulloni
1059 3576 1260 3663 episcopo.

821 3707 1036 3719 -α-ι--ι-

354 3788 434 3861 129.
454 3792 622 3859 Botseioss
646 3790 743 3857 abbae
760 3790 952 3877 seponamus
967 3789 1063 3855 laelio
1087 3792 1233 3877 episcpo
1257 3792 1295 3857 dr
1314 3791 1425 3859 liceo
1437 3816 1515 3879 yra-

456 3913 517 3976 rias
540 3911 617 3995 epit.
651 3906 704 3971 De
725 3910 842 3973 mamae
862 3906 1107 3993 precationibus.
1141 3908 1279 3973 Menoe
1299 3910 1421 3975 mter.

1109 4020 1145 4103 (S
1162 4024 1215 4106 82,
1238 4020 1278 4089 W
1295 4024 1369 4107 119,
1393 4020 1515 4105 G108)

431 4155 513 4240 111·
533 4154 721 4223 Venerando
748 4153 911 4238 dignitatis
939 4152 1032 4220 Lullo
1060 4156 1208 4242 episcopo
1235 4154 1371 4223 Betuini
1400 4154 1515 4225 abbss¹
1534 4169 1674 4225 755-786

343 4272 515 4356 optabiiem
536 4274 572 4339 in
593 4270 719 4339 Christo
741 4271 886 4337 salutem.

412 4436 433 4469 a.
456 4424 551 4471 iubente
568 4423 595 4471 V.
658 4422 681 4469 b.
701 4440 732 4469 aa
747 4422 903 4469 excusem?
965 4434 985 4467 e.
1004 4420 1149 4469 necessitatis
1166 4422 1194 4470 V.
1256 4420 1279 4467 d.
1300 4420 1421 4469 offerenda
1435 4424 1518 4483 scripsi

352 4516 391 4559 pru
404 4502 479 4551 offitio
495 4505 527 4561 ἴς
543 4508 576 4563 e(-
590 4519 643 4563 epp.
653 4504 699 4551 182
714 4512 736 4549 ιί
750 4503 797 4551 1³5
812 4506 874 4559 infra
888 4519 913 4562 p·
925 4502 971 4551 299
985 4512 1009 4547 st
1024 4502 1077 4549 aba
1151 4516 1172 4549 e.
1192 4518 1221 4547 ex
1238 4502 1263 4547 7
1274 4502 1313 4549 bt.
1335 4505 1389 4553 Sim
1405 4503 1515 4549 harem.

420 4600 445 4652 1.
473 4598 507 4654 de
530 4613 586 4669 quo
609 4596 645 4654 ei.
667 4596 801 4667 Rettberg
824 4594 1038 4667 Kireheugesob.
1057 4596 1260 4655 Deutaehlsnds
1283 4596 1392 4668 11331,
1420 4595 1516 4653 Usset-

357 4700 433 4739 naun
449 4702 490 4757 ap.
502 4688 587 4743 Wira
605 4688 742 4757 p.10sq.,
761 4685 874 4741 Droulre
892 4684 986 4741 Codex
1004 4685 1068 4755 dipl.
1082 4684 1161 4743 Fuld.
1179 4703 1206 4740 n.
1219 4684 1253 4740 81
1267 4688 1295 4740 et
1312 4686 1357 4755 88,
1374 4702 1401 4756 p.
1415 4685 1458 4741 53.
1471 4686 1515 4741 54.

358 4774 381 4826 2.
401 4772 573 4847 Ripeuensis3
591 4774 749 4831 monasterii
766 4774 877 4844 Rippon
893 4772 979 4830 dioec.
998 4774 1189 4831 Eboracensis.
1215 4774 1249 4831 V.
1262 4772 1444 4830 monasticum
1458 4772 1514 4831 An·

358 4862 484 4930 giemum
500 4864 627 4934 (london
639 4864 720 4933 1846)
736 4864 771 4919 Τ.
782 4864 810 4919 11
828 4862 889 4919 131.
