4342 6034
519 950 559 995 eut
574 942 643 997 1021

518 1023 559 1067 eat
574 1014 643 1069 1027

660 775 727 844 866
1003 791 1189 839 emesenus
1211 790 1439 841 noeunrnesr
1463 790 1493 839 ar

661 938 763 1020 peter,
785 932 826 1001 de
846 932 908 1016 his,
929 952 992 1017 que
1012 932 1048 999 iu
1068 932 1199 1001 dubium
1221 931 1262 999 de
1282 931 1433 1000 domiuiei
1454 930 1608 1001 adventus
1622 930 1812 1002 eelebratieue

661 1053 826 1133 venerunt,
848 1048 1074 1116 eonsuleudum
1089 1048 1277 1115 sensuimus
1312 1046 1372 1113 Cui
1386 1066 1524 1133 superus
1539 1046 1618 1114 Dei·
1633 1045 1815 1133 providentia

660 1170 783 1231 mutum
804 1164 955 1231 scientiae
976 1164 1205 1251 plenitudinem
1228 1163 1366 1247 donnvit,
1389 1168 1426 1229 ut
1447 1168 1480 1229 te
1501 1182 1560 1249 per
1579 1182 1694 1247 equum
1708 1162 1815 1229 divine·

659 1300 732 1347 rum
754 1280 982 1366 seripturarum
1003 1298 1067 1347 uun
1090 1279 1192 1347 sulum
1214 1298 1313 1364 usque
1336 1278 1377 1345 ed
1399 1277 1481 1345 telus
1503 1278 1554 1347 vel
1576 1278 1616 1345 ed
1632 1274 1748 1362 geuue¹
1769 1297 1817 1345 seu

661 1397 757 1463 etium
778 1415 879 1481 usque
901 1396 941 1463 ed
963 1413 1055 1463 reuss
1077 1394 1305 1479 transduceret,
1328 1412 1439 1463 verum
1461 1395 1558 1463 etiem
1581 1394 1622 1461 ed
1644 1394 1748 1481 ipsum
1763 1398 1818 1461 tur·

660 1516 793 1595 rentem,
816 1532 910 1597 quem
931 1531 996 1579 nou
1018 1511 1122 1597 possis
1144 1510 1291 1594 treusire,
1313 1509 1508 1596 perdueeret
1547 1511 1708 1593 Quoniam
1728 1509 1820 1595 inquit

659 1630 875 1695 immorant
900 1650 1003 1715 aquus
1025 1628 1210 1715 potandae
1236 1631 1398 1708 torrentis,
1429 1631 1487 1713 peri
1512 1650 1577 1695 aon
1599 1640 1705 1715 potest
1725 1640 1818 1695 uene

659 1740 810 1821 eadere&
832 1744 887 1828 qui
909 1744 970 1811 etsi
991 1762 1056 1809 nou
1077 1742 1275 1829 pertrasiri,
1299 1740 1339 1809 ad
1361 1741 1452 1811 illum
1474 1748 1591 1827 temen,
1613 1744 1688 1829 ipse
1701 1741 1761 1809 Dei
1778 1760 1820 1809 se·

660 1859 781 1946 pientie
801 1858 971 1925 adinventa
993 1878 1074 1944 quse
1096 1878 1154 1945 per
1176 1862 1348 1927 torrentem
1372 1858 1570 1943 designetur,
1592 1864 1701 1945 potest
1721 1876 1821 1945 perse

659 1975 732 2043 uiri
777 1974 878 2059 Igitur
910 1974 1004 2041 huius
1037 1992 1152 2059 uquam
1182 1974 1348 2058 torrentis,
1382 1994 1477 2059 quem
1508 1973 1615 2041 nullus
1649 1973 1822 2041 mortalium

659 2091 797 2161 umore
828 2095 949 2177 potest,
983 2089 1181 2175 eliquateuue
1214 2093 1325 2173 tuuge;
1361 2108 1398 2155 eo
1432 2089 1570 2175 aliquem
1597 2088 1822 2175 intellegentiae

659 2212 787 2291 gustum
809 2206 977 2273 sitibundis
998 2204 1180 2292 pectoribus
1202 2205 1319 2273 nostrie
1343 2206 1469 2291 praebe.

748 2320 793 2389 Ut
818 2322 904 2389 enim
926 2322 1082 2408 spertius,
1112 2321 1195 2389 unde
1219 2340 1397 2406 queremus,
1421 2341 1588 2406 eguusese,
1617 2320 1823 2403 intimemus',

661 2437 745 2524 quod
772 2443 880 2504 temen
908 2438 1113 2504 iamdudum
1137 2442 1169 2504 ts
1190 2436 1289 2503 letere
1309 2438 1442 2505 minime
1464 2438 1629 2505 eredimus.
1665 2437 1824 2517 Quotiens·

660 2570 796 2639 eumque
807 2552 924 2621 naulis
939 2552 1069 2619 Domini
1081 2554 1117 2619 iu
1132 2552 1270 2619 seeunds
1283 2552 1373 2637 ieris,
1393 2552 1529 2621 velutin
1542 2555 1708 2640 prementi
1724 2548 1825 2637 eund,

660 2668 810 2754 evenerit
832 2688 966 2754 meguus
988 2689 1077 2736 error
1097 2688 1155 2756 per
1177 2668 1343 2736 mucleniae
1366 2668 1427 2736 Dei
1449 2688 1484 2735 se
1505 2669 1658 2750 infundis
1690 2668 1762 2736 eliis
1783 2668 1825 2735 di·

661 2785 819 2870 centibus,
848 2806 913 2852 uon
935 2785 1049 2853 debere
1075 2784 1149 2871 plus
1178 2804 1273 2871 quam
1303 2790 1438 2868 quatuor
1466 2785 1640 2853 dominicus
1666 2786 1740 2853 dies
1761 2804 1826 2852 oum

660 2900 733 2988 ipsa
758 2902 974 2970 secretissima
1002 2902 1177 2969 domininus
1203 2900 1380 2967 nativitatis
1407 2900 1524 2993 vigiliex
1543 2900 1729 2985 telettum,
1764 2902 1827 2969 aliis

660 3038 736 3085 vero
764 3038 783 3085 e
808 3019 938 3103 regione
966 3016 1241 3101 rependeretur,
1271 3016 1373 3100 megis
1396 3022 1541 3103 oportere
1564 3022 1703 3103 quatuor
1724 3018 1827 3109 plenus

661 3133 852 3201 ebdomades
873 3134 1042 3201 adveutum
1057 3132 1187 3200 Domini
1209 3132 1334 3199 hebere.
1367 3131 1518 3211 Quintum
1539 3133 1624 3201 diem
1638 3134 1827 3203 dominicum

661 3250 841 3336 specialiter
862 3250 990 3333 vigiliae
1011 3248 1141 3316 Domini
1161 3248 1353 3332 dedioeutes,
1381 3248 1502 3315 nullum
1525 3248 1621 3333 aliud,
1643 3256 1682 3317 ut
1703 3250 1827 3319 investi·

661 3386 738 3451 gere
764 3367 941 3453 potuimus,
969 3366 1159 3433 detensionis
1185 3384 1261 3433 sues
1283 3368 1503 3449 argumentum
1525 3364 1576 3433 vel
1596 3366 1757 3437 tutionem
1778 3367 1827 3433 hu

662 3480 765 3566 beut‘,
787 3483 851 3549 nisi
872 3481 986 3549 utillo
1007 3487 1143 3567 quutuur
1163 3479 1277 3565 effide,
1300 3502 1361 3567 que
1383 3481 1418 3549 in
1431 3480 1669 3549 noeturueiibus
1686 3482 1827 3570 autipho-

661 3597 761 3665 uariis
779 3597 993 3682 inveniuntur,
1016 3596 1068 3664 vei
1081 3596 1231 3665 leotiones
1247 3602 1427 3665 uersurum
1443 3596 1680 3681 euangeliorum
1696 3617 1828 3667 neuneu

661 3718 695 3779 et
714 3713 852 3799 spostoli
871 3714 996 3800 plenius
1019 3712 1261 3800 adimpleantur.
1299 3714 1352 3783 Ad
1374 3713 1451 3784 haee
1473 3712 1529 3781 alii
1550 3712 1728 3801 pleniorem
1751 3714 1828 3783 reri·

660 3828 737 3895 tetis
758 3828 885 3897 reeioue
906 3829 1073 3897 mbuixem
1096 3830 1308 3917 antiquorum,
1332 3830 1417 3899 beati
1438 3830 1586 3899 videlieet
1607 3828 1755 3915 Gregorii
1776 3850 1828 3918 pa·

660 3964 721 4031 pre
749 3962 788 4011 au
814 3944 993 4032 presbyteri
1019 3945 1213 4031 Hieronimi,
1249 3947 1415 4033 proterunt
1446 3946 1644 4017 sententium.
1691 3946 1829 4026 Quorum

662 4060 742 4127 ulter
762 4061 799 4126 in
818 4060 900 4127 libro
922 4067 1207 4147 seemmenterum,
1235 4062 1269 4129 id
1292 4067 1341 4130 est
1361 4062 1499 4146 missali,
1528 4062 1575 4130 ita
1595 4062 1827 4149 prestitulsvit:

661 4176 835 4244 Dominiou
852 4180 962 4265 pro'oou
984 4180 1023 4245 de
1044 4180 1180 4246 adverto
1201 4180 1352 4261 Domini,
1376 4182 1536 4245 dominica
1557 4182 1704 4263 secunda,
1730 4182 1827 4248 dorni·

661 4296 737 4359 πίω
756 4296 859 4375 mtto,
883 4296 1043 4361 donam
1064 4308 1190 4382 quartu,
1215 4314 1276 4379 que
1296 4294 1444 4381 proxima
1465 4300 1515 4361 est
1536 4299 1611 4362 ente
1630 4296 1828 4363 uetiritatsm

661 4406 808 4491 Domini;
831 4408 912 4496 ulter
933 4430 1009 4478 vero
1030 4411 1065 4477 iu
1087 4410 1287 4495 lectionario,
1310 4430 1404 4497 quem
1426 4410 1542 4479 librum
1565 4408 1698 4479 Comitis
1722 4408 1828 4503 eppei·

660 4618 863 4741 Manli.
939 4614 1159 4677 niuemque.
1236 4614 1665 4677 eraeqedaenmdeborabm
1746 4612 1825 4663 dhr-

705 4693 787 4740 terli.

732 4799 758 4853 L
780 4794 880 4853 meet.
891 4797 936 4866 47,
948 4797 975 4853 3.
987 4797 1014 4853 4.
1097 4798 1123 4853 D.
1146 4796 1245 4855 Eseuln
1257 4798 1302 4869 47,
1314 4800 1341 4853 u.
1422 4799 1448 4853 3.
1471 4796 1594 4855 Arihoue
1610 4798 1755 4855 θοαὶαίω
1772 4797 1825 4853 lio·

661 4886 803 4957 guntinam
820 4888 942 4956 regente,
960 4885 1057 4940 netelis
1069 4885 1170 4941 Christi
1187 4887 1215 4942 iu
1233 4886 1305 4942 diem
1318 4887 1412 4941 Luuus
1430 4886 1526 4942 insidit
1542 4902 1614 4943 euno
1627 4888 1695 4943 1021
1707 4892 1737 4943 et
1748 4886 1823 4943 rost.
