4342 6034
653 748 840 795 nurerouru
861 748 1090 797 mouerentur
1113 748 1151 794 ar.
1167 748 1198 793 as
1298 723 1301 732 '
1444 729 1508 797 atr

353 888 417 954 nica
437 887 620 955 auctoritate
643 908 712 955 esse
734 888 938 975 prohibitum
962 894 994 955 et
1015 908 1072 954 nos
1095 888 1249 955 veraciter
1263 886 1412 955 dioimus:
1435 888 1651 972 quisnamne

352 1003 455 1085 ritum,
483 1022 544 1089 quo
574 1003 744 1071 adventum
766 1002 896 1071 Domini
923 1003 982 1069 hoo
1005 1023 1087 1069 auno
1111 1002 1320 1087 celebramus,
1349 1004 1509 1069 asanotis
1528 975 1568 1021 ⁸¹¹¹

1583 966 1651 1021 1027

351 1117 484 1203 patribus
507 1116 632 1185 Gelasio
661 1117 812 1203 Gregorio
840 1116 1024 1185 Hieronimo
1053 1122 1147 1203 atque
1169 1117 1301 1204 Hylario
1328 1118 1510 1187 indubitan-

350 1237 394 1299 ter
414 1234 607 1320 accepimus,
636 1234 692 1319 qui
714 1232 800 1301 velut
822 1234 912 1301 bases
935 1234 1113 1301 consistunt
1132 1233 1168 1299 in
1191 1240 1318 1301 sanctae
1341 1234 1511 1301 aecclesias

349 1348 563 1417 fundamentis.
598 1348 737 1427 Quorum
758 1349 924 1417 sententiis
946 1348 1030 1416 nolle
1053 1349 1279 1433 acquiescere·‚
1301 1351 1510 1435 transgressio

349 1470 393 1531 est
411 1464 491 1549 legis
515 1466 650 1533 diuinae.

429 1580 517 1649 Haeo
546 1582 608 1649 etsi
628 1581 675 1647 ita
697 1600 766 1646 esse
789 1580 961 1662 credimus,
991 1579 1075 1647 haud
1099 1579 1193 1660 facile
1214 1585 1321 1648 tamen
1344 1580 1414 1647 aliis
1436 1602 1511 1668 per-

348 1696 552 1764 suadebimus.
596 1695 794 1782 Quapropter
817 1716 856 1762 ex
878 1700 1007 1761 sanetae
1029 1694 1114 1762 sedis
1135 1701 1209 1763 tuae
1232 1697 1418 1763 auctoritato
1440 1718 1511 1763 seu-

348 1812 440 1879 teutia
463 1812 605 1899 prodeat,
628 1816 807 1879 sauctorum
831 1816 957 1897 potrum
980 1812 1126 1877 instituta
1148 1832 1276 1879 servare
1290 1812 1448 1896 decernat,
1469 1834 1512 1879 ne

349 1933 468 1995 sauctae
490 1928 602 1995 matris
626 1926 777 1994 aeclesiae
799 1925 867 2011 filii,
890 1928 924 1992 iu
946 1926 1062 1993 scisma
1084 1926 1196 2010 divisi,
1219 1928 1324 1994 minus
1346 1906 1511 1994 unanimes

348 2048 470 2129 possent
493 2043 635 2110 habitare
657 2044 692 2108 in
714 2042 806 2108 domo
828 2040 897 2107 Dei.
932 2040 1014 2107 Nam
1038 2062 1077 2107 ex
1101 2041 1248 2108 dulcifluo
1271 2044 1352 2109 sacri
1374 2044 1511 2129 pectoris

348 2160 390 2224 tui
408 2160 497 2226 fonte
519 2178 634 2245 purum
656 2159 749 2227 huius
772 2158 922 2225 scientiae
945 2162 1055 2243 potum
1070 2157 1199 2224 tandem
1213 2157 1341 2225 haurne
1356 2159 1510 2245 cupimus,

347 2294 382 2340 ue
408 2294 466 2361 per
495 2275 600 2341 uarios
629 2294 770 2340 errorum
799 2272 917 2339 rivulos
946 2272 1064 2338 diutius
1095 2292 1211 2339 suero
1232 2294 1291 2339 nos
1314 2274 1509 2357 coenemus3

347 2396 379 2455 ut
403 2390 459 2457 illo
488 2389 595 2459 valeas
625 2390 769 2457 mercede
791 2388 917 2468 donari,
948 2408 1043 2475 quarn
1065 2387 1220 2455 Dominus
1243 2410 1301 2476 por
1323 2390 1510 2477 prophetam

347 2505 455 2573 ultus
479 2484 584 2573 verbis
608 2505 754 2589 diguatus
777 2510 826 2571 est
847 2504 1005 2591 polliceri:
1030 2506 1135 2585 Booti,
1159 2509 1217 2591 qai
1237 2509 1396 2573 seminans
1416 2530 1512 2594 super

348 2644 444 2689 omnm
473 2616 602 2708 aquosi
693 2620 833 2687 Dilectus
862 2620 1011 2688 ecclesiae
1039 2640 1192 2707 sponsus,
1220 2622 1274 2705 qui
1302 2620 1431 2699 cottidie
1457 2622 1512 2689 de-

348 2737 462 2804 scondit
484 2736 518 2803 iu
539 2736 666 2803 hortum
689 2756 781 2802 suum
803 2735 844 2801 ad
867 2735 1006 2803 areolam
1028 2732 1237 2819 aromatum¹,
1263 2740 1306 2819 te,
1328 2741 1510 2822 pascentem

347 2851 497 2919 inhortis
520 2852 672 2919 uirtutum
694 2852 778 2917 iuter
804 2850 872 2917 lilia
899 2851 1053 2918 castitatis
1082 2850 1289 2934 convallium,
1317 2857 1391 2937 post
1417 2852 1512 2919 huius

347 2968 424 3035 ritae
445 2968 618 3035 terminum
640 2966 769 3049 colligat
790 2966 823 3031 in
845 2965 992 3033 horreum
1016 2986 1117 3033 suum.
1205 2965 1330 3033 Salutat
1350 2971 1384 3033 te
1406 2966 1511 3034 humi·
1623 2982 1626 2987 ·

347 3082 382 3149 lis
395 3083 603 3168 Augiensium
625 3082 759 3149 ficuum
782 3073 951 3165 catervula,
975 3101 1101 3168 semper
1121 3082 1169 3148 tui
1185 3102 1306 3148 memor
1320 3082 1405 3149 iuter
1419 3103 1512 3151 sacra

349 3200 519 3267 orationum
542 3197 704 3265 libamina

350 3380 405 3454 18.
424 3386 528 3451 Arido
543 3386 796 3471 archiepiscopos
809 3384 1016 3471 Mapontimse
1031 3385 1190 3449 Bononio
1205 3385 1327 3451 oddara
1340 3386 1510 3472 Aupiensea

429 3504 611 3567 sententiaro
639 3502 677 3565 de
704 3522 832 3565 numero
864 3502 987 3566 dimum
1009 3502 1241 3566 dominicorum
1263 3503 1413 3568 odoratus
1437 3502 1509 3569 Do·

430 3620 512 3683 mini
530 3614 674 3704 probuti.

529 3748 779 3835 Rescriptum
806 3748 995 3815 Aribonis
1025 3748 1326 3836 archiepiscopi.

431 3864 636 3931 Sanctitatem
660 3868 798 3930 vestram
827 3883 904 3929 aevo
927 3864 1119 3951 sempiterno
1141 3864 1361 3931 intemeratam
1384 3884 1510 3933 conser-
1527 3888 1567 3932 uo
1582 3880 1650 3935 1021

350 3978 412 4045 uari
433 3986 589 4067 optantes,
612 3978 857 4065 circumspectae
878 3983 1002 4044 vestrae
1024 3979 1058 4044 in
1072 3980 1134 4064 luis,
1158 4000 1237 4065 quae
1252 3980 1293 4046 ad
1307 3980 1409 4046 Deum
1425 3986 1508 4065 sunt,
1527 3959 1566 4003 ¹¹¹¹
1583 3952 1651 4006 ¹⁰²⁷

350 4093 547 4163 sollicitudini
575 4094 777 4179 gratulemur.
813 4092 953 4161 Tandem
981 4094 1075 4161 etiam
1104 4096 1217 4162 vestris
1245 4096 1325 4162 bene
1352 4101 1385 4163 et
1411 4095 1509 4163 artili-

351 4208 427 4277 eiose
453 4212 605 4297 inuentis,
636 4210 754 4299 optime
780 4209 957 4297 dispositis,
988 4209 1122 4276 facunde
1144 4209 1274 4277 elocutis
1296 4215 1329 4277 et
1349 4217 1509 4297 postremo

351 4320 436 4393 dumo
455 4327 608 4395 memoria
628 4326 841 4414 pronuntiatis
864 4346 903 4395 ex
927 4324 1032 4391 auimo
1049 4324 1192 4391 favemus
1209 4326 1411 4408 mactatibus3
1435 4328 1511 4393 etsi

353 4456 408 4523 qna
432 4442 486 4509 illa
514 4447 563 4509 est
589 4440 790 4529 pontificatus
817 4440 935 4507 tantilli
963 4440 1149 4525 audentes,
1180 4441 1247 4507 eius
1270 4441 1352 4507 sicut
1372 4442 1509 4526 rogastis

417 4597 437 4631 ι
456 4586 572 4645 mucore
586 4588 616 4631 Β.
692 4583 716 4629 b.
735 4600 765 4629 ιτ
780 4584 832 4629 aad.
848 4584 962 4645 quondm
978 4586 1043 4641 infer.
1059 4594 1156 4630 mast.
1171 4583 1298 4636 Ratiatum,
1317 4583 1384 4628 lodis
1399 4584 1510 4630 tabularii

353 4664 404 4723 regis*
414 4666 563 4719 Monacensis,
579 4664 666 4709 Μῦν.
677 4680 739 4709 socc.
747 4664 846 4718 111101.
857 4664 894 4710 dt.
926 4664 1051 4709 ediderunt
1064 4666 1112 4711 Pa
1125 4664 1231 4709 rtuw.
1245 4662 1349 4708 «ucho
1358 4663 1397 4710 W
1405 4664 1435 4709 P.
1444 4663 1507 4710 114⁹

354 4747 372 4783 d
386 4743 482 4791 summ
497 4754 519 4791 st
532 4743 632 4791 mesa
649 4744 697 4789 Vos.
709 4744 786 4802 serapt.
800 4743 854 4788 soll.
867 4742 942 4789 1889.

417 4828 441 4883 1.
463 4829 637 4901 nuaaao.
726 4830 751 4885 a.
776 4828 855 4884 uns.
868 4830 893 4898 c,
907 4828 931 4882 1.

1235 4922 1294 4979 240
