4342 6034
549 783 629 832 vioe
652 781 806 830 lauaem
828 780 1091 830 anomianooes
1111 779 1309 828 senonem
1446 761 1511 828 611

347 929 393 990 est
413 923 451 990 de
472 923 581 990 multis
602 923 752 1008 inserere,
775 943 836 1008 qne
858 923 1014 1006 religiosis
1038 920 1166 988 auribus
1185 921 1415 988 familiaritatis
1437 926 1601 987 eon-1153

346 1039 440 1106 sartio
462 1059 610 1106 euenere
632 1037 761 1106 solebat.
797 1037 913 1104 Aiebat
935 1039 1035 1104 enim:
1062 1037 1223 1124 Quisquid
1244 1039 1324 1102 naibi
1344 1061 1382 1103 ea
1397 1039 1514 1104 bonore

345 1157 544 1222 sacerdotalis
567 1157 666 1241 offleii
688 1157 828 1220 ennensi
850 1157 1002 1235 amident,
1025 1177 1091 1220 non
1105 1156 1320 1241 oaldepenso.
1358 1154 1412 1220 De
1425 1154 1514 1219 oobie

345 1285 454 1352 autern,
477 1273 558 1336 mim
578 1280 632 1336 ae·
656 1273 694 1336 de
715 1293 751 1336 re
772 1271 995 1350 assidentibus,
1018 1291 1083 1336 nen
1105 1273 1234 1336 minime
1256 1271 1364 1347 dolso;
1387 1273 1445 1356 qui
1458 1271 1512 1334 de-

344 1389 492 1452 n'derium
519 1384 622 1452 meum
643 1387 827 1474 plenissime
855 1389 951 1452 emtis.
993 1385 1151 1452 Vetustam
1180 1389 1264 1452 esaim
1289 1409 1403 1452 nonem
1422 1385 1513 1450 aebe-

343 1515 516 1590 mentesque
543 1503 739 1588 eonfraetem
766 1516 795 1568 et
816 1527 837 1568 a
858 1503 965 1568 multis
988 1503 1213 1589 depopulatam
1235 1523 1291 1588 eqo
1313 1502 1457 1586 infirmus
1486 1514 1515 1567 et
1570 1531 1573 1539 ¹

343 1621 491 1704 indiqnus
514 1621 646 1706 maaepi.
678 1618 822 1704 Undique
845 1622 927 1684 enirn
941 1620 1058 1704 fluetus
1080 1621 1220 1694 maana
1243 1631 1272 1683 et
1287 1620 1461 1684 cottidiana
1475 1640 1515 1682 aa

342 1735 450 1800 aalide
477 1747 655 1822 tempestate
682 1747 842 1820 quassate,
867 1737 998 1822 putride
1021 1735 1145 1800 ecelesia
1166 1735 1356 1820 Maqunn'ne
1377 1734 1513 1819 naufra-

341 1854 428 1936 qium
457 1852 561 1916 tabule
588 1863 711 1916 suant.
745 1851 891 1937 Populus
914 1855 997 1915 enim
1019 1851 1070 1915 bio
1091 1871 1178 1915 naeus
1200 1852 1279 1916 dure
1301 1853 1429 1915 annisis
1453 1844 1515 1914 est¹

344 1979 370 2031 et
390 1969 626 2032 ineireumeieue
650 1961 759 2032 eorde²
782 1980 812 2032 et
834 1967 927 2032 labiis
934 1991 944 2042 ;
966 1989 1023 2031 nee
1046 1968 1174 2032 dornari
1182 1979 1288 2053 potest
1301 1979 1358 2032 aut
1371 1967 1415 2031 ad
1427 1969 1515 2030 marn

342 2085 536 2150 eemndmts
564 2085 653 2162 duri,
682 2085 749 2147 nisi
775 2083 882 2148 aeuleo
903 2083 1043 2168 flaqellis
1071 2083 1352 2169 scorpionibusque
1374 2083 1512 2150 redama.

343 2200 566 2286 Maquntinum
586 2202 668 2264 enim
684 2211 803 2286 oportet
818 2202 912 2284 quasi
925 2201 1127 2284 tpranmdem
1141 2196 1309 2264 eaerem'.
1343 2198 1515 2284 Nusquam

342 2329 407 2380 tuta
427 2317 511 2398 fides
540 2327 593 2380 est.
630 2315 696 2396 Qui
723 2317 818 2392 enim
834 2316 930 2380 edunt
952 2337 1055 2402 panae
1083 2337 1168 2380 meos
1197 2326 1226 2379 et
1254 2317 1312 2400 qui
1332 2314 1389 2379 sub
1411 2315 1515 2400 speeie

342 2432 506 2496 eabibnsdi
519 2433 640 2496 snuitii
654 2431 733 2495 mibi
746 2433 905 2510 meamus,
929 2433 1040 2498 sitiunt
1054 2434 1239 2517 sanquinem
1255 2451 1375 2507 meum3
1389 2429 1515 2514 fraude

342 2561 369 2612 et
390 2549 557 2614 domeenm
586 2547 659 2612 dolo
689 2547 882 2611 obserantes
905 2548 985 2612 mibi
1007 2540 1214 2612 cananeun'.
1250 2545 1353 2612 Nulla
1373 2568 1448 2611 uero
1471 2558 1517 2611 eet

341 2665 498 2747 abactor
519 2666 615 2749 pestes
639 2684 735 2748 quom
758 2663 941 2727 domminus
957 2663 1063 2728 toene.
1100 2663 1214 2727 Preter
1226 2663 1417 2728 volumtatem
1428 2684 1514 2748 pen·

341 2781 481 2861 tuflealm⁸
504 2782 606 2866 apiaie
630 2800 725 2842 onera
748 2778 946 2863 laboremque
969 2791 1093 2842 conones
1116 2782 1248 2864 mmaepi
1276 2776 1320 2842 Et
1341 2777 1514 2844 adiciebat:

343 2895 436 2976 Quod
458 2907 560 2960 mmm
584 2895 679 2959 annuli
698 2895 762 2957 mei
782 2893 1011 2960 maledictionis
1035 2915 1073 2958 aa
1095 2896 1266 2979 impietatis
1288 2915 1424 2980 persone
1450 2915 1516 2958 mee

340 3024 447 3076 notam
469 3006 629 3096 infliqunt,
655 3021 841 3074 asserentes:
864 3032 913 3074 me
933 3010 1097 3096 prebuisse
1118 3013 1300 3090 mesenam,
1325 3031 1389 3095 qua
1402 3009 1515 3093 felicis

340 3130 487 3193 moueris
506 3128 706 3213 predecessor
727 3147 812 3190 mua
834 3125 1022 3192 llleinrieusd
1037 3127 1247 3211 Maquntiaue
1270 3129 1399 3191 anseres
1421 3150 1442 3190 a
1464 3129 1517 3190 eui

339 3245 517 3330 presulatus
540 3243 704 3308 madiret
725 3241 852 3322 bonore,
877 3243 966 3307 Deus
990 3245 1048 3328 qui
1069 3243 1324 3307 absconditorum
1345 3255 1391 3306 est
1405 3245 1514 3327 seqni-

341 3373 390 3424 tor
411 3363 508 3438 noui,
534 3360 619 3444 quod
640 3362 676 3423 in
698 3359 756 3423 boa
777 3359 919 3422 eoeleste·
943 3371 971 3423 et
992 3359 1117 3443 nq‘orio
1139 3358 1232 3423 uerbo
1254 3361 1290 3423 in
1311 3357 1400 3422 nullo
1418 3357 1516 3422 anisii

341 3479 482 3540 sommus
505 3497 584 3540 mem.
620 3475 688 3539 Nee
709 3475 778 3538 ulla
799 3487 904 3539 reabse
927 3473 1100 3561 imputatio‘
1121 3496 1223 3538 meam
1244 3477 1280 3539 in
1302 3475 1361 3539 bae
1382 3495 1418 3538 re
1438 3495 1513 3538 oen-

340 3595 501 3658 sea'entiam
529 3591 683 3670 samar,
714 3593 779 3654 nesi
806 3593 882 3675 quia
911 3591 966 3654 ille
988 3591 1087 3656 bonus
1110 3591 1202 3654 bum
1225 3629 1268 3638 —
1291 3613 1362 3654 oum
1384 3593 1419 3654 in
1441 3611 1512 3654 sen-

341 3711 431 3774 tentie
457 3709 606 3794 penderet
633 3707 785 3786 amento,
815 3707 971 3771 actoribus
1001 3730 1061 3794 pro
1085 3709 1316 3793 dilapidatione
1339 3707 1464 3771 eealeeie
1485 3719 1515 3771 et

342 3825 512 3890 obedientie
533 3825 779 3909 transqressione
801 3824 915 3886 aeriter
937 3826 972 3887 in
995 3827 1101 3910 ipsum
1122 3823 1294 3909 aqentibuss,
1318 3845 1375 3887 nee
1389 3822 1514 3888 baberet

342 3943 426 4024 qaod
439 3941 670 4005 renouabiliter
684 3951 873 4025 proponeret
888 3977 930 3986 -
945 3941 1113 4021 nitebatur,
1137 3953 1174 4005 est
1187 3942 1337 4004 adeum
1352 3942 1513 4004 emmena

341 4057 402 4122 sibi
430 4059 615 4123 aetarnae.
653 4054 746 4136 Quod
775 4057 851 4140 quia
865 4055 925 4138 fas
948 4078 1012 4120 non
1036 4068 1104 4121 erat
1124 4057 1290 4141 omnifeste
1311 4058 1438 4120 variati
1459 4077 1511 4120 oe·

342 4195 465 4238 mersere
485 4176 704 4259 pertinaciter,
734 4194 791 4236 nea
812 4172 902 4236 salua
923 4171 990 4236 Dei
1009 4175 1117 4258 qratia
1139 4185 1196 4237 aut
1217 4184 1282 4236 tuto
1305 4171 1422 4236 bonore
1443 4193 1511 4235 meo

341 4289 375 4352 id
392 4289 505 4373 faeere
533 4289 675 4374 quibam,
706 4291 856 4374 imposuit
883 4288 963 4352 mibi
991 4311 1060 4352 eum
1091 4291 1157 4352 susi
1180 4310 1293 4353 nomen
1316 4287 1511 4372 columpnis:

342 4407 426 4490 quod
457 4406 585 4470 bononis
619 4417 648 4472 et
680 4407 843 4490 diqnitatis
872 4425 926 4468 sue
953 4404 1016 4470 sibi
1042 4405 1331 4490 supplantationem
1349 4402 1509 4487 forassem

411 4621 431 4654 ι.
451 4607 495 4656 bae
511 4609 532 4655 1.
625 4607 648 4654 b.
669 4608 766 4656 exiatm
783 4611 805 4656 1.
898 4621 918 4654 a.
939 4606 1086 4668 pontificialia
1103 4609 1126 4654 1.
1219 4607 1242 4654 d.
1265 4607 1334 4664 tel,
1350 4607 1471 4654 Heinrieua
1487 4609 1510 4654 2.

342 4699 361 4734 a.
380 4686 472 4734 scelesti
489 4689 510 4734 1.
587 4687 603 4734 1.
623 4688 735 4748 ίιιρυὶιῆο
751 4691 835 4748 πήρη·
846 4705 888 4748 pro
905 4687 1021 4747 moenem
1039 4689 1060 4742 1,
1077 4688 1208 4748 componito
1224 4690 1247 4734 2.

411 4792 436 4846 1.
458 4791 640 4862 Exod.32,9.
726 4795 752 4847 2.
776 4791 818 4848 cf.
836 4793 932 4847 leram.
946 4793 971 4861 9,
984 4793 1027 4846 26.
1112 4792 1138 4846 3.
1162 4791 1265 4861 Paeo,
1279 4793 1309 4846 l:
1330 4792 1403 4862 ,ipsi
1421 4793 1508 4846 oaloa·

342 4892 421 4934 neum
439 4895 529 4936 meum
546 4879 763 4937 observabont“.

1237 4978 1295 5033 39ὕ
