4342 6034
558 800 778 850 asomum
798 803 843 850 ur
865 802 967 851 nunu
988 802 1177 851 ammonas
1200 804 1253 849 mo.
1271 804 1313 849 ιιι
1453 788 1518 854 287

358 938 473 1025 lemque
493 940 578 1007 inter
603 962 662 1008 nos
684 942 888 1026 legatarium
917 948 950 1010 et
970 943 1042 1010 ideo
1064 942 1235 1030 perillum
1257 942 1392 1029 valebis,
1423 964 1519 1030 quae·
1538 954 1679 1011 too-7⁷8

356 1066 499 1141 cumque·
520 1056 585 1140 vis,
608 1058 700 1124 virae
720 1059 807 1125 vocis
831 1060 1032 1126 attestatione
1053 1058 1145 1126 nobis
1168 1058 1356 1147 patefacere.

389 1171 421 1237 ·l·
439 1170 678 1239 Precedentium
702 1194 825 1259 quoque
847 1174 977 1240 nomina
998 1175 1247 1261 propinquorum
1270 1181 1461 1259 nostrorum,
1485 1176 1519 1241 id

356 1291 399 1353 est
419 1286 538 1371 lrmigi,
560 1286 720 1376 Notbtbry
742 1295 837 1375 atque
858 1288 1010 1357 Dubcbae
1025 1326 1068 1337 —
1085 1310 1193 1359 omnes
1216 1290 1284 1357 Deo
1307 1292 1430 1358 dicatae
1453 1292 1516 1357 vir-

353 1401 436 1484 gines
462 1440 498 1451 -
523 1402 584 1469 tibi
605 1404 795 1487 direximus3
817 1406 1032 1492 postulantes:
1054 1406 1146 1472 utin
1170 1406 1380 1473 oblationibus
1403 1408 1517 1474 missa-

353 1537 419 1583 rum
447 1524 481 1585 et
506 1520 685 1585 orationum
714 1518 872 1603 suffragiis
898 1521 1051 1587 habeatis.
1104 1520 1185 1600 Quia
1212 1522 1330 1589 similia
1358 1523 1447 1589 vobis
1479 1522 1519 1589 ad

353 1634 446 1699 vicem
468 1633 613 1701 beneficii
633 1635 807 1721 rependero
829 1638 933 1722 parati
954 1657 1073 1703 sumus.
1163 1636 1251 1703 Deus
1273 1642 1305 1704 te
1328 1639 1518 1707 incolumem

352 1748 503 1815 mstodiat
525 1754 567 1833 et,
590 1751 625 1815 in
647 1751 715 1817 eius
736 1752 914 1819 ministerio
936 1752 1119 1839 pollentem,
1142 1752 1238 1836 longa
1259 1772 1316 1839 per
1339 1758 1518 1841 temporum

351 1864 450 1949 spatia
471 1864 632 1933 custodire
654 1865 810 1949 dignetur.

383 1978 593 2061 Aeardul‘i
643 1977 741 2063 Plus
764 1981 1148 2071 episcopusLulloQ
1202 1978 1484 2073 Pcoepiscopo.

355 2189 435 2261 121.
456 2192 642 2281 Cyoourdue
669 2198 834 2283 epsicopus
863 2196 1073 2263 Victoriarum
1099 2195 1195 2261 Lollo
1223 2199 1370 2285 aposcopo
1399 2200 1437 2263 de
1463 2200 1519 2265 do-

455 2313 510 2376 m'a
531 2313 637 2377 moesis
651 2314 776 2397 prorius
792 2315 869 2399 aps.
904 2312 947 2378 In
968 2314 1124 2399 anqustiis
1139 2326 1313 2379 uersantem
1328 2314 1517 2381 conolores.

455 2426 597 2491 Manem
618 2425 737 2493 codol.
1113 2424 1149 2505 (S
1166 2428 1219 2511 86,
1241 2426 1281 2494 W
1299 2430 1374 2513 122,
1396 2426 1424 2495 G
1443 2430 1518 2511 lll)

384 2556 417 2625 ·l·
437 2556 578 2625 Domino
599 2579 793 2646 magnopere
814 2559 973 2645 diligendo
995 2564 1028 2625 et
1049 2560 1141 2627 nobis
1157 2560 1299 2629 omnium
1313 2562 1517 2648 peregrinan-
1536 2566 1678 2623 ιιι-780

349 2672 424 2739 tium
445 2694 508 2761 pro
531 2672 651 2741 Christi
672 2694 779 2743 amore
801 2673 970 2741 karissimo
991 2674 1084 2742 Lullo
1108 2676 1224 2743 antiste
1246 2674 1446 2763 dynamius,
1469 2678 1518 2745 iu·

350 2788 460 2873 diguus
482 2794 522 2857 ut
541 2810 668 2875 vereor,
691 2787 876 2879 episcopus¹
896 2792 932 2857 in
954 2789 1080 2857 Christo
1104 2790 1249 2858 salnmm.

431 2904 586 2973 Libenter
608 2925 683 2990 ergo
706 2907 896 2993 suscipimus
922 2906 1070 2989 fratrem,
1103 2926 1122 2973 a
1151 2912 1183 2973 te
1206 2906 1247 2972 ad
1269 2924 1326 2972 nos
1349 2926 1449 2993 usque
1472 2907 1520 2975 di-

349 3027 467 3089 rectum
490 3040 564 3087 cum
591 3021 750 3089 dulcidius
776 3022 930 3089 donorum
958 3026 1153 3103 vestrorum3
1182 3027 1215 3089 et
1243 3022 1361 3105 gratias
1391 3028 1520 3106 agentes

349 3134 412 3203 Deo
435 3142 470 3204 et
491 3136 596 3220 vobis,
620 3138 705 3222 quod
725 3139 827 3205 nostri
848 3138 1036 3205 memoriam
1057 3158 1099 3204 ex
1120 3142 1187 3204 tam
1208 3138 1339 3203 remotis
1362 3142 1519 3205 terrarum

349 3249 461 3319 linibus
482 3252 590 3319 facere
611 3252 788 3337 diguimini.
834 3253 878 3321 Et
898 3254 987 3338 ideo,
1016 3254 1099 3321 sicut
1126 3274 1182 3319 vos
1206 3252 1285 3321 velle
1308 3253 1519 3340 conperimus,

319 3412 323 3419 -
349 3386 503 3435 memores
525 3388 634 3435 sumus
656 3370 765 3453 vestri,
787 3369 822 3435 in
844 3376 997 3455 quantum
1010 3369 1148 3437 Domino
1171 3369 1340 3435 adiuvante
1362 3367 1519 3455 permitti-

350 3502 427 3568 mur,
449 3504 578 3570 semper
599 3484 634 3551 iu
656 3484 851 3551 orationibus
872 3486 1007 3567 nostris;
1031 3485 1242 3568 obsecrantes,
1265 3490 1311 3569 ut,
1335 3484 1419 3569 quod
1434 3483 1520 3551 fideli

350 3618 385 3665 ac
403 3598 588 3667 firmissimo
611 3600 761 3686 coepistis
784 3600 909 3684 animo,
932 3620 1033 3685 usque
1055 3601 1096 3667 ad
1118 3600 1214 3667 linem
1237 3599 1362 3667 firmam
1383 3600 1520 3667 retinea-

350 3715 404 3799 tis,
432 3734 615 3802 quanquam
641 3716 751 3783 multis
778 3715 1036 3783 tribulationibus
1065 3715 1246 3783 tundimini.
1293 3715 1378 3793 Quae
1405 3734 1520 3801 prope·

349 3830 477 3897 modum
499 3850 609 3898 omnes
631 3832 736 3899 sancti
756 3831 843 3898 soliti
864 3838 940 3899 sunt
961 3853 982 3897 a
1003 3831 1128 3899 saeculo
1144 3831 1304 3917 perpeti⁰;
1328 3850 1387 3897 uec
1401 3835 1519 3915 tamen,

350 3943 474 4013 Christo
496 3952 686 4033 cooperante
707 3952 741 4014 et
761 3946 966 4015 confirmante
987 3947 1115 4014 illorum
1138 3946 1365 4029 constantiam,
1396 3944 1520 4013 delicie·

349 4060 434 4129 bunt
513 4060 631 4129 Modici
652 4063 831 4130 munusculi
853 4062 1171 4148 quantulamcumque
1193 4062 1384 4149 parvitatem
1401 4061 1520 4127 karita·

350 4177 390 4243 b's
410 4178 630 4245 tantummodo
652 4179 770 4245 intuitu
791 4178 976 4262 direximus,
999 4178 1059 4245 hoc
1080 4182 1131 4243 est
1153 4176 1191 4243 de
1214 4182 1322 4243 nostro
1339 4178 1457 4245 vertitu
1470 4178 1520 4244 in-

351 4292 544 4378 dumentum,
566 4295 650 4361 sicut
671 4294 774 4361 solent
795 4294 1034 4381 prodecessores
1049 4294 1151 4359 nostm
1167 4292 1441 4378 prodecessoribus
1457 4294 1520 4359 tuis

352 4406 517 4475 destinare.
563 4410 653 4489 Quod
681 4416 713 4477 te
741 4431 800 4496 pro
822 4410 1002 4478 humilitate
1025 4414 1057 4477 et
1078 4408 1321 4475 mansuetudine
1343 4414 1399 4474 tua
1422 4408 1520 4473 susci-

351 4540 425 4606 pere
438 4524 605 4608 dignanter
621 4527 725 4609 etuti,
747 4526 934 4612 suppliciter
948 4546 1127 4612 precamur.
1163 4522 1276 4591 Valere
1297 4528 1330 4589 te
1344 4524 1378 4589 in
1393 4522 1520 4589 Christo

354 4642 384 4701 et
404 4640 510 4706 vivere
531 4640 656 4707 felicem
678 4660 804 4727 semper
826 4647 982 4727 optamus.

422 4802 445 4834 a.
464 4802 632 4853 quacumque
648 4793 677 4841 V.
754 4790 777 4838 b.
798 4809 828 4837 a
845 4792 869 4841 V
881 4792 919 4839 56.
942 4794 997 4841 sin«
1011 4792 1122 4837 lanata
1200 4802 1221 4835 o.
1240 4789 1343 4849 perpasti
1362 4790 1388 4836 V.

422 4884 449 4938 1.
470 4885 664 4957 vaesana,
683 4886 837 4943 rso-rso.
