4342 6034
563 770 645 817 vrrs
667 769 821 817 sancum
842 769 1105 819 ancsmvmcorr
1127 770 1325 819 moeusnnu
1463 754 1527 819 631

353 918 413 975 ne·
436 908 565 975 omnino
593 909 776 978 viderentur
803 910 941 993 contusi,
970 910 1148 995 efflagitant
1176 910 1298 979 litteras
1322 912 1618 996 dimissorias,1159

354 1030 390 1089 ut
422 1024 616 1111 recipiantur
649 1026 888 1093 satistacicntes
934 1027 1025 1105 Quod
1058 1028 1192 1095 domnus
1222 1028 1388 1113 episcopus
1417 1027 1529 1095 libenti

352 1142 460 1207 animo
488 1141 630 1226 fecisset,
664 1143 693 1209 si
719 1144 782 1228 ipsi
810 1144 998 1227 condignam
1025 1143 1281 1210 satisfactionem
1303 1143 1527 1211 exhibuissent

351 1255 512 1323 Frustrati
549 1258 648 1341 igitur
687 1258 747 1325 bac
780 1259 863 1343 vice,
903 1260 1017 1325 iterato
1057 1259 1166 1326 labore
1204 1259 1313 1325 multis
1350 1259 1529 1326 litterarum

351 1372 524 1457 precariis*
551 1373 660 1441 domni
691 1374 894 1459 imperatoris
926 1374 1160 1461 multorumque
1191 1374 1373 1441 interventu
1405 1374 1529 1441 multis-

351 1507 415 1571 quc
443 1489 590 1574 precibus
617 1490 801 1575 pulsabant:
831 1496 868 1557 ut
894 1490 991 1573 digna
1017 1510 1090 1557 cum
1117 1490 1331 1557 satisfactione
1354 1491 1456 1557 denuo
1479 1510 1529 1557 re-

350 1606 544 1690 ciperentur.
578 1606 800 1691 Acqaievisset
826 1606 961 1673 domnus
988 1607 1156 1692 spiscopus
1186 1613 1219 1673 et
1240 1612 1317 1671 tuuc
1340 1626 1449 1673 eorum
1472 1626 1528 1693 po·

350 1720 591 1802 stulationibus3
614 1722 670 1788 sed
692 1722 755 1809 ipsi
777 1742 859 1805 cam,
883 1742 979 1806 qnam
1000 1722 1202 1808 exposcebat,
1226 1720 1319 1789 dare‘
1337 1722 1530 1807 spernebant

350 1836 610 1905 satisfactionem.

443 1951 552 2019 Multis
579 1952 707 2020 medem
729 1952 928 2039 precatibus*
950 1953 1059 2019 domui
1080 1953 1284 2039 imperatoris
1301 1988 1342 1999 -
1359 1958 1528 2039 postquam

350 2069 473 2135 iudicas
495 2068 672 2155 deputarat,
695 2070 750 2153 qui
772 2089 827 2135 ecs
842 2070 884 2135 ad
898 2067 1146 2135 satisfactionem
1162 2089 1262 2154 usque
1277 2069 1429 2137 deberent
1443 2088 1528 2135 ccm-

350 2185 471 2271 pellere
490 2222 526 2234 -
544 2185 660 2251 domuc
682 2185 868 2270 imperatori
890 2183 998 2251 volens
1021 2184 1144 2251 deterre
1151 2195 1172 2268 ⁸,
1196 2185 1317 2268 anuuit,
1341 2190 1377 2251 ut
1398 2186 1433 2251 in
1451 2186 1528 2252 civi-

350 2308 453 2367 tatem
473 2300 723 2384 ingrederentur.
757 2300 802 2367 Et
820 2300 976 2386 prefigens
992 2301 1038 2367 eis
1053 2301 1148 2385 diem,
1173 2320 1317 2383 egressus
1333 2301 1373 2368 de
1389 2300 1527 2385 civitate,

351 2416 533 2483 condictum
560 2436 669 2483 eorum
691 2416 923 2503 prestolabatur
945 2416 1170 2483 subelectionis
1192 2416 1373 2483 terminum.

442 2531 556 2599 Potitia
583 2532 681 2615 igitur
707 2553 764 2599 sue
785 2533 958 2599 voluntatis
981 2532 1158 2619 optatibus,
1188 2532 1347 2599 confracte
1370 2532 1459 2618 prius
1482 2533 1528 2599 eis

350 2650 436 2715 vires
465 2648 586 2715 malitie
612 2668 677 2714 non
704 2648 894 2715 deiecerunt
933 2647 997 2714 Sed
1025 2648 1112 2713 omui
1140 2652 1298 2734 temptata
1326 2649 1527 2715 conaminum

349 2765 480 2850 gravius
500 2765 537 2831 in
558 2764 710 2831 domnum
732 2766 916 2851 episcopum
939 2768 1150 2847 assurgentes,
1173 2768 1262 2830 tanto
1277 2764 1389 2831 robore
1404 2766 1527 2852 plateae

349 2882 490 2951 civitatis
517 2880 691 2965 domosque
719 2880 905 2965 omnesque‘
925 2880 1050 2945 viarum
1077 2898 1248 2945 concursus
1271 2880 1421 2966 ipsosque
1442 2882 1527 2949 cives

350 3004 557 3065 armaverunt
580 2999 616 3063 in
642 2999 764 3083 ipsum,
792 3004 829 3062 ut
850 2997 941 3063 iuxta
962 3016 1072 3061 eorum
1094 2995 1239 3061 sevitiam
1262 2995 1367 3063 nullus
1392 3018 1411 3063 a
1433 2998 1527 3065 modo

349 3114 467 3211 domne
489 3115 637 3201 episcopo
660 3114 695 3179 in
716 3114 878 3179 civitatem
899 3117 1024 3198 pateret
1043 3104 1197 3177 accessus.
1225 3110 1394 3179 Elevatum
1410 3118 1459 3179 est
1473 3134 1528 3181 cor

349 3248 461 3297 corum
483 3230 596 3314 nimis,
624 3235 658 3297 et
678 3230 776 3295 locuti
797 3234 873 3295 sunt
895 3228 1045 3295 adversm
1069 3227 1173 3293 Deum
1196 3233 1229 3292 et
1251 3228 1401 3295 adversus
1426 3229 1526 3295 domi·

348 3366 429 3413 uum
455 3365 549 3413 snum
576 3346 759 3432 episcopum
786 3344 822 3410 in
849 3364 966 3428 magna
992 3342 1144 3429 superbia
1166 3348 1199 3409 et
1221 3344 1372 3427 nequitia
1408 3343 1526 3413 Contu·

348 3462 518 3547 leruntque
545 3482 659 3529 manus
686 3481 775 3541 suas,
804 3460 1046 3546 proscriptionis
1069 3464 1102 3524 et
1124 3458 1270 3525 exulatus
1293 3459 1527 3546 multarumque

349 3576 559 3645 afflictionum
580 3578 712 3643 iniurias
734 3577 907 3661 mortisque
927 3575 1037 3643 titulos
1051 3576 1086 3641 in
1101 3576 1206 3661 ipsum
1222 3575 1386 3641 dictantes.
1421 3576 1526 3662 Rapa·

348 3715 430 3777 cem,
452 3699 634 3780 mannum,
658 3692 869 3779 pestilentem,
892 3697 925 3757 ct
940 3691 1092 3776 quidquid
1110 3690 1306 3777 blasphemie
1321 3692 1454 3777 spiritu⁸
1469 3693 1525 3759 ad·

347 3810 494 3877 invenire
520 3814 684 3896 poterant,
712 3830 784 3875 eum
812 3806 1034 3887 nominabant3
1064 3806 1236 3873 adimentes
1266 3808 1305 3873 ad
1335 3808 1524 3875 contumelio

347 3927 504 3995 maiorem
526 3924 702 3992 cumulum:
725 3924 819 4009 quod,
842 3924 871 3989 si
892 3922 1015 3989 redirel
1032 3923 1184 4007 unquam*
1201 3924 1235 3989 in
1251 3924 1410 3991 civitatem
1427 3924 1523 3991 aude·

346 4046 415 4124 ret,
449 4042 513 4127 ipsi
539 4040 704 4107 carnifices
726 4038 876 4125 panifices
899 4038 1050 4104 cardones
1080 4036 1242 4123 pelliparii
1271 4039 1406 4105 sacharii
1435 4060 1523 4107 meu·

347 4157 507 4243 statiiquek
529 4157 640 4223 adesse
660 4156 694 4221 iu
717 4156 822 4241 ipsum
845 4154 927 4221 sese¹
950 4152 1196 4240 proscribebant.

438 4272 610 4357 Postquam
645 4271 738 4337 buius
765 4270 962 4337 infidelitatis
989 4269 1141 4356 profanus
1171 4274 1203 4335 et
1231 4268 1384 4335 nefandus
1414 4289 1523 4337 mmor

346 4396 450 4458 totam
477 4394 596 4455 terram
626 4393 818 4475 asperserat,
846 4388 880 4453 in
909 4385 1055 4473 superbie
1083 4406 1139 4451 sue
1165 4384 1343 4472 pervicacia
1365 4384 1444 4471 ipsis
1467 4406 1522 4450 ex·

346 4505 522 4589 stantibus,
552 4502 709 4571 sinodales
738 4503 806 4569 dies
835 4502 1057 4569 adventabant
1148 4500 1291 4567 Domuus
1317 4500 1425 4584 itaque
1455 4502 1522 4588 epi·
1539 4518 1588 4566 oe.

422 4654 442 4686 a
463 4652 506 4685 uec
521 4640 544 4685 1.
615 4636 638 4682 b.
659 4636 769 4696 precariis
785 4639 869 4695 scripse·
879 4653 923 4695 pre
938 4636 1009 4695 pariis
1026 4636 1048 4691 1,
1064 4636 1087 4681 2.
1166 4648 1185 4680 c.
1207 4633 1256 4680 dari
1272 4635 1294 4679 s.
1372 4632 1395 4678 d,
1415 4632 1520 4692 precibus

347 4720 480 4781 precatibus
497 4722 519 4774 1,
535 4720 557 4764 2.
632 4731 653 4763 e.
674 4716 788 4762 deservire
805 4717 826 4761 2.
898 4715 1053 4761 temneat.
1123 4727 1145 4772 g.
1166 4714 1297 4773 spiritual.
1366 4712 1389 4758 b.
1410 4713 1431 4759 si
1447 4714 1521 4759 redire

348 4800 443 4847 aaut
521 4798 537 4844 'a
557 4808 673 4855 nunquan
689 4799 711 4842 2.
789 4795 812 4842 k.
833 4794 984 4853 mensamque
1000 4796 1022 4839 1.
1100 4794 1116 4839 l.
1136 4794 1217 4839 adeam
1236 4793 1261 4839 iu
1280 4792 1354 4852 ipsum
1373 4806 1424 4839 sese
1440 4796 1523 4853 scripsi

343 4878 694 4940 protudciuipmcm
