4342 6034
623 767 687 834 llo
847 783 873 831 s.
890 782 1068 831 soarrnrn
1090 783 1134 830 nn
1156 781 1258 830 nonar
1280 778 1467 828 nrmnonmc
1488 779 1527 826 ss.
1541 779 1572 826 sa

499 930 553 986 742
708 923 861 1012 Episcopi
884 943 1008 1009 qnoque
1030 929 1063 990 et
1084 922 1253 1010 presbiteri
1275 921 1399 1005 generis
1421 919 1625 1003 Francorum,
1649 919 1705 1005 qni
1726 919 1794 985 fne-

451 1004 526 1051 rsa-
535 1002 602 1050 M
619 1046 696 1108 rnnt
718 1040 855 1107 adulteri
877 1039 927 1106 vel
954 1039 1160 1106 fornicatores
1189 1037 1350 1121 acerrimi,
1380 1055 1457 1122 quos
1486 1036 1518 1102 in
1549 1034 1650 1119 gradu
1672 1036 1794 1121 episco-
1933 1055 1934 1064 ¹

619 1161 713 1243 patus
736 1155 787 1223 vel
809 1155 990 1242 presbiterii
1011 1154 1255 1221 fornicationum
1277 1151 1334 1219 filii
1356 1153 1424 1219 nati
1447 1157 1599 1236 arguunt,
1630 1151 1794 1218 revenien-

619 1278 667 1339 tes
691 1272 731 1340 ab
755 1272 928 1359 apostolica
950 1272 1041 1355 sodo,
1065 1271 1189 1336 dicunt:
1214 1269 1274 1336 sibi
1294 1267 1472 1336 Romanum
1494 1265 1676 1354 pontificem
1697 1266 1794 1333 licen·

618 1389 698 1454 tiam
727 1388 868 1472 dedisse,
903 1387 1115 1454 ministerium
1150 1385 1329 1472 episcopale
1357 1385 1392 1452 in
1421 1383 1573 1452 aecclesia
1601 1383 1793 1452 ministrare.

619 1503 704 1582 Quos
726 1509 836 1571 contra
858 1504 1086 1572 contendimus.
1134 1501 1215 1580 Quia
1243 1501 1448 1588 apostolicam
1477 1499 1585 1568 sedern
1607 1505 1719 1568 contra
1741 1500 1795 1568 de·
1933 1531 1934 1580 ι

618 1625 706 1688 creta
728 1640 884 1688 canonum
906 1639 1108 1706 nequaqnam
1131 1617 1309 1684 audivimus
1332 1617 1498 1686 indicasse.
1933 1597 1934 1614 l

708 1736 795 1804 Haec
817 1737 933 1821 omnia,
957 1736 1085 1802 domine
1107 1734 1289 1818 karissimo,
1313 1739 1483 1821 propterea
1505 1737 1581 1800 nota
1605 1732 1694 1800 rebla
1717 1731 1794 1800 faci·
1933 1799 1934 1810 ,

619 1872 705 1920 mus:
734 1858 771 1919 nt
798 1857 922 1920 varrus
951 1851 1148 1920 auctoritatis
1171 1869 1358 1936 responsum
1380 1849 1496 1916 talibus
1519 1849 1596 1916 dare
1618 1849 1794 1936 possimus3

619 1975 656 2034 ut
681 1989 740 2055 per
767 1969 925 2036 cautelam
953 1972 1078 2034 restrae
1101 1965 1243 2034 doctrino
1265 1985 1339 2032 oves
1363 1963 1533 2032 aecclesiae
1555 1985 1619 2032 non
1642 1965 1796 2032 seducan-
1933 1977 1934 1986 ³

619 2091 689 2169 tur,
714 2085 769 2151 sed
792 2085 861 2172 lupi
883 2104 1014 2171 rapaces
1038 2083 1174 2150 convicti
1198 2089 1229 2149 et
1252 2081 1393 2169 superati
1416 2086 1557 2168 pereant

708 2200 834 2267 Interea
855 2200 1043 2268 munuscula
1065 2219 1165 2286 parva
1188 2197 1277 2265 vobis
1301 2196 1489 2281 direximus,
1514 2216 1579 2264 non
1602 2197 1677 2283 quia
1698 2196 1796 2282 digna

620 2317 685 2383 sint
707 2317 891 2402 paternitati
913 2322 1046 2400 vostrae
1070 2316 1127 2384 sed
1148 2336 1205 2402 pro
1221 2315 1337 2382 indicio
1353 2313 1496 2380 caritatis
1512 2318 1544 2380 et
1559 2313 1795 2382 oboedientiae·

619 2431 805 2516 dovotionis,
828 2432 862 2498 id
885 2437 934 2499 cst
955 2426 1137 2498 villosaml¹
1159 2449 1256 2498 unam
1280 2436 1312 2498 et
1334 2430 1457 2513 argenti
1480 2433 1512 2496 et
1536 2429 1603 2498 anri
1621 2429 1793 2498 tantillum.

619 2546 760 2614 Dextera
774 2547 904 2614 Domini
926 2553 1122 2635 protegente,
1145 2546 1333 2614 incolomem
1355 2545 1462 2612 valere
1484 2545 1565 2612 etin
1580 2545 1705 2612 Christo
1720 2567 1795 2634 pro-

620 2661 713 2730 licere
735 2663 963 2730 beatitudinem
986 2669 1125 2731 vestram
1146 2663 1181 2728 in
1203 2661 1399 2746 longitudine
1422 2661 1545 2729 dierum
1568 2667 1725 2748 optamus.

776 2779 821 2846 Te
843 2779 930 2848 Deus
954 2780 1143 2848 altithronus
1166 2785 1276 2846 sancta
1297 2781 1462 2846 conservet
1483 2777 1517 2844 in
1541 2777 1627 2863 node,

776 2894 868 2963 Sedis
891 2897 1064 2984 apostolice
1084 2901 1257 2979 rectorem,
1281 2901 1425 2981 tempora
1446 2893 1551 2978 longa,

775 3011 927 3080 Melliflua
948 3018 1074 3097 gratnm
1097 3011 1224 3100 populis
1248 3010 1392 3077 doctrina
1413 3030 1471 3096 per
1493 3010 1612 3095 orbam,

775 3127 984 3214 Perficiatqne
1006 3128 1074 3196 Deo
1098 3128 1229 3212 dignum
1251 3127 1306 3214 pia
1328 3127 1432 3210 gratia
1451 3125 1579 3194 Christi

777 3243 951 3331 Splendida
971 3244 1130 3332 percipiat
1150 3242 1266 3312 florens
1288 3263 1347 3310 sna
1368 3243 1484 3326 gaudia
1505 3246 1618 3327 mator,

776 3360 883 3447 Atque
905 3360 1019 3428 domna
1040 3359 1172 3428 Domini
1193 3360 1328 3428 laetetur
1349 3358 1439 3446 prole
1460 3358 1620 3427 fecundat

622 3571 686 3642 43.
710 3575 889 3640 lutuosas
913 3599 1007 3662 papa
1034 3575 1202 3659 Bmffaoo
1235 3575 1411 3662 respondet.
1459 3573 1555 3641 Sedes
1589 3573 1795 3660 episcopales,

713 3690 906 3777 Wrzibarqi
927 3691 1116 3778 Barudorpa'
1135 3690 1343 3778 Erpteptarti
1373 3693 1572 3771 camaracus,
1602 3689 1796 3778 comprobat.

710 3807 763 3872 Do
786 3808 935 3886 secedim
958 3809 997 3873 do
1017 3807 1171 3894 improbos
1193 3807 1405 3874 sacerdotibus
1428 3808 1609 3874 demendas.
1646 3807 1708 3888 Nc,
1732 3809 1798 3874 arai

711 3927 849 3989 mortecto
864 3925 1050 4010 aliquando,
1067 3924 1131 3990 aiot
1144 3946 1350 3990 successoren
1364 3925 1511 4010 deuocat
1543 3923 1646 3990 Addo
1660 3925 1699 3990 de
1713 3925 1796 3990 aaa·

711 4042 831 4105 mendas
854 4044 974 4128 nuptiis
999 4041 1204 4127 quibasdam
1227 4043 1266 4106 do
1277 4062 1428 4128 pcrccm
1441 4041 1659 4106 Kalendarum
1674 4039 1796 4106 Ianua·

712 4159 836 4244 maram
858 4158 1032 4223 celebritate
1053 4182 1075 4224 c
1097 4179 1162 4224 acac
1183 4155 1329 4223 cunctat
1411 4154 1447 4238 (S
1461 4153 1561 4240 1421),
1577 4152 1617 4222 W
1629 4155 1683 4238 52,
1699 4151 1796 4236 650)

545 4305 598 4361 ‘143
711 4289 977 4357 Reverentissimo
1012 4296 1044 4358 et
1076 4291 1275 4358 sanctissimo
1309 4289 1401 4356 fratri
1437 4287 1596 4358 Bonifatio
1630 4287 1797 4376 episcopo·

526 4381 605 4440 ΛΡΜ
623 4404 792 4473 Zacharias
816 4427 926 4474 servus
948 4426 1112 4474 servorum
1134 4405 1218 4474 Dei'.

713 4522 875 4612 Susceptis
898 4522 1117 4590 sanctissimas
1138 4521 1346 4589 fraternitatis
1368 4525 1442 4588 tuae
1463 4517 1597 4589 litteris¹
1619 4541 1678 4610 per
1692 4521 1798 4590 Dene-

694 4680 714 4714 ο.
736 4685 793 4714 corr.
810 4665 994 4714 inoboedientia
1009 4669 1036 4714 C.
1129 4665 1152 4712 b.
1173 4665 1294 4712 unlllosom
1312 4669 1345 4720 M,
1362 4668 1458 4712 corr01'n
1473 4665 1578 4712 villosam
1595 4668 1621 4714 C.
1715 4677 1735 4712 o.
1755 4668 1797 4712 sic.

623 4746 648 4792 d.
667 4763 697 4792 sn
712 4751 741 4794 M
755 4747 889 4803 dl-o'lo,
906 4745 1040 4794 etl-lo.
1063 4747 1117 4794 sou
1132 4746 1235 4792 maa
1253 4749 1292 4803 Μς
1312 4744 1416 4806 Ilplntolo
1432 4743 1554 4793 zacharias
1570 4744 1600 4792 od
1615 4743 1754 4792 Bonifatium
1771 4747 1797 4793 C.

624 4840 644 4872 o.
665 4826 802 4886 coepiscopo
820 4828 846 4873 C.
923 4824 940 4872 f.
960 4824 1053 4872 Domini
1069 4828 1104 4872 M.

695 4922 720 4976 1.
744 4921 871 4977 mantele.
960 4922 986 4976 2.
1010 4935 1054 4990 ep.
1066 4920 1102 4976 42
1121 4935 1206 4991 supra
1222 4935 1250 4990 p.
1265 4921 1324 4977 111.
