4342 6034
642 762 707 827 132
867 778 894 826 s.
910 778 1088 826 aosrssun
1110 779 1154 825 nn
1175 777 1278 824 nuum
1299 776 1494 826 nruanounn
1509 778 1539 824 se

552 925 605 980 744
640 920 741 986 corda'
757 918 1092 986 excellentissimorum
1115 917 1273 984 'filiorum'
1289 916 1622 1008 nostrorum'Pippini
1650 922 1683 985 at
1705 915 1813 984 Carlo-

531 997 580 1044 Μ’
593 999 624 1045 ²²
640 1035 769 1119 manni,
792 1040 829 1101 ιιι
850 1035 910 1102 tibi
931 1035 966 1100 in
987 1035 1224 1122 praedicatione
1246 1035 1379 1102 sociiet
1401 1035 1560 1101 adiutores
1583 1041 1658 1100 esse'
1673 1033 1814 1100 niteren-

639 1157 693 1218 tur
710 1161 775 1218 'ex'
796 1151 1005 1238 inspiratione
1027 1150 1144 1217 divina.
1191 1149 1332 1228 Quorum
1353 1157 1481 1218 merces
1498 1151 1627 1236 copiosa
1647 1154 1758 1217 manet
1779 1149 1813 1216 in

639 1267 750 1349 caelis;
774 1265 943 1352 quoniam*
966 1265 1149 1333 benedictus
1172 1265 1276 1348 homo,
1300 1275 1474 1352 perquem
1497 1265 1693 1352 benedicitur
1714 1266 1812 1333 Deus.

730 1381 779 1450 De
802 1382 959 1469 episcopis
981 1402 1055 1449 vero
1084 1380 1364 1470 metropohtauis,
1384 1383 1418 1448 id
1446 1387 1503 1448 est·
1517 1377 1814 1467 Grimona¹,'quem
1925 1381 1926 1446 ι

638 1511 697 1564 nos
718 1498 784 1564 iam
806 1503 991 1584 conpertum
1013 1497 1182 1581 habemus,
1204 1492 1303 1564 Abel¹
1327 1499 1393 1564 sive
1416 1493 1631 1582 Hartbercto³,
1656 1517 1734 1582 quos
1757 1517 1815 1584 per

581 1649 584 1656 ·
638 1633 893 1700 unamquamque
914 1613 1117 1699 metropolim
1139 1633 1197 1700 per
1225 1613 1404 1699 provincias
1433 1613 1640 1698 constituisti,
1670 1613 1728 1680 hos
1757 1633 1816 1700 per

638 1735 729 1796 tuum
751 1729 970 1797 testimonium
990 1727 1234 1812 confirmamus
1261 1734 1294 1796 et
1315 1729 1414 1816 pallia
1436 1729 1617 1813 dirigimus⁸
1641 1729 1682 1796 ad
1705 1749 1816 1795 eorum

637 1844 853 1913 firmissimam
881 1845 1088 1913 stabilitatem
1117 1850 1149 1912 et
1178 1845 1348 1912 aecclesiae
1378 1845 1438 1912 Dei
1467 1849 1687 1930 augmentum,
1717 1845 1815 1912 utin

638 1961 762 2029 meliori
788 1960 956 2048 proficiant
982 1966 1077 2028 statu.
1174 1960 1317 2040 Qualiter
1345 1962 1430 2029 enim
1458 1982 1526 2028 mos
1556 1960 1647 2048 pollii
1676 1961 1736 2046 sit,
1765 1960 1816 2028 vel

639 2077 795 2163 quomodo
817 2075 913 2144 fidem
935 2097 1026 2144 suam
1044 2097 1203 2164 exponere
1219 2077 1354 2146 debeant
1367 2078 1411 2162 hi,
1435 2077 1490 2164 qui
1504 2075 1637 2164 pallium
1652 2077 1700 2143 uti
1715 2076 1815 2143 lieen-

637 2193 686 2261 tia
705 2193 929 2278 conceduntur,
953 2193 999 2260 ais
1021 2193 1211 2275 direximus3
1235 2193 1441 2260 informantes
1457 2213 1526 2260 eos:
1549 2198 1586 2260 ut
1601 2193 1712 2277 sciant,
1738 2192 1815 2278 quid
1925 2261 1926 2274 ,

639 2310 682 2376 sit
702 2308 794 2396 pallii
814 2329 906 2393 usus,
938 2313 971 2376 et
997 2309 1146 2377 subiectis
1170 2310 1255 2378 viam
1277 2309 1460 2397 praedicare
1483 2309 1610 2394 salutis,
1640 2313 1671 2376 ιι
1694 2309 1814 2376 aeccle·
1925 2317 1926 2392 ,

639 2425 768 2492 siastica
795 2424 964 2511 disciplina
991 2445 1100 2492 eorum
1128 2427 1162 2492 in
1190 2425 1349 2493 aecclesiis
1383 2425 1579 2493 inmutilate‘¹
1608 2429 1753 2492 servetur
1783 2431 1816 2491 et
1925 2403 1926 2430 l

639 2545 767 2607 maneat
788 2541 985 2624 inconcussa,
1009 2545 1041 2608 et
1064 2541 1285 2626 sacerdotium,
1310 2541 1395 2628 quod
1416 2541 1449 2608 in
1473 2543 1518 2609 eis
1535 2541 1641 2626 fuerit,
1664 2562 1729 2609 non
1745 2541 1814 2628 pol·
1925 2601 1926 2634 ,

628 2655 751 2741 lutum,
774 2661 810 2722 ut
832 2661 926 2723 antea
946 2656 1017 2741 init,
1041 2657 1098 2725 sed
1119 2657 1271 2724 muudum
1295 2663 1328 2724 et
1350 2662 1512 2744 acceptum
1529 2658 1596 2724 Deo
1615 2678 1684 2726 esse
1700 2659 1813 2745 possit,

640 2776 793 2858 quantum
813 2771 953 2839 humana
974 2773 1116 2840 condicio
1139 2773 1238 2856 valet3
1266 2774 1313 2840 ita
1340 2779 1377 2840 ut
1404 2773 1509 2840 nullus
1531 2774 1688 2861 repperiri
1710 2775 1816 2862 possit
1925 2757 1926 2760 ¹

640 2888 739 2955 sacris
767 2889 894 2956 deviare
916 2890 1087 2958 canonibus
1111 2895 1143 2957 at
1166 2887 1355 2956 sacrificium
1377 2887 1530 2956 mundum
1554 2900 1678 2957 eorum·
1703 2889 1744 2958 ab
1768 2891 1813 2958 eis
1925 2911 1926 2968 ξ

638 3004 834 3088 immolatum
856 3007 903 3073 ita
924 3011 961 3073 ut
975 3006 1061 3074 Deus
1083 3005 1132 3073 in‘
1155 3026 1264 3074 eorum
1287 3004 1429 3092 placetur
1451 3007 1634 3074 muneribus
1657 3012 1690 3074 et
1710 3027 1814 3094 popu-

638 3121 689 3188 lus
711 3120 782 3206 Dei,
806 3121 979 3208 purificatis
1001 3123 1160 3190 mentibus
1184 3143 1224 3189 ox
1247 3121 1334 3188 omni
1356 3121 1518 3208 squalore,
1542 3123 1698 3190 sincerum
1724 3123 1814 3190 exhi·

640 3237 714 3303 bere
735 3235 864 3304 valeant
885 3238 1056 3306 christiane
1078 3238 1239 3322 religionis
1263 3236 1411 3304 officium.

727 3351 876 3420 Retulisti
900 3354 996 3420 etiam
1018 3353 1119 3439 nobis,
1143 3353 1313 3438 karissime
1337 3353 1446 3438 frater,
1470 3355 1554 3440 quod
1576 3355 1654 3422 duos
1676 3356 1814 3443 pseudo-

640 3468 810 3556 prophetas
832 3469 866 3535 in
889 3469 1000 3537 eadem
1015 3468 1211 3537 Francorum
1232 3470 1394 3559 provintia
1415 3471 1621 3557 repperisset,
1647 3491 1726 3557 quos
1749 3493 1814 3540 non

640 3585 931 3672 pseudoprophetas
959 3585 1015 3652 sed
1043 3585 1144 3669 magis
1173 3586 1481 3673 pseudochristianos
1510 3587 1690 3674 appellare⁸
1718 3589 1813 3656 debe-

640 3722 721 3768 mus.
811 3701 862 3769 Ex
885 3702 998 3787 quibus
1027 3700 1143 3769 unum*
1172 3702 1298 3788 quidem
1327 3707 1360 3770 ot
1388 3722 1505 3768 novum
1534 3701 1692 3770 Simonem
1722 3703 1814 3770 iuxta

640 3823 783 3886 tenorem
815 3823 942 3886 tuarum
974 3817 1168 3904 syllabarum
1199 3819 1407 3906 repperimus.
1459 3817 1519 3898 Qui
1553 3820 1648 3886 etiem
1683 3819 1745 3887 sibi
1782 3825 1814 3886 et

641 3935 853 4002 sacerdotium
874 3933 1056 4000 vindicabat
1077 3939 1110 4000 et
1132 3953 1152 4000 a
1172 3933 1298 4001 luxoria
1320 3955 1354 4001 sa
1376 3935 1506 4002 minime
1535 3936 1732 4022 continebat,
1763 3956 1812 4004 se-

641 4051 758 4118 ducens
780 4049 933 4137 populum
956 4054 989 4117 et
1009 4049 1119 4116 inania
1139 4050 1341 4137 praedicaus3
1365 4071 1428 4118 non
1449 4051 1551 4118 solum
1566 4073 1656 4120 suam
1672 4053 1812 4120 animam

640 4167 703 4234 iuri
725 4165 879 4232 diabolico
901 4165 1040 4251 tradens,
1064 4167 1119 4233 sed
1143 4173 1175 4233 et
1196 4167 1385 4254 populorum
1408 4167 1503 4234 corda
1525 4167 1559 4234 in
1579 4167 1744 4236 interitum
1759 4169 1812 4237 de-

640 4302 785 4366 mergam
814 4285 846 4348 ct
874 4283 1025 4350 seducens
1054 4283 1205 4370 populum
1234 4303 1292 4371 per
1320 4283 1490 4370 falsitates,
1526 4285 1572 4352 ita
1605 4290 1641 4352 ut
1669 4306 1742 4352 eum
1772 4285 1811 4352 ab

641 4397 793 4466 aecclesia
814 4397 876 4466 Dei
904 4399 1103 4468 subtraheret
1130 4406 1162 4467 et
1190 4399 1405 4468 aehristiaua
1426 4399 1496 4485 lege
1518 4402 1722 4470 discordaret
1769 4401 1812 4469 Et

714 4626 734 4659 a
755 4613 779 4659 et
795 4615 829 4659 H.
906 4611 930 4658 b.
949 4625 1045 4672 quemn
1061 4617 1095 4660 Μ.
1174 4626 1194 4659 c.
1215 4629 1259 4658 om.
1275 4617 1310 4660 M.
1388 4613 1411 4660 rt
1432 4614 1513 4662 salutis
1535 4615 1559 4661 in
1578 4615 1683 4662 acdestis
1699 4617 1723 4662 et
1739 4615 1811 4664 eecle-

641 4693 734 4740 siastico
752 4691 876 4752 disciplina
894 4705 973 4738 eorum
994 4693 1122 4740 inmutilato
1139 4694 1165 4740 C.
1243 4707 1264 4738 ι.
1285 4710 1353 4740 erasa
1368 4710 1423 4740 occe
1438 4707 1516 4740 sorum
1532 4696 1555 4741 is
1570 4696 1640 4742 lom
1656 4694 1700 4740 deo
1713 4699 1810 4754 putem

639 4775 675 4819 ιιι
689 4775 712 4818 ιι
729 4775 755 4821 c.
832 4772 849 4819 i.
870 4773 895 4820 in
910 4789 954 4820 ose.
972 4777 1006 4820 Μ.
1082 4785 1105 4831 g.
1127 4772 1237 4832 appellari
1255 4775 1289 4820 Μ.

712 4878 737 4932 1.
755 4877 960 4948 Rotomagensi.
1038 4878 1064 4932 2.
1083 4877 1221 4934 Remensi.
1300 4874 1505 4932 sessonensi.
1576 4875 1604 4932 4,
1621 4874 1810 4934 Aldebertum.
1925 4929 1926 4966 3
