4342 6034
546 764 573 813 s.
589 764 765 812 somnum
786 764 830 811 so
851 764 954 811 nuum
975 763 1161 812 mrsnousn
1184 764 1236 811 150.
1253 764 1296 810 ror
1436 743 1502 811 315

356 906 401 990 qui
424 906 554 973 nonnis
581 911 716 973 mortem
743 906 933 992 peccatoris,
961 906 1016 975 sed
1045 911 1081 972 nt
1108 910 1307 973 oonvortstur
1335 910 1367 972 et
1388 905 1475 972 vivat
1484 900 1500 971 ¹.

352 1019 390 1086 Et
409 1022 525 1107 respice
546 1022 581 1086 in
602 1041 653 1086 me
676 1026 708 1087 et
728 1022 877 1088 miserere
898 1023 971 1088 mei.
1015 1021 1096 1101 Quin
1117 1027 1152 1087 tu
1175 1043 1208 1088 es
1232 1022 1367 1123 clemens
1391 1026 1422 1087 et
1443 1021 1502 1087 mi·

353 1137 473 1203 serioors
488 1137 585 1221 Deus,
608 1138 663 1222 qui
685 1137 765 1203 vivis
789 1143 820 1203 et
841 1158 955 1221 regnos
971 1138 1005 1203 in
1021 1137 1147 1204 saec-ula
1161 1138 1365 1208 soeculorum.
1390 1138 1502 1203 Amen

429 1252 573 1337 Domino,
596 1252 731 1319 oenoede
752 1253 830 1319 mihi
853 1274 963 1339 paoem
987 1253 1218 1336 denuitatem,
1241 1252 1335 1320 fidem
1358 1258 1390 1319 et
1411 1254 1505 1319 eusti-

351 1373 455 1453 tatem‚
486 1369 569 1435 rioto
593 1374 625 1435 et
647 1368 770 1435 vestito.
817 1368 861 1435 Et
883 1374 933 1453 tu,
957 1368 1108 1452 Domine,
1138 1368 1176 1434 do
1198 1368 1274 1435 limo
1297 1376 1380 1435 terre
1402 1369 1504 1435 fecisti

350 1505 408 1568 me,
440 1505 514 1550 ossa
541 1490 572 1551 et
599 1505 711 1551 nervos
734 1483 869 1551 firmasti
890 1505 957 1567 me,
988 1483 1109 1571 Spiritu
1132 1490 1239 1551 saneto
1262 1485 1422 1551 tradidisti
1443 1506 1503 1551 me.

350 1601 425 1666 Tuus
453 1622 539 1684 sum,
568 1600 718 1682 Domioe3
748 1599 869 1666 custodi
896 1620 956 1666 me.
991 1598 1127 1665 Domine
1155 1598 1225 1666 Iesu
1253 1598 1392 1685 Christo,
1423 1600 1504 1667 tilius

348 1714 402 1782 Dei
429 1716 511 1800 rivi,
540 1717 593 1801 qni
620 1736 672 1781 me
699 1716 829 1795 ernesti,
859 1736 899 1783 ex
929 1721 995 1783 toto
1018 1716 1111 1783 corde
1134 1736 1220 1800 meo,
1249 1737 1288 1783 ex
1310 1722 1378 1783 toto
1400 1717 1506 1783 anima

348 1852 412 1898 mee
432 1837 464 1899 ot
486 1852 527 1898 ox
550 1837 617 1898 toto
637 1831 821 1897 fortitudine
843 1852 915 1897 meo
935 1836 967 1898 te
990 1832 1122 1898 odorare
1145 1852 1302 1918 presumo.
1337 1831 1413 1898 Post
1429 1832 1505 1919 bop-

350 1949 434 2015 tisoro
462 1954 573 2015 saneto
602 1949 709 2035 ocoepi
737 1952 769 2013 et
790 1947 851 2013 feni
873 1952 983 2013 eontra
1005 1948 1198 2015 voluntatem
1222 1953 1310 2015 tuam
1334 1948 1443 2032 verbo,
1471 1946 1505 2015 in

349 2065 542 2149 rogitatione,
565 2064 598 2130 in
620 2064 818 2151 operation03
841 2063 969 2147 indulge
990 2068 1121 2150 peecata
1142 2084 1223 2130 meu
1258 2062 1301 2129 Et
1324 2064 1377 2149 qni
1399 2064 1433 2129 in
1455 2085 1506 2131 mo

349 2182 493 2267 peoosvit,
518 2185 591 2247 ento
613 2184 815 2266 oonspeotum
830 2178 891 2247 Dei
914 2184 946 2245 et
967 2200 1076 2247 omnes
1100 2180 1232 2247 virtutes
1256 2179 1438 2265 angelorum
1457 2180 1506 2247 his

349 2297 480 2364 demitto.
526 2296 662 2363 Domine
684 2294 770 2363 Deus
793 2295 1000 2382 omnipotens,
1023 2294 1173 2363 oonfitoor
1194 2296 1253 2363 tibi
1275 2302 1405 2383 peooetn
1425 2316 1507 2381 mea,

350 2434 403 2498 que
422 2413 484 2480 ieoi
508 2412 660 2496 etgoss13
689 2416 798 2497 presto
818 2412 897 2477 mihi
919 2430 1028 2478 veram
1049 2412 1274 2498 penitentium,
1304 2412 1430 2479 domino
1454 2432 1507 2480 ex·

350 2528 426 2595 celsi.
470 2528 614 2611 Peneum,
637 2526 782 2612 Domine,
805 2528 839 2593 iu
862 2528 1018 2595 somnium
1041 2535 1075 2595 et
1096 2529 1239 2616 pegritia.
1278 2528 1420 2613 Pooonvi,
1444 2528 1508 2595 Do·

350 2646 441 2731 mino,
464 2645 563 2713 miser
585 2645 619 2709 in
641 2649 853 2726 soommeotn3
875 2643 953 2728 heu,
976 2646 1090 2729 miser,
1118 2666 1190 2713 men
1211 2644 1372 2712 voluntate
1394 2644 1507 2732 pollui3

350 2760 404 2828 heu
429 2762 544 2844 miser,
571 2766 662 2827 tauto
689 2764 764 2827 sunt
790 2760 823 2826 in
853 2780 904 2826 me
926 2743 1065 2845 possets.
1112 2760 1215 2845 Deus,
1244 2762 1403 2829 miserere.
1449 2760 1509 2839 Qui

351 2877 464 2943 nullom
486 2878 535 2943 vis
558 2876 672 2962 perire,
694 2881 803 2962 preste
824 2875 903 2941 mihi
926 2896 1032 2941 veram
1055 2876 1263 2961 penitentiam
1287 2884 1319 2943 et
1341 2877 1437 2961 digna
1458 2898 1509 2945 me

351 2993 503 3061 exaudire.

356 3205 609 3277 lindimacus·
631 3206 762 3293 quedam
782 3207 964 3292 proepon'to
988 3207 1114 3271 cnidum
1137 3207 1175 3270 de
1200 3206 1510 3292 opitondofroorum

454 3336 650 3389 mortuorum
670 3324 821 3387 memorio
843 3321 1008 3387 rodono.
1083 3318 1118 3401 (S
1137 3322 1210 3405 108,
1233 3318 1273 3387 W
1292 3322 1364 3405 144,
1388 3320 1415 3387 G
1435 3322 1509 3402 134)

417 3455 689 3523 Preoutorium
710 3452 949 3521 memorandi
971 3454 1138 3521 fratrum
1160 3454 1443 3521 defunctorum.

432 3572 559 3639 Sunotis
581 3577 613 3639 et
633 3569 864 3637 venerabilibus
881 3570 1041 3653 fratribus,
1063 3569 1111 3638 illi
1128 3570 1288 3657 preposito
1304 3570 1510 3655 omnibusque

353 3688 407 3755 siti
433 3690 467 3756 in
490 3688 616 3757 christo
646 3686 810 3769 subiectis,
837 3686 952 3753 notros
977 3705 1016 3751 ex
1038 3686 1229 3753 monasterio
1251 3686 1306 3753 iilo
1329 3687 1363 3753 iu
1385 3685 1509 3759 Christo

353 3804 488 3873 saluum.

434 3921 616 3988 Direximus
651 3920 758 4003 itaque
791 3917 926 3983 irntrum
955 3921 1135 3983 nostrorum
1163 3938 1265 4005 nuper
1289 3917 1510 3985 defunetorum

353 4038 489 4121 nomino,
522 4042 559 4103 ut
591 4055 699 4101 eorum
731 4033 907 4101 iuventtis
935 4033 1052 4099 sanetis
1080 4034 1275 4101 orationibus
1303 4032 1395 4101 solito
1423 4053 1511 4100 more

353 4154 530 4222 memoriam
556 4151 715 4234 habentis,
747 4154 780 4219 et
808 4149 848 4215 nd
875 4154 981 4216 detera
1009 4148 1155 4235 deinoops
1183 4150 1375 4217 monestede
1402 4149 1511 4217 endem

354 4270 475 4336 nomios
496 4268 615 4354 scriptu
636 4266 797 4350 dirigetis3
821 4266 902 4331 siout
924 4270 956 4331 ot
977 4286 1035 4331 nos
1056 4265 1201 4349 irruimus,
1225 4266 1347 4350 quoties
1368 4266 1407 4333 de
1422 4266 1511 4333 vobis

356 4386 415 4451 sivo
436 4386 474 4451 de
497 4386 608 4451 ceteris
631 4382 831 4449 monasteriis
846 4382 1064 4448 detunctorum
1078 4382 1212 4448 fratrum
1228 4382 1357 4447 nomino
1371 4382 1509 4448 veniunt.

356 4498 417 4567 Hos
438 4506 486 4568 est
509 4550 567 4566 ...
591 4496 742 4584 reliqun'.

421 4652 598 4699 sarus
674 4628 780 4697 uin

421 4749 445 4802 1.
468 4747 566 4803 umen.
581 4747 680 4816 33,11.

792 4856 1063 4877 *-
