4342 6034
653 747 720 814 346
993 763 1181 811 nrrsnonsn
1201 762 1430 811 uocuurursu
1454 762 1483 809 rr

583 914 637 971 ooo
742 904 964 972 Fraternitatis
991 924 1099 973 amore
1126 905 1191 971 acti
1217 902 1340 990 fideque
1366 902 1581 989 antiquiorum
1602 904 1815 989 eiresmdndi

654 1043 693 1089 ea
712 1020 803 1088 vobis
825 1026 1015 1106 sanctaeque
1036 1019 1239 1105 Mogontinas
1262 1020 1444 1104 aecclesiae,
1466 1020 1518 1087 cui
1540 1020 1706 1107 praeestis,
1732 1021 1817 1089 dene
1907 1004 1908 1089 Q

654 1157 730 1223 gare
751 1138 944 1221 ignoramus,
965 1142 1098 1224 propter
1120 1156 1201 1221 quae
1223 1141 1345 1205 saeuos
1362 1136 1490 1203 nuntios
1507 1136 1548 1203 ad
1562 1142 1705 1203 sanctam
1720 1137 1818 1205 sedem

654 1253 808 1341 principis
832 1252 1046 1339 apostolorum
1068 1258 1101 1319 et
1116 1252 1156 1319 ad
1171 1258 1311 1319 nostrum
1329 1251 1533 1338 apostolicam
1549 1252 1736 1336 dignitatem
1749 1254 1819 1321 mis·

655 1389 708 1436 sos
728 1368 947 1452 cognoscimus
970 1373 1003 1435 et
1025 1388 1105 1452 quas
1127 1369 1228 1436 nostri
1251 1373 1464 1435 antecessores
1486 1369 1601 1435 vestris
1621 1371 1820 1437 antecessori·

655 1485 715 1552 bus
742 1485 897 1568 denegare
924 1484 1120 1568 ignorarunt
1156 1482 1279 1551 Scimus
1303 1504 1377 1551 vero
1398 1484 1513 1551 uestris
1539 1484 1654 1551 litteris
1677 1484 1820 1553 mumm-

654 1602 757 1668 libns:
786 1605 896 1667 sancto
915 1598 1079 1667 Bonifacio
1107 1606 1212 1666 uestro
1240 1600 1432 1667 antecessori
1460 1620 1479 1666 s
1501 1596 1653 1685 Gregorio
1679 1602 1820 1685 secundo,

654 1716 807 1801 Grfflorio
829 1716 935 1799 tertio,
957 1734 1017 1781 nec
1037 1734 1102 1781 non
1124 1714 1278 1782 Zacharia
1298 1715 1415 1783 nostrie
1437 1716 1705 1784 antecessoribus·
1719 1722 1821 1787 nostro

654 1833 764 1919 ulique
790 1831 1046 1918 praedecessore,
1074 1848 1219 1898 necnon
1240 1850 1442 1918 praecessore
1463 1836 1571 1899 nostro
1593 1829 1736 1901 liarino¹
1756 1832 1821 1901 Fri·

654 1949 764 2015 durioo
786 1954 896 2014 nostro
918 1946 1081 2031 confratri,
1103 1952 1209 2013 uestro
1231 1947 1436 2034 praecessori,
1459 1946 1619 2033 collatum,
1642 1949 1733 2016 utin
1751 1970 1821 2037 par·

654 2065 740 2133 libus
767 2065 865 2131 totius
888 2062 1077 2130 Germaniae
1100 2061 1282 2148 Galliaeque
1309 2064 1453 2149 provisor
1475 2068 1603 2131 sanctae
1624 2064 1821 2149 Mogontiaco

654 2181 739 2248 sedis
761 2180 899 2247 vicerim
921 2180 1099 2263 missusque
1122 2178 1287 2266 apostolici
1309 2184 1484 2262 teneretur3
1506 2180 1553 2247 ita
1569 2186 1615 2265 ut,
1638 2182 1762 2266 siquos
1777 2182 1821 2249 iu·

655 2298 795 2364 uenisset
816 2295 902 2361 uiros
929 2314 950 2360 a
976 2300 1063 2361 recto
1085 2294 1214 2361 tramite
1235 2294 1376 2362 iustitiae
1397 2296 1575 2380 dromus,-
1602 2298 1822 2384 cuiuscumquu
1907 2310 1908 2313 ’

655 2418 762 2480 essent
783 2430 947 2498 personae,
970 2410 1012 2476 ad
1028 2429 1063 2477 se
1077 2429 1201 2495 rueme,
1224 2410 1279 2479 ubi
1293 2411 1356 2479 loci
1370 2412 1474 2497 valler,
1496 2432 1635 2497 mouere,
1657 2414 1821 2499 corrigere,

655 2528 874 2616 synodumque
894 2526 1085 2593 constituere
1105 2526 1160 2593 ubi
1175 2526 1279 2611 uellet,
1302 2532 1491 2614 potestatem
1506 2528 1671 2615 apostolici
1685 2528 1820 2597 haberet

655 2644 746 2729 lude,
770 2644 846 2729 quia
866 2663 923 2709 ros
944 2640 1039 2709 fidem
1061 2642 1348 2729 subiectionemque
1370 2649 1564 2728 etcertum,
1588 2644 1695 2730 qualia
1716 2665 1822 2714 ornnes
1907 2680 1908 2727 3

655 2764 784 2827 sanctae
803 2758 986 2843 llogoutine
1009 2758 1092 2825 sedis
1115 2759 1237 2845 priores
1260 2760 1440 2845 provisores
1461 2760 1539 2827 lassi
1559 2767 1648 2845 sunt,
1670 2762 1821 2847 fatemini

655 2876 788 2943 eandem
810 2874 899 2942 uobis
921 2879 1112 2961 potestatem
1133 2875 1352 2960 concedimus,
1382 2896 1477 2961 quam
1498 2876 1620 2963 priores
1642 2879 1745 2945 nostri
1766 2878 1821 2945 viri
1907 2858 1908 2885 ³

656 2991 821 3079 apostolici
848 2990 964 3058 restris
992 2991 1150 3077 prioribus
1179 2997 1415 3074 concesserunt3
1444 2992 1592 3077 quatinus
1620 2994 1689 3061 vice
1717 3000 1821 3061 nostru

654 3108 825 3175 sceleratos
847 3112 880 3174 et
900 3126 1018 3193 prauae
1039 3108 1124 3173 uitae
1146 3106 1289 3173 homines
1305 3108 1447 3185 habeatis
1462 3113 1651 3195 potestatem
1667 3112 1821 3198 corripere

654 3229 689 3291 et
717 3224 758 3291 ad
786 3224 872 3289 uiam
900 3222 1044 3289 ueritatis
1067 3224 1181 3289 vermis
1204 3224 1452 3291 exortationibus
1474 3244 1622 3292 revocare
1645 3230 1677 3293 et
1699 3232 1737 3294 ut
1756 3226 1820 3293 sitis
1907 3248 1908 3311 j

655 3338 915 3407 nosteruicarius
929 3338 1456 3424 missusinpartibusGernrsniae
1471 3338 1669 3426 Galliaeque:
1693 3347 1740 3427 ut,
1756 3342 1820 3409 ubi·
1907 3330 1908 3397 ἶ

655 3474 790 3539 cumque
810 3454 975 3540 episcopos
988 3453 1180 3539 presbiteros
1194 3455 1342 3523 diaconos
1358 3456 1408 3523 uel
1422 3456 1592 3523 monachos
1606 3458 1704 3525 etiarn
1719 3460 1819 3525 cuius·

655 3590 789 3656 cumque
815 3589 969 3657 personae
997 3569 1140 3637 homines
1163 3576 1273 3639 contra
1295 3592 1430 3639 canones
1452 3578 1486 3639 st
1506 3574 1679 3641 constituta
1700 3580 1819 3641 sando-
1907 3658 1908 3663 Ἰ

654 3707 728 3753 rum
748 3692 878 3773 patrum
900 3686 967 3752 sive
988 3690 1099 3753 contra
1121 3686 1368 3755 aeclesiasticam
1390 3690 1532 3773 regulam
1546 3690 1721 3758 excessisse
1734 3710 1819 3777 repo·

654 3803 754 3885 rietis,
778 3801 952 3889 apostolica
973 3802 1160 3869 auctoritate
1182 3803 1273 3869 iuxta
1286 3824 1421 3872 caucum
1437 3806 1630 3873 stinatituta
1644 3811 1819 3875 sauctorum

655 3923 783 4006 patrum
810 3916 883 3984 illos
905 3919 1061 4002 corrigere
1084 3924 1117 3985 et
1139 3918 1179 3985 ad
1203 3920 1286 3986 uiam
1308 3920 1451 3988 scutatis
1473 3922 1622 3989 reducere
1644 3942 1709 3989 non
1731 3922 1818 3989 omit·
1907 3980 1908 4019 3

655 4033 741 4101 tatis.
778 4018 940 4119 Synodum
963 4034 1059 4101 etiam
1081 4034 1171 4102 uobis
1194 4036 1351 4122 provisori
1364 4038 1607 4125 metropolitano
1622 4036 1818 4123 Mogontinae

656 4149 741 4216 sedis
767 4150 973 4235 constituere,
1002 4150 1057 4217 ubi
1079 4150 1219 4238 placeat,
1249 4152 1448 4219 concedimus
1470 4154 1613 4241 partibus
1637 4152 1817 4221 Germaniae

657 4264 841 4350 Galliaeque
862 4266 931 4333 sins
953 4266 1085 4333 alicuius
1108 4267 1354 4336 contradictione
1368 4289 1532 4356 personae.
1602 4269 1637 4337 Si
1652 4270 1722 4357 quis
1737 4289 1815 4351 uero,

657 4382 742 4467 quod
763 4382 856 4465 absit,
879 4382 967 4449 vobis
989 4382 1107 4449 vicario
1130 4383 1294 4471 apostolici
1309 4383 1387 4451 uelit
1400 4385 1504 4471 aliquo
1520 4387 1741 4469 contradicere,
1762 4404 1815 4451 vos
1907 4404 1908 4481 p

657 4498 861 4585 apostolicam
889 4497 996 4564 sedem
1019 4498 1223 4585 appellando,
1253 4501 1346 4585 sciat,
1376 4502 1440 4568 nisi
1462 4508 1535 4569 snte
1557 4523 1615 4569 uos
1638 4504 1815 4571 terminetur

655 4620 798 4702 tempore
820 4634 840 4680 a
860 4614 949 4680 uobis
971 4614 1152 4700 constitute,
1175 4614 1263 4683 illum
1286 4616 1458 4705 apostolica
1472 4619 1690 4688 benedictione
1703 4616 1813 4707 privari
1907 4624 1908 4715 p

657 4737 689 4799 et
710 4730 919 4797 anathematis
941 4730 1066 4797 uinculo
1088 4730 1225 4817 religari.
1907 4720 1908 4749 l

727 4864 752 4919 1.
774 4860 801 4919 Π
819 4860 979 4919 942—946.
1168 4888 1189 4923 a.
1211 4878 1234 4922 st
1249 4874 1364 4938 Stephano
1380 4876 1493 4926 saridim
1507 4877 1603 4925 otum.
