4342 6034
530 799 557 847 s.
574 798 750 847 normsnn
770 800 815 847 nu
836 800 941 847 nuum
962 800 1150 849 nnmnousn
1174 800 1227 847 rae.
1244 800 1289 847 mr
1426 786 1492 851 293

334 942 452 1008 tentism
474 945 613 1026 agerem,
636 940 712 1007 dum
733 942 888 1026 venerint,
911 942 1051 1029 inpane
1073 946 1107 1009 et
1129 962 1226 1028 aqna3
1250 948 1290 1010 et
1305 964 1361 1011 voe
1381 944 1492 1012 simili·
1512 953 1652 1009 loo-‘186

333 1064 390 1141 ter,
412 1056 596 1125 abstinendo
619 1058 658 1125 ab
682 1059 768 1125 omni
790 1078 885 1125 carne
908 1064 940 1125 et
962 1059 1020 1125 ab·
1042 1059 1129 1127 omni
1151 1064 1229 1146 potu
1252 1060 1307 1146 qni
1328 1060 1421 1129 melle
1442 1061 1492 1127 in-

331 1173 516 1256 dulcoratnr;
540 1176 685 1258 seientes,
709 1174 784 1260 quis
803 1176 831 1240 si
851 1175 1002 1262 spernitis
1016 1176 1113 1242 istam
1128 1176 1387 1262 increpationem,
1409 1178 1493 1263 quod

331 1290 479 1376 spernatis
507 1310 595 1375 eum,
625 1291 679 1376 qui
702 1310 722 1356 a
743 1290 812 1358 Deo
834 1292 953 1357 missus
976 1296 1025 1357 est
1046 1296 1227 1377 peccatores
1251 1293 1356 1359 salvos
1378 1294 1492 1378 lacere,

328 1406 423 1473 idest
443 1406 623 1490 Christum,
652 1408 707 1492 qni
737 1407 820 1473 dixit
846 1409 880 1473 in
904 1407 1082 1492 euangelio:
1115 1408 1181 1491 Qui
1201 1432 1256 1475 cos
1278 1413 1414 1497 pesse,
1445 1432 1494 1477 me

329 1528 456 1611 spemin
487 1527 544 1611 qai
564 1538 669 1590 aetem
689 1548 739 1589 mc
760 1528 896 1611 φωναὶ,
921 1528 1041 1612 spmit
1062 1548 1149 1606 eam,
1175 1529 1233 1612 qai
1252 1548 1301 1591 me
1322 1521 1434 1608 misit¹,
1458 1524 1493 1591 id

329 1644 370 1705 est
389 1639 492 1706 Deum
513 1610 638 1726 patrem
662 1641 920 1727 omnipotentem.
968 1639 1124 1727 Optamus
1145 1641 1180 1707 in
1203 1640 1339 1726 Christo,
1362 1640 1403 1707 sd
1425 1662 1492 1709 me-

328 1756 399 1822 liora
418 1776 477 1823 uos
500 1756 650 1823 conuerti.

330 1968 409 2039 127.
433 1970 540 2037 Troes
569 1984 598 2037 ct
619 1970 792 2039 Aldberebt
820 1973 973 2037 diaeonus
995 1971 1127 2038 Mum
1155 1974 1337 2059 episcopum
1364 1984 1489 2057 repant,

374 2148 404 2214 4
425 2101 464 2153 ssa
482 2110 545 2175 pro
568 2110 601 2153 se
622 2089 715 2154 deum
736 2084 885 2153 invocet.
1083 2085 1120 2167 (S
1137 2088 1189 2171 79,
1213 2085 1253 2156 W
1271 2089 1344 2170 118,
1369 2084 1491 2167 (3107)

356 2220 421 2310 ΛΡΑ
444 2220 583 2287 Domino
610 2221 646 2287 in
667 2220 804 2287 Domino
832 2218 1056 2287 venerabiliter
1081 2218 1240 2305 diligendo
1268 2225 1299 2287 et
1322 2218 1491 2290 deleetabi·
1510 2226 1651 2283 loo-wo

326 2337 389 2403 liter
405 2337 591 2404 honorando
605 2336 708 2421 Lullo‚
732 2338 932 2423 episcopatus
945 2336 1048 2403 infuls
1061 2337 1216 2422 fungenti,
1240 2336 1342 2405 Traea
1357 2336 1491 2424 supplex

326 2452 522 2521 vernaculos·
544 2455 579 2519 in
601 2452 726 2519 Christo
749 2472 922 2539 perennem
945 2452 1091 2520 salutem.

403 2570 563 2657 Tempore
582 2590 685 2656 nuper
706 2574 867 2635 transacto
887 2574 1012 2636 vestrae
1027 2568 1179 2637 almitatis
1194 2569 1415 2653 litteraturam,
1439 2590 1492 2637 us·

327 2708 377 2773 qne
404 2688 444 2754 ad
474 2692 603 2753 nostrae
628 2686 856 2753 mediocritatis
883 2686 1097 2772 praesentiam
1125 2684 1188 2752 fido
1216 2690 1360 2771 gestante
1383 2684 1492 2771 gerulo

327 2804 472 2888 delatam,
502 2802 717 2869 exultantibus
747 2808 910 2888 pectorum
937 2802 1132 2889 praecordiis
1161 2806 1193 2868 st
1213 2802 1305 2868 laetis
1329 2802 1491 2869 oculorum

327 2920 444 2988 orbibus
468 2919 721 3006 contemplantes
744 2920 822 2984 sctis
844 2918 980 2985 libenter
1002 2918 1201 3005 suscipimus.
1237 2917 1280 2984 Et
1295 2918 1435 2986 maxime
1457 2918 1492 2984 in

326 3042 421 3103 restra
444 3041 556 3103 ssncta
577 3036 804 3123 promissione,
833 3053 929 3121 qnsm
952 3034 1029 3101 ordo
1052 3035 1177 3121 apicum
1201 3038 1377 3101 vestrorum
1400 3034 1491 3100 inno-

327 3154 392 3219 tuit:
414 3160 453 3220 nt
474 3153 589 3219 uestris
611 3152 748 3217 assiduis
772 3172 809 3218 ac
831 3152 930 3217 sacris
953 3151 1149 3218 orationibus
1171 3156 1313 3217 nostram
1335 3150 1490 3235 fragilite-

326 3274 381 3335 tem
410 3268 579 3337 defendere
608 3268 706 3350 velle,
734 3269 781 3334 ita
808 3274 841 3334 et
862 3273 973 3334 nostra
994 3268 1169 3355 inperfecto
1199 3267 1400 3335 mediocritas
1431 3286 1490 3332 un·

327 3384 411 3471 dique
440 3406 523 3474 pene
545 3386 578 3452 in
602 3386 748 3452 omnibns
770 3364 861 3451 bonis
883 3390 1022 3451 vestram
1044 3384 1272 3452 beatitudinem
1296 3382 1490 3451 orationibus

327 3502 455 3587 intimis,
485 3502 553 3569 Deo
583 3502 699 3586 ubique
727 3500 921 3585 auxdianti‘,
951 3502 1170 3588 depraecando
1193 3520 1365 3588 poposcere
1386 3498 1491 3567 Deum

326 3624 467 3706 prompta
488 3624 547 3685 est
581 3618 647 3685 Nec
668 3638 732 3683 non
755 3622 788 3682 et
809 3616 1008 3683 dilectionem
1030 3618 1240 3684 fraternitatis
1263 3636 1337 3702 ergo
1352 3620 1490 3682 vestram

327 3733 516 3803 elementiam
539 3735 708 3802 observare
730 3733 903 3801 secundnm
924 3734 1008 3801 vires
1031 3732 1112 3800 velle
1134 3732 1402 3817 demonstramus,
1425 3730 1490 3799 Do·

326 3850 405 3917 nino
433 3856 543 3917 nostro
565 3850 637 3917 lesu
658 3848 786 3917 Christo
814 3849 939 3916 docenti
967 3870 1005 3916 sc
1032 3850 1165 3916 dicenti:
1196 3850 1267 3916 Hoc
1295 3863 1339 3915 est
1355 3872 1487 3938 presep-

327 3978 385 4033 om
406 3992 525 4050 menne,
555 3983 592 4035 at
618 3970 760 4054 dilipots‘s
789 3963 956 4043 ioviccm¹5
987 3967 1133 4032 etitem:
1165 3967 1205 4031 In
1228 3968 1286 4031 bor
1307 3980 1491 4053 reponerent

327 4104 439 4166 mass,
470 4088 548 4173 quia
574 4088 638 4150 mei
666 4088 738 4151 crab
766 4084 933 4171 cb'scs'pnb'5
964 4087 995 4149 ci
1020 4083 1216 4149 dilectionem
1245 4084 1417 4149 habueritis
1447 4085 1490 4148 ad

326 4196 466 4266 ὴνίοαη·
489 4207 523 4267 ct
544 4200 676 4285 relique
723 4199 802 4265 Item
824 4199 864 4267 de
887 4198 998 4282 eadem
1020 4198 1131 4267 boetus
1154 4196 1283 4283 Petrus,
1313 4198 1434 4285 primus
1458 4202 1490 4264 et

327 4316 466 4405 princeps
503 4314 733 4403 apostolorum,
767 4316 956 4382 sententiam
984 4315 1198 4403 promulgavit
1226 4314 1348 4381 disens:
1383 4316 1490 4381 Estote

327 4434 427 4520 {copo
441 4436 616 4522 prudentes
639 4446 669 4499 st
689 4433 817 4520 wilto
838 4437 874 4498 e'n
898 4434 1110 4510 orationibm
1133 4446 1205 4501 esee
1228 4437 1334 4499 omnia
1347 4446 1490 4501 mensam

328 4550 360 4611 is
380 4550 525 4617 reddense
544 4553 626 4638 spois
642 4553 806 4615 comtotm
819 4554 999 4616 contusam
1012 4550 1167 4632 bobmtes,
1193 4552 1270 4637 quio
1286 4552 1401 4616 caritas
1417 4572 1488 4617 eoo-

396 4739 417 4771 ι
437 4728 465 4774 a
479 4745 525 4775 aa.
543 4728 572 4775 r.
684 4726 707 4773 e.
731 4692 945 4773 {roae-os.
972 4728 1026 4775 sas
1047 4728 1157 4773 rme.
1264 4740 1284 4773 e.
1307 4726 1442 4775 semum
1461 4728 1488 4775 ν.

331 4802 352 4847 ⁸1·
371 4806 486 4855 usiones
501 4825 557 4855 corr.
575 4810 598 4853 is
616 4806 733 4854 tntillmli
750 4807 778 4853 V.

398 4912 622 4982 nmmm
711 4908 931 4981 mmmm
1019 4908 1239 4981 ammm
