4342 6034
673 752 739 819 496
973 769 1021 817 rx
1043 768 1198 819 oratoru
1220 768 1299 817 vrrs
1322 770 1350 819 s.
1367 772 1542 820 soumarrr

673 910 866 996 aquodam,
891 912 1036 997 proxime
1055 911 1146 977 illum
1170 911 1296 997 adesse,
1324 932 1417 997 quem
1439 918 1619 1000 quaereret,
1648 918 1764 1003 Reputo
1782 918 1823 981 in·

672 1029 742 1113 quit
764 1050 832 1095 eum
854 1028 914 1093 bac
935 1031 1040 1093 uenire
1062 1032 1252 1114 quantotius,
1284 1032 1361 1115 qac'u
1382 1052 1486 1096 aecum
1507 1036 1713 1097 senuerimus·
1731 1037 1824 1099 emtor

675 1148 798 1232 appetat
823 1168 919 1211 mera.
953 1144 1021 1223 Quo
1048 1145 1193 1211 veniente
1221 1149 1253 1211 et
1279 1146 1438 1229 utrimque
1466 1144 1596 1213 alterius
1625 1147 1759 1213 adventu
1779 1148 1825 1215 de-

672 1260 838 1344 nunciato,
869 1280 944 1326 mox
966 1260 1163 1347 praeparatis
1187 1261 1276 1346 equis
1298 1261 1338 1327 ab
1360 1266 1493 1345 utroque
1514 1262 1595 1345 itur3
1625 1268 1657 1329 et
1678 1262 1711 1328 in
1732 1262 1825 1329 medio

672 1396 765 1443 amne
795 1376 1028 1443 occurrentibus
1057 1382 1151 1461 atque
1181 1376 1445 1463 colloquentibus,
1480 1376 1632 1445 Gewiliob
1661 1380 1826 1465 episcopus,

672 1492 753 1557 clam
774 1492 879 1558 ferens
901 1492 1050 1577 gladium,
1075 1492 1133 1558 ait:

826 1610 946 1696 Accipe
966 1613 1032 1674 ἱατη
1044 1610 1184 1694 serram,
1210 1631 1271 1695 quo
1292 1622 1415 1695 putrem
1436 1612 1562 1675 uindico
1585 1632 1702 1676 comm.

826 1724 913 1790 Haec
935 1724 1032 1807 igitur
1054 1724 1172 1807 dicens,
1196 1723 1300 1807 gladio
1322 1743 1397 1789 mox
1420 1724 1557 1810 perfodit
1575 1724 1675 1791 illum.

671 1838 741 1923 Qui,
758 1840 866 1906 statim
881 1860 1028 1906 corruens
1044 1860 1084 1905 ex
1100 1860 1189 1925 equo,
1212 1840 1245 1904 in
1259 1838 1388 1905 flumine
1404 1840 1541 1906 exalavit
1556 1842 1712 1926 spiritum.
1741 1838 1827 1905 Cum-

670 1974 730 2040 que
752 1956 802 2022 sui
818 1955 896 2021 talia
910 1960 1124 2039 agnoscerent,
1148 1956 1187 2021 ab
1203 1954 1347 2021 omnibus
1363 1954 1566 2039 clamabatur,
1589 1958 1748 2040 utrimque
1762 1976 1827 2021 eon·

669 2072 761 2136 sertis
788 2072 896 2137 cuneis
923 2090 1121 2158 summopere
1143 2071 1359 2138 dimicabatur.
1399 2070 1623 2158 Superatisque
1647 2072 1826 2154 Saxonibns,

669 2184 900 2253 Karlomannus
928 2207 1000 2253 oum
1028 2189 1094 2253 suis
1117 2188 1157 2254 ad
1179 2188 1309 2275 propriu
1330 2188 1497 2272 remearit,
1527 2189 1653 2253 nemine
1674 2188 1723 2271 id,
1753 2187 1826 2272 quod

668 2302 787 2368 iactum
815 2307 865 2369 est
887 2323 907 2368 a
928 2300 1115 2387 Gewiliobe,
1145 2304 1178 2367 in
1206 2302 1367 2370 homicidii
1389 2304 1508 2369 crimen
1530 2302 1710 2389 deputante.
1746 2302 1826 2368 Unde

669 2424 702 2484 et
728 2438 872 2484 reversus
894 2418 987 2484 solito
1010 2418 1203 2505 episcopales
1226 2418 1287 2485 sibi
1309 2419 1489 2485 vendicavit
1510 2438 1595 2484 usus.
1678 2420 1723 2485 At
1747 2438 1827 2485 sanc

669 2538 720 2599 tus
741 2534 869 2620 praesul
883 2533 1074 2617 Bonifacius,
1097 2534 1180 2601 inter
1202 2540 1325 2601 caetera
1347 2536 1548 2601 correctionis
1569 2534 1734 2619 colloquia,
1760 2535 1827 2601 hoec

670 2648 789 2735 pariter
813 2650 847 2715 in
869 2638 1025 2716 conuentu
1046 2650 1190 2736 synodali
1212 2651 1358 2737 protulit3
1390 2656 1559 2735 attestans,
1588 2650 1710 2716 nullum
1734 2650 1827 2716 bomi-

668 2764 743 2830 cidii
764 2770 854 2832 reatu
876 2765 1031 2853 pollutum
1049 2766 1162 2833 debere
1178 2766 1349 2853 episcopali
1365 2768 1542 2834 sacerdocio
1557 2768 1655 2851 iungi.
1690 2766 1743 2831 Ad
1759 2766 1826 2833 haec

667 2880 764 2947 etiam
786 2882 817 2947 ei
839 2882 963 2966 obiecit,
985 2882 1124 2969 propriis
1147 2902 1180 2947 se
1203 2882 1302 2948 oculis
1317 2884 1516 2969 perspexisse
1531 2882 1621 2949 illum
1636 2902 1707 2947 oum
1722 2882 1824 2948 avibus

667 2996 858 3082 canibusque
879 2998 1046 3081 iocantem,
1070 2998 1155 3083 quod
1178 2998 1324 3085 episcopo
1346 2998 1523 3065 nallatenus
1537 2998 1656 3065 liceret.
1691 2996 1823 3065 Audiens

668 3118 773 3179 autem
795 3112 872 3180 baec
893 3112 1047 3180 Gewiliob
1068 3114 1283 3199 sentiensque,
1311 3134 1344 3180 se
1367 3114 1453 3181 nullo
1475 3114 1567 3181 modo
1590 3119 1701 3180 contra
1722 3116 1823 3180 stimo-

665 3227 731 3294 lum
753 3228 804 3295 vel
826 3230 975 3296 secularis
997 3230 1156 3316 potentiae
1179 3250 1235 3296 seu
1258 3230 1453 3297 auctoritatis
1470 3231 1647 3313 canonicae,
1672 3250 1752 3315 quac
1766 3250 1822 3295 me·

666 3344 773 3411 diunte
806 3351 914 3411 sancto
942 3344 1103 3412 Bonifacio
1136 3346 1171 3411 in
1206 3366 1314 3412 omnes
1342 3366 1446 3412 coram
1476 3346 1595 3433 positos
1624 3346 1820 3427 deferebatur,

666 3460 846 3527 calcitrare·
861 3482 964 3548 posse,
987 3462 1103 3527 indicio
1127 3462 1286 3528 consensit
1307 3462 1465 3527 communi
1488 3460 1709 3547 depositusque
1728 3466 1774 3528 est
1786 3460 1821 3526 ab

666 3576 776 3642 ordine
804 3577 984 3664 episcopali.
1025 3576 1092 3655 Quo
1122 3578 1279 3665 deposito,
1313 3578 1420 3644 statim
1449 3582 1576 3643 sanctus
1603 3576 1821 3644 Boniluciusa

665 3692 854 3779 supradictis
882 3693 1094 3780 principibus,
1122 3693 1334 3760 Karlomanno
1358 3692 1504 3759 videlicet
1525 3698 1557 3759 et
1576 3692 1711 3779 Pippino
1729 3693 1820 3772 fratre

665 3809 748 3892 eius,
779 3808 948 3875 aecclesiae
968 3809 1220 3894 lliogonciaoensi
1246 3808 1435 3896 praeficitur.
1475 3808 1519 3875 Et
1547 3815 1582 3875 ut
1604 3811 1672 3876 eius
1694 3810 1819 3893 dignitas

665 3924 853 3991 eminentior
873 3926 965 4010 toret,
989 3926 1195 3993 decreverunt
1208 3926 1292 3992 idem
1311 3900 1480 4012 principes,
1504 3924 1686 3992 aecclesiam
1701 3924 1818 4008 lingon·

664 4040 848 4125 ciacensem,
875 4062 955 4126 quae
977 4042 1065 4129 prius
1089 4042 1181 4109 alteri
1204 4042 1345 4109 subiecta
1366 4046 1444 4124 erat,
1467 4041 1668 4128 metropolim
1691 4041 1816 4108 omnium

663 4154 698 4220 in
720 4154 891 4225 Germania
912 4160 1086 4245 positarum
1103 4158 1323 4225 aecclesiarum
1339 4156 1471 4224 efficere.
1506 4156 1652 4242 lloxque,
1675 4158 1817 4241 legatione

664 4270 758 4356 facte,
781 4272 860 4339 illud
882 4295 902 4340 a
922 4275 1068 4361 praesule
1090 4274 1261 4361 apostolico
1284 4276 1502 4360 impetravere.

754 4388 824 4456 Tali
851 4410 926 4474 ergo
954 4392 1141 4457 auctoritate
1164 4388 1324 4475 suffultus,
1353 4394 1480 4457 sanctus
1500 4388 1697 4472 Bonifatius,
1726 4384 1815 4471 coepit

662 4505 801 4592 undique
828 4506 919 4592 quasi
944 4528 1045 4573 nouus
1073 4506 1319 4573 archimandrita
1347 4526 1427 4591 qnae
1449 4506 1556 4571 divina
1578 4510 1653 4571 sunt
1674 4504 1812 4591 plantare,

663 4620 818 4689 diabolica
838 4643 913 4690 vero
935 4624 1111 4709 extirpare,
1140 4623 1289 4689 coenobia
1311 4622 1540 4706 aecclesiasque
1562 4620 1739 4703 aedificare,
1765 4636 1811 4702 pa·

662 4743 763 4805 stores
790 4739 989 4805 cautissimos
1017 4738 1177 4806 aecclesiis
1205 4738 1324 4807 eisdem
1350 4758 1554 4825 praeponere
1592 4736 1674 4803 Nam
1701 4736 1810 4823 practer

734 4894 755 4927 ι
775 4880 881 4928 alciden
896 4897 917 4926 e.
