4342 6034
580 701 741 756 nossem
761 700 950 751 summere
971 702 1052 749 vrrs
1073 700 1248 751 sunnonis
1429 683 1496 753 553

343 847 373 913 in
391 843 582 911 altitudinem
604 842 881 930 contemplationis
895 844 1031 927 erigunt,
1054 842 1238 927 angelorum
1253 843 1434 913 visitatione
1450 846 1497 913 di-

342 962 390 1044 gni
408 964 487 1027 sunt
520 958 617 1043 Ergo,
639 959 730 1026 iuxta
749 958 834 1042 qaod
848 958 1016 1040 oredimus,
1038 958 1261 1025 coniectarnur.
1344 959 1498 1047 Quicquid

341 1081 436 1143 antem
456 1075 514 1143 bae
535 1076 570 1141 iu
591 1094 627 1141 re
649 1074 777 1141 veritati
798 1074 961 1158 innititur,
990 1073 1065 1159 quia
1086 1073 1231 1159 spiritale
1253 1075 1420 1161 oredimus,
1444 1098 1497 1147 ve·

340 1212 484 1259 ueremur.

418 1306 600 1375 Dubitanda
620 1307 755 1373 forsitan
776 1306 856 1373 baec
877 1304 1074 1389 riderentur,
1099 1304 1127 1370 si
1149 1304 1265 1371 nullius
1288 1308 1498 1393 perspicacio-

339 1424 378 1488 ris
398 1423 539 1489 mbaculi
561 1423 748 1490 certitudine
770 1422 966 1503 iacerentur3
990 1420 1062 1505 eod,
1092 1421 1241 1504 quoniam
1262 1426 1375 1508 patent
1396 1423 1499 1491 adhuc

338 1538 423 1604 ineo
449 1559 565 1622 magna
591 1559 664 1605 cum
686 1538 893 1605 delectatione
915 1556 953 1603 ao
974 1536 1175 1604 veneratione
1198 1536 1332 1605 dicenda
1354 1540 1497 1607 certioris

338 1653 378 1718 rei
391 1654 555 1739 mirabilia,
579 1675 660 1741 qnae
674 1653 848 1721 obscuriori
863 1652 1098 1740 dispensatione
1113 1653 1197 1719 iacta
1213 1653 1395 1737 conicimus,
1418 1652 1498 1723 fiunt

337 1768 498 1835 credibilia
538 1770 596 1837 Vir
617 1770 678 1837 Dei
707 1768 893 1854 aliquando,
922 1770 984 1835 iter
1010 1788 1107 1852 egem
1135 1788 1194 1854 per
1222 1769 1363 1836 subiecta
1391 1770 1497 1839 abbati
1507 1778 1665 1833 1043·104·1

335 1882 469 1968 Robingo
483 1885 643 1970 Fuldensi,
666 1886 735 1972 ipso
757 1884 871 1951 abbate
885 1884 1036 1971 prebente
1051 1884 1260 1951 diversorium
1275 1890 1307 1951 st
1322 1886 1496 1971 servitium,

336 2004 524 2085 transegerat
549 2002 584 2069 in
611 2001 745 2086 quodam
774 2000 843 2066 loco
870 2001 1016 2067 nocturni
1043 2000 1196 2086 temporis
1220 2000 1371 2087 spacium.
1407 2001 1497 2069 Post·

335 2134 422 2199 quam
444 2138 536 2201 vero,
564 2120 723 2183 transacto
752 2116 902 2203 prandio,
931 2116 972 2182 ad
999 2134 1158 2183 recessum
1180 2117 1336 2201 pausandi
1358 2119 1498 2203 secessit,

333 2229 391 2297 dno
412 2238 537 2302 tantum
560 2252 632 2300 cum
654 2252 692 2299 eo
714 2232 954 2316 gradiebantur:
983 2252 1066 2299 unus
1087 2232 1296 2315 camerarius,
1321 2234 1374 2319 qui
1397 2234 1499 2301 lucer-

333 2366 400 2413 nam
428 2368 538 2415 coram
565 2370 603 2417 eo
631 2348 794 2434 portabat,
823 2347 904 2415 altor
931 2348 1059 2432 quidam
1089 2346 1255 2413 familiaris
1278 2348 1361 2431 eius,
1390 2350 1499 2435 quiet

332 2461 396 2547 ipse
417 2463 479 2531 boc
499 2464 591 2531 nobis
613 2463 772 2530 narrabat
811 2462 891 2529 Cum
914 2482 988 2547 ergo
1010 2463 1147 2549 portitor
1169 2464 1317 2531 lucernae
1339 2484 1446 2531 coram
1461 2486 1498 2533 eo
1609 2490 1620 2505 ,

334 2584 469 2647 extracto
491 2579 611 2647 lumine
633 2584 749 2663 staret,
776 2598 853 2645 casu
875 2578 1052 2663 accidente,
1080 2584 1118 2644 ut
1138 2600 1214 2665 sepe
1235 2578 1287 2665 tit,
1314 2580 1421 2647 lumen
1444 2602 1499 2647 ex·

332 2694 461 2763 tinctum
489 2701 547 2761 eat
581 2694 780 2763 Turbabatur
807 2694 999 2761 camerarius
1020 2714 1192 2779 gressuque
1213 2695 1313 2763 veloci
1335 2696 1499 2763 candelam

332 2812 534 2879 reaccendere
562 2810 733 2877 festinabat
762 2816 795 2876 et
821 2829 921 2895 usque
950 2809 992 2877 ad
1017 2808 1101 2877 iores
1131 2812 1308 2879 caminatae
1338 2813 1498 2898 pervenit3

331 2944 460 3013 eumqne
494 2928 558 2993 iam
593 2927 695 2993 altera
722 2946 836 2993 manus
864 2924 1028 2993 candelam
1055 2931 1211 3013 portaret,
1241 2927 1341 2993 altera
1369 2928 1497 2995 ianuam

331 3043 424 3109 cicius
458 3042 663 3130 apodendam
696 3043 885 3129 corriperet,
918 3040 1022 3109 subito
1050 3042 1183 3109 candela
1209 3040 1406 3111 inflammata
1434 3050 1496 3127 est;

331 3158 502 3245 ambosque
523 3158 594 3226 illos
617 3158 796 3225 ammiratio
818 3157 1035 3242 circumdedit,
1056 3158 1143 3225 ultra
1164 3179 1259 3244 quam
1282 3160 1496 3247 credipotest

331 3273 480 3343 Tremens
509 3295 583 3359 ergo
611 3274 802 3341 camerarius
824 3274 939 3341 festine
960 3273 1152 3359 regreditur,
1182 3275 1346 3361 positoque
1368 3276 1497 3362 lumine,

330 3389 369 3457 ed
394 3392 495 3477 pedes
523 3392 591 3457 eius
619 3390 834 3457 sanctissimos
863 3390 990 3477 paravit
1014 3389 1188 3477 procidere.
1223 3390 1280 3457 Vir
1309 3398 1415 3459 autem
1437 3392 1498 3461 Dei

330 3508 522 3594 compescuit
543 3527 632 3590 eum,
655 3506 779 3573 dicens:
803 3506 905 3587 State,
927 3530 968 3573 ne
990 3510 1103 3585 cadom
1125 3510 1180 3573 aed
1202 3531 1259 3595 ege
1274 3508 1344 3575 Deo
1357 3514 1498 3596 gratius,-

330 3636 365 3703 et,
386 3648 437 3691 me
458 3628 580 3691 circata
600 3626 636 3689 in
658 3646 799 3711 corpore,
825 3646 898 3689 cccc
918 3646 959 3689 oe
980 3646 1131 3710 remquam
1152 3624 1252 3689 alicui
1273 3627 1370 3691 dicae
1404 3624 1497 3693 Gom-

329 3741 512 3825 nonnitque
535 3758 607 3805 eum
628 3759 686 3825 per
707 3738 926 3805 iusiurandum
948 3758 1044 3825 super
1066 3738 1115 3805 his
1138 3738 1257 3805 verbis:
1281 3740 1320 3807 Ut
1333 3764 1372 3807 oe
1387 3742 1495 3825 alicui,

329 3860 412 3941 qood
431 3858 562 3943 foetum
584 3869 645 3937 eet,
675 3858 810 3936 duee,
841 3876 1003 3942 quousque
1022 3877 1072 3920 me
1093 3858 1179 3921 ciam
1201 3858 1294 3923 boiae
1318 3861 1422 3923 coreb
1444 3862 1495 3923 in-

326 3974 418 4055 gredi
438 3974 575 4051 ciderim
604 3974 720 4059 quodsi
745 3972 837 4037 aliter
853 3971 992 4056 feceras,
1022 3995 1044 4035 c
1070 3974 1226 4037 eorseortc'o
1251 3986 1280 4039 et
1299 3977 1406 4060 gratio
1427 3996 1497 4041 meo

328 4091 361 4153 io
383 4102 546 4156 acumem
566 4088 774 4175 separaberis.
808 4086 893 4169 Ergo
914 4086 943 4152 si
958 4085 1077 4151 iactum
1093 4086 1178 4153 istud
1193 4087 1397 4173 intendimus,
1419 4090 1497 4156 satis

328 4202 409 4272 iusto
437 4204 556 4273 indicio
578 4202 639 4269 Dei
661 4202 721 4269 hoc
742 4203 884 4269 evenisse
906 4201 1147 4288 perpendimus3
1177 4207 1229 4285 ut,
1259 4204 1314 4287 qni
1336 4224 1497 4289 nunquam

327 4326 528 4405 peccatorum
555 4318 702 4387 tenebras
730 4318 912 4385 admitteret
932 4324 1039 4404 preter
1061 4318 1146 4402 quod
1167 4317 1347 4386 inevitabile
1369 4326 1418 4387 est
1439 4320 1498 4387 hu·

327 4438 489 4521 manitsti,
513 4455 572 4503 nec
593 4435 634 4501 ad
655 4439 850 4502 momentum
871 4434 957 4501 felici
979 4438 1101 4501 careret
1122 4433 1206 4519 luce,
1230 4434 1357 4503 caelesti
1378 4434 1497 4503 lumine

327 4572 361 4618 sc
380 4552 572 4619 illustrante.

417 4666 548 4733 Sonuit·
570 4686 645 4751 argo
667 4666 731 4733 iam
746 4666 797 4733 vir
810 4664 886 4749 Dei3
911 4664 975 4751 qui,
997 4664 1060 4733 nisi
1073 4664 1196 4732 maiora
1209 4666 1333 4755 premia
1346 4666 1380 4733 in
1395 4672 1496 4735 morte

398 4822 420 4857 1.
440 4808 526 4857 huit
540 4826 561 4855 c.
