4342 6034
629 729 692 796 166
853 744 880 792 s.
896 744 1074 792 noumnun
1096 744 1140 790 rr
1162 744 1265 792 nuum
1286 743 1473 792 nrrsronas
1495 744 1534 792 so.
1549 743 1579 791 su

459 910 484 951 c.
497 893 618 951 tau-'146
626 907 699 955 oum
721 885 894 953 maioribus
917 885 1113 952 contraxisse
1133 885 1298 968 negocium
1315 885 1525 972 conperimus.
1560 884 1679 952 Amore
1694 889 1802 952 tumen

627 994 722 1088 utque
750 1001 949 1069 oboeditione
979 1000 1117 1088 umplius
1144 1000 1267 1067 incitati
1293 1020 1387 1085 quem
1411 1005 1479 1067 arte
1500 999 1552 1067 vel
1574 1000 1707 1067 audacie
1727 1001 1803 1068 freti

627 1155 669 1164 -
692 1123 818 1185 tantum
846 1116 1016 1184 revelando
1024 1126 1045 1200 ⁸,
1073 1135 1139 1182 non
1162 1117 1256 1182 etiam
1280 1115 1465 1202 imperando
1489 1151 1531 1164 —
1554 1115 1697 1203 prolata*
1720 1116 1803 1182 dixi-

625 1255 713 1316 mus3
736 1253 778 1300 nc
799 1233 882 1300 forte
896 1233 931 1298 in
946 1232 1051 1317 aliquo
1066 1232 1127 1316 his,
1151 1231 1206 1315 qui
1221 1230 1448 1298 ultramodum
1464 1231 1701 1322 excellentiores
1718 1239 1802 1316 sunt

627 1347 789 1416 sdversari
810 1349 999 1415 videremur.

715 1463 941 1530 Exhortutoria
966 1462 1107 1550 profecto
1130 1468 1204 1528 tuae
1226 1461 1440 1546 suggestionis
1464 1463 1585 1530 monita
1607 1461 1647 1530 de
1668 1463 1804 1530 instanti

627 1580 768 1666 corporis
796 1579 942 1646 molestie
969 1577 1159 1664 perferenda
1189 1578 1265 1644 satis
1293 1577 1428 1644 libenter
1457 1577 1656 1665 suscipimus.
1703 1577 1749 1645 Et
1770 1579 1804 1646 iu

627 1701 779 1781 quantum
806 1695 891 1761 uires
920 1692 1095 1778 sufficiunt,
1123 1693 1194 1778 ipso
1216 1691 1353 1760 Domino
1382 1691 1555 1759 auxiliante
1583 1694 1638 1778 qui
1663 1714 1804 1780 prosus

626 1811 843 1879 misericordie
865 1810 988 1876 monuit
1008 1829 1077 1894 nos,
1100 1809 1164 1876 tuis
1188 1807 1377 1875 solutoribus
1394 1808 1681 1895 obtemperabimus
1697 1809 1824 1876 dictis»

718 1927 788 1994 Hoc
811 1945 935 2013 quoque
957 1929 1128 2008 cognoscat
1149 1923 1424 1990 vastabenivola
1445 1923 1586 1990 dilectio:
1616 1924 1705 2009 qnia,
1728 1925 1804 1993 licet

626 2049 783 2111 terrarum
810 2042 951 2129 spatioso
973 2045 1207 2124 sequestremur
1229 2037 1396 2106 intervallo
1420 2059 1457 2105 ac
1478 2039 1577 2106 maris
1599 2040 1802 2108 inmensitate

626 2160 727 2226 nimia
748 2163 782 2225 et
804 2157 884 2225 caeli
904 2155 1065 2241 inaequali
1086 2155 1272 2242 olymmato·
1288 2154 1502 2240 dirimamurl,
1525 2157 1725 2242 peritomen
1746 2158 1803 2223 tri-

626 2275 825 2343 bulationum
847 2272 1056 2360 deprimimur
1077 2271 1172 2336 fusce.
1207 2269 1327 2338 Eadem
1351 2275 1400 2337 est
1414 2271 1498 2338 enim
1515 2273 1655 2358 operatio
1672 2278 1803 2342 satanae

626 2391 679 2457 hic
701 2395 734 2457 et
754 2389 810 2456 ibi.
844 2387 979 2474 Propter
997 2386 1081 2472 quod
1096 2385 1337 2470 diligentissime
1351 2387 1503 2473 deprecor
1518 2407 1585 2472 vos,
1608 2393 1645 2454 ut
1658 2409 1716 2456 nos
1732 2409 1803 2456 ora·

628 2508 767 2574 tionum·
781 2510 893 2571 mutua
907 2501 1126 2570 vicissitudine
1141 2501 1256 2586 iugiter
1270 2503 1467 2584 muniamus3
1482 2503 1721 2571 reminiscentes
1738 2525 1802 2572 ser-

627 2622 740 2706 monis,
767 2641 861 2707 quem
884 2620 967 2686 dixit
985 2616 1171 2685 Dominus':
1198 2617 1239 2686 Si
1260 2623 1469 2685 consenseriut
1492 2641 1529 2685 eor
1550 2621 1638 2686 vobis
1661 2622 1724 2686 duo
1748 2635 1802 2688 aar

627 2734 706 2806 tres¹
728 2736 914 2823 etreliqua
943 2735 1033 2818 Vale,
1056 2733 1137 2818 vulo,
1161 2733 1396 2820 centupliciter⁸
1412 2734 1575 2802 carissime
1597 2735 1676 2802 mihi
1693 2741 1725 2802 et
1740 2735 1801 2802 ulio

626 2853 750 2921 munul.

1108 2939 1320 2949 ..ιη-.-

631 3064 692 3136 57.
716 3067 906 3155 Stpeboldoo
929 3064 1043 3146 (obbas
1064 3077 1101 3129 ut
1122 3065 1246 3130 uidotor
1261 3062 1474 3146 Coloneus-io)
1490 3065 1658 3150 Bouofcta'o
1680 3067 1799 3148 errabit,

717 3205 750 3248 ee
767 3205 829 3270 per
850 3182 941 3248 Eobo
960 3181 1181 3268 presbyteram
1204 3180 1242 3245 ab
1268 3202 1301 3246 oo
1323 3184 1467 3266 petiisse,
1491 3193 1527 3246 ot
1547 3204 1613 3246 ooo
1635 3204 1706 3248 cum
1727 3183 1801 3248 Dc·

717 3299 798 3363 nablo
824 3299 970 3384 episcopo
993 3296 1191 3362 Vioroniena·
1211 3318 1286 3362 sous
1309 3299 1472 3384 episcopos
1496 3309 1580 3388 meet.
1627 3297 1803 3365 menoare

718 3417 783 3480 ciue
805 3435 838 3477 oe
860 3411 1075 3478 commcndotl
1531 3411 1567 3492 (S
1582 3413 1636 3496 49,
1659 3411 1730 3480 WG
1746 3414 1800 3496 26)

460 3582 484 3622 o.
500 3565 620 3622 rou-746
717 3545 983 3614 Reuerentissimo
1016 3543 1156 3630 praesuli
1190 3549 1222 3610 et
1252 3545 1326 3636 piae
1353 3545 1553 3631 paternitatis
1580 3547 1802 3631 praerogativa

628 3660 845 3748 devulgandok
867 3660 1102 3746 archiepiscopo
1125 3659 1287 3728 Bonifatio
1310 3657 1523 3744 sigebaldum
1552 3661 1628 3728 licet
1653 3661 1801 3745 indignus

629 3785 662 3846 et
674 3778 806 3845 ultimus
820 3775 1011 3842 famulorum
1026 3775 1087 3842 Dei
1101 3775 1249 3860 famulus,
1266 3775 1436 3863 optabilem
1452 3775 1485 3842 in
1500 3775 1637 3843 Domino
1653 3777 1798 3844 salntem.

717 3892 869 3960 Primitus
892 3891 1034 3958 subnixis
1058 3891 1205 3978 precibus
1229 3912 1265 3958 uc
1288 3893 1316 3960 si
1336 3891 1577 3978 progeniculans
1591 3891 1682 3959 flexis
1697 3893 1799 3980 popli·

628 4009 725 4078 tibus¹
747 4013 785 4074 ut
809 4005 973 4090 indulgeas
1002 4007 1130 4074 obsecro
1158 4008 1344 4095 petitionem
1372 4027 1491 4092 meam,
1518 4027 1613 4094 quem
1635 4009 1798 4092 rogarite

629 4147 687 4214 per
712 4130 803 4192 tuum
830 4122 1041 4210 presbiterum
1069 4125 1197 4191 nomine
1224 4122 1328 4206 Eobo;
1356 4123 1389 4189 id
1419 4129 1467 4192 est
1495 4129 1532 4192 ut
1559 4123 1617 4190 tibi
1645 4123 1800 4192 indicaret

701 4333 721 4367 a
737 4337 803 4381 cuper
817 4319 939 4366 rerelendo
952 4323 1031 4380 porois
1046 4321 1097 4366 alta
1113 4336 1192 4366 manos
1209 4318 1245 4364 rel
1260 4318 1381 4365 relevando
1397 4321 1420 4364 to
1437 4321 1463 4366 C.
1526 4307 1563 4364 b.
1581 4309 1669 4378 prilstu
1684 4323 1719 4376 M,
1735 4334 1800 4380 prse-

627 4401 675 4448 leue
691 4403 719 4448 C·
795 4413 816 4446 c.
836 4401 949 4448 ebmmets
967 4404 993 4449 c.
1072 4399 1096 4446 d
1116 4397 1248 4446 dirimemur
1265 4401 1298 4452 M,
1316 4416 1372 4446 cerr.
1388 4402 1411 4444 tn
1426 4397 1558 4446 dirimemur
1575 4401 1601 4446 C.
1679 4413 1699 4446 c.
1720 4413 1799 4460 opera-

627 4481 716 4526 tionum
733 4483 768 4526 Ι.
829 4479 846 4527 i.
866 4497 908 4527 om.
927 4485 967 4536 M,-
982 4482 1155 4540 superscriptum
1170 4487 1204 4525 est
1219 4481 1242 4524 iu
1260 4481 1286 4526 C.
1347 4491 1369 4536 g.
1389 4477 1541 4539 centipliciter
1557 4480 1582 4526 C.
1644 4477 1668 4526 h.
1686 4491 1755 4528 mnu
1766 4483 1800 4534 dt,

629 4578 686 4608 corr.
702 4563 725 4606 ἡ
741 4573 822 4606 Μαι
839 4563 865 4607 C.
942 4559 958 4606 i.
980 4576 1009 4605 ιι·
1026 4563 1056 4606 Μ
1069 4560 1227 4612 113-113υ,
1246 4561 1265 4606 C
1280 4559 1322 4614 91,
1341 4560 1364 4605 V
1378 4561 1434 4606 tle.
1457 4561 1562 4606 Lama:
1577 4557 1634 4604 ltom
1650 4558 1750 4618 epistol!
1765 4559 1800 4606 Si·

628 4639 718 4697 gebddi
734 4640 793 4694 MV,
809 4639 828 4686 1.
844 4652 865 4685 e.
881 4637 992 4697 sigibaldi
1009 4643 1035 4689 C.
1112 4639 1135 4686 k.
1156 4637 1293 4698 divulgundo
1310 4641 1335 4688 C.
1413 4639 1429 4686 1.
1450 4656 1507 4684 corr.
1523 4641 1547 4685 tn
1561 4637 1687 4698 poblitibus
1704 4641 1731 4686 C.

699 4745 725 4800 1.
749 4739 792 4799 cf.
811 4741 907 4797 llsttln
922 4743 1021 4813 18,19.
1094 4745 1119 4798 2.
1139 4742 1234 4813 obbas,
1252 4747 1284 4798 ut
1300 4742 1418 4813 videtin,
1437 4741 1616 4800 Gertcsiensis
1631 4741 1801 4806 (monasterii

628 4831 772 4906 Chertsey,
790 4847 807 4886 u
824 4829 950 4890 Londino
966 4831 1038 4889 inter
1054 4833 1224 4892 occidentem
1243 4837 1272 4890 et
1289 4832 1450 4900 meridiem).
1477 4833 1512 4888 V.
1530 4847 1557 4902 p.
1571 4831 1622 4886 167
1641 4847 1668 4886 n.
1682 4832 1708 4886 2.
