4342 6034
686 788 753 855 486
989 808 1037 852 nx
1060 806 1215 854 onnnom
1236 808 1315 853 vira
1339 806 1555 854 anonumum

685 967 778 1034 peres
810 952 842 1014 et
863 947 1022 1033 peregrini
1045 947 1179 1014 alantur.
1216 943 1278 1015 Sed
1300 952 1367 1014 tam
1389 952 1532 1014 sanctum
1554 954 1621 1015 tam
1643 948 1831 1015 necessarium

684 1067 890 1150 praeceptum
917 1062 952 1128 iu
980 1063 1127 1150 plurimis
1155 1062 1233 1131 locis
1258 1084 1323 1130 non
1345 1062 1447 1130 solum
1468 1062 1598 1130 minime
1625 1066 1761 1147 curatur,
1786 1062 1833 1130 scd

685 1179 781 1244 etiam
803 1197 885 1265 pene
906 1177 1079 1262 ignoratur.
1114 1179 1195 1245 Nam
1219 1178 1414 1246 solummodo
1435 1178 1515 1246 illud
1534 1178 1665 1263 legitur:
1689 1179 1833 1265 quodepi·

686 1292 791 1380 scopis
814 1293 955 1360 decimae
978 1293 1043 1361 sint
1063 1295 1258 1361 tribuendae.
1295 1294 1375 1374 Quid
1396 1314 1471 1363 vero
1495 1294 1608 1362 exinde
1632 1296 1834 1380 agendumst,

685 1406 737 1475 vel
759 1410 787 1474 si
810 1410 977 1495 quicquam
1000 1409 1086 1475 aliud
1109 1411 1280 1476 curandum
1304 1412 1346 1477 sit
1367 1412 1452 1478 circa
1472 1410 1665 1477 monasteria
1684 1446 1725 1456 —
1744 1414 1837 1476 tama

685 1522 823 1607 clericis,
846 1524 1026 1591 miserabile
1050 1524 1151 1610 dictu,
1175 1546 1269 1610 quam
1293 1548 1312 1591 a
1332 1524 1423 1593 laicis
1445 1526 1605 1593 destructa
1627 1526 1778 1611 citraque·
1796 1524 1837 1591 iu·

685 1640 767 1708 dicia
789 1639 978 1707 christianae
1000 1636 1162 1724 religionis
1185 1640 1336 1707 subversa
1351 1676 1393 1687 -—
1410 1640 1560 1708 oblivioni
1583 1662 1640 1708 seu
1656 1640 1838 1725 ignorantiae

685 1754 932 1824 commendatur.
970 1754 1061 1821 Unde
1082 1776 1202 1839 vereor,
1226 1776 1266 1823 ne
1290 1756 1328 1823 de
1350 1758 1526 1843 praesentis
1549 1758 1702 1845 temporis
1723 1758 1839 1823 rectori-

684 1872 753 1957 bus,
777 1871 916 1938 avaricia
937 1870 1121 1957 inexplebili
1143 1872 1309 1958 corruptis,
1331 1872 1497 1959 psalmista
1518 1872 1742 1960 prophetizans
1762 1872 1839 1939 dixe·
1915 1954 1916 1979 p

684 1989 741 2055 rit:
771 1986 922 2074 Compts'
946 2000 1020 2053 soar
1048 2001 1077 2053 et
1104 1988 1347 2054 abhominabiles
1361 1990 1452 2075 sacti
1471 2002 1545 2056 sant
1565 1994 1601 2056 a'o
1622 1990 1737 2056 aaudiat
1757 1984 1838 2055 stobi
1915 1988 1916 1999 ’

683 2102 764 2170 Cum
793 2103 878 2170 enim
906 2100 986 2167 nihil
1008 2101 1176 2168 dicendum
1198 2102 1241 2169 sit
1262 2109 1459 2190 corruptum,
1487 2104 1550 2171 nisi
1577 2104 1659 2189 quod
1682 2104 1769 2191 prius
1789 2104 1841 2169 init

682 2220 853 2303 integrum,
875 2222 1014 2284 rectores
1036 2216 1088 2283 vel
1111 2222 1252 2303 pastores
1276 2220 1391 2305 quique
1413 2220 1446 2285 iu
1471 2220 1529 2286 hoo
1551 2218 1678 2306 quidem
1701 2220 1762 2287 dici
1776 2240 1840 2307 pos·

683 2340 757 2401 sunt
779 2332 879 2399 fuisse
900 2332 1028 2416 integri,
1052 2333 1127 2417 quia
1149 2332 1250 2401 aDco
1273 2334 1429 2421 sapientis
1451 2334 1632 2402 omnimoda
1647 2336 1688 2401 ad
1701 2336 1841 2403 iudicium
1915 2352 1916 2423 1

682 2468 793 2515 verum
815 2446 994 2514 faciendum
1018 2453 1108 2515 eraut
1129 2450 1291 2531 instructa'3
1314 2450 1385 2516 ideo
1406 2455 1511 2517 sutem
1526 2450 1677 2538 corrupti,
1701 2452 1843 2536 quianon

684 2562 857 2631 secundum
879 2562 986 2629 datam
1008 2563 1088 2630 sibil
1104 2565 1292 2652 sapientiam
1308 2566 1364 2632 sed
1379 2566 1469 2631 iuxta
1483 2566 1563 2632 lucri
1578 2566 1740 2633 obtinendi
1754 2588 1843 2653 quau-
1915 2570 1916 2635 ἶ

682 2680 807 2747 titstem
830 2678 980 2745 iudicant.
1015 2679 1121 2765 Atque
1143 2680 1263 2747 utinam
1287 2682 1351 2767 ipsi
1373 2686 1515 2769 pastores
1533 2682 1749 2749 tantummodo
1765 2682 1844 2750 dedi·
1915 2688 1916 2779 l

682 2799 873 2885 guarentem
903 2794 1095 2881 pauperibus
1118 2796 1254 2863 decimas
1278 2797 1435 2881 dividere,
1459 2802 1491 2864 et
1511 2816 1576 2864 non
1600 2796 1678 2865 alios
1701 2798 1843 2883 quosdam

683 2946 725 2957 -
741 2909 912 2977 monachos
935 2909 1017 2993 dico,
1040 2911 1123 2997 apud
1147 2930 1225 2996 quos
1241 2912 1347 2998 aliqua
1362 2912 1464 2980 adhuc
1478 2913 1657 2980 huiusmodi
1672 2932 1748 2981 cura
1762 2935 1842 2983 exer·
1915 2894 1916 2983 f

681 3033 771 3094 cetur
799 3062 841 3071 —
869 3024 1088 3111 prohiberent3
1124 3026 1227 3093 moliti
1264 3029 1412 3113 antiquae
1439 3028 1618 3095 traditionis
1646 3029 1784 3097 decimas
1810 3030 1842 3095 ab
1915 3070 1916 3075 κ

682 3160 791 3209 eorum
818 3140 888 3207 iure
917 3141 1048 3207 auferre.
1145 3140 1209 3209 Gur
1239 3142 1336 3227 igitur
1365 3148 1490 3211 sanctus
1520 3144 1701 3212 Bonifacius
1730 3144 1842 3211 —cui
1915 3188 1916 3241 5

681 3258 768 3325 Deus
790 3260 914 3323 tantam
935 3256 971 3321 in
992 3257 1078 3323 omni
1100 3255 1271 3325 Germania
1293 3264 1482 3346 potestatem
1505 3260 1648 3346 contulit,
1671 3268 1718 3347 ut,
1741 3262 1841 3348 quouis
1915 3262 1916 3279 ³

680 3372 792 3456 vellet,
815 3370 982 3438 aecclesias
1005 3372 1197 3459 oenobiaque
1217 3372 1381 3460 fundaret,
1404 3376 1494 3443 sedes
1516 3377 1711 3464 episcopales
1734 3384 1841 3445 statue
1915 3374 1916 3423 ³

680 3495 731 3556 ret
757 3487 1001 3575 parrochiasque
1030 3508 1140 3554 earum
1166 3488 1320 3556 divideret
1343 3526 1384 3536 —
1407 3510 1472 3557 non
1494 3490 1622 3559 cuilibet
1643 3492 1728 3578 loco,
1757 3512 1841 3579 quen

682 3604 743 3671 sibi
771 3602 950 3689 specialiter
977 3604 1087 3688 elegit,
1119 3606 1333 3691 possessiones
1361 3612 1393 3673 et
1424 3607 1561 3674 decimas
1590 3606 1711 3694 aliquas
1734 3608 1841 3677 donaro

681 3717 804 3807 potuit?
826 3716 939 3785 Nonne
960 3736 1018 3805 per
1040 3720 1172 3787 eandem
1194 3722 1423 3807 auctoritatem,
1448 3744 1509 3809 qua
1528 3724 1673 3791 moderni
1687 3722 1841 3812 pontifices

681 3833 835 3901 militibus
869 3832 1001 3920 aliisque
1034 3836 1226 3903 secularibus
1260 3838 1439 3905 hominibus
1468 3838 1606 3906 decimas
1634 3840 1709 3908 dare
1738 3839 1841 3921 solent

681 3954 809 4017 sanctus
830 3948 1011 4017 Bonifacius
1033 3952 1195 4019 monachis
1218 3952 1268 4020 vel
1290 3954 1481 4041 pauperibus
1505 3974 1634 4039 erogare
1654 3956 1777 4023 easdem
1791 3976 1841 4042 po-

680 4064 763 4135 tuit?
787 4064 823 4132 Si
844 4065 967 4151 reliqna
989 4068 1056 4134 eius
1079 4072 1199 4135 statuta
1220 4070 1366 4136 videntur
1390 4075 1509 4155 sancta,
1532 4070 1560 4137 si
1584 4072 1690 4139 omnia
1704 4092 1782 4157 quae
1796 4092 1841 4137 cs·
1915 4076 1916 4151 l

680 4181 802 4250 nonicis
825 4181 986 4249 distribuit
1007 4189 1081 4251 sunt
1101 4184 1269 4269 laudanda,
1293 4204 1348 4251 cur
1363 4206 1458 4271 queso
1474 4186 1533 4252 hoc
1549 4186 1661 4272 solum,
1685 4188 1766 4274 quod
1780 4207 1840 4253 mo

680 4298 791 4365 nachis
807 4302 839 4364 et
852 4298 1045 4386 pauperibus
1060 4299 1157 4384 dedit
1181 4299 1358 4367 decernitur
1372 4302 1546 4369 iniustum?
1568 4302 1648 4389 Heu,
1670 4304 1741 4389 heu,
1764 4300 1840 4390 quod
1915 4290 1916 4303 ¹

681 4417 722 4501 is,
745 4416 795 4482 cui
811 4414 950 4502 plurima
964 4414 1113 4481 divitibus
1129 4414 1204 4482 dare
1218 4416 1318 4501 licuit,
1340 4416 1500 4485 licentiam
1516 4418 1631 4486 dicitur
1645 4440 1709 4488 non
1723 4418 1839 4499 habere,
1915 4476 1916 4489 r

681 4530 874 4622 pauperibus
900 4528 952 4596 vel
979 4548 1081 4615 pauca
1110 4550 1248 4615 erogare.
1292 4530 1395 4621 Super
1421 4532 1482 4600 hoc
1508 4534 1718 4622 obstupescite
1738 4528 1837 4613 ceeli¹‚

683 4648 768 4717 orbis
790 4666 913 4733 quoque
934 4649 1091 4713 terrarum
1115 4650 1147 4713 ot
1168 4647 1308 4715 universi
1331 4648 1385 4734 qui
1407 4648 1551 4717 habitant
1570 4650 1605 4718 in
1628 4648 1684 4719 eo⁸
1706 4650 1836 4729 doleant3
1915 4738 1916 4741 Ἴ

754 4802 775 4836 ι
794 4788 899 4849 mom·
915 4805 935 4835 ι.
1012 4787 1196 4836 11111111.

754 4894 780 4948 1.
803 4892 942 4962 Ps.13,1.
1032 4894 1058 4948 2.
1082 4892 1274 4965 Iorem.i,12.
1363 4896 1389 4951 3.
1412 4894 1552 4965 Ps.23,1.
