4342 6034
638 736 703 805 236
864 753 891 800 s.
908 751 1085 801 somnum
1106 752 1151 801 ss
1172 752 1276 801 nuum
1296 748 1587 801 semronmaron

478 905 619 960 una-755
637 894 799 964 tribulatio
822 894 939 979 veniat,
963 912 1120 961 memores
1142 897 1243 960 estote
1265 893 1409 960 veritatis
1430 892 1579 960 dissutis:
1604 893 1645 959 Io
1658 897 1814 982 potionem

638 1026 741 1079 aesna
773 1013 977 1099 possidebitis
1007 1014 1132 1077 animoa
1160 1005 1316 1087 oeeaos¹r
1349 1014 1382 1075 et
1409 1009 1444 1075 in
1472 1008 1616 1096 psalmo:
1651 1012 1814 1076 Patientia
1913 987 1914 1014 ¹

637 1150 816 1217 pauperum
843 1150 907 1195 ooo
930 1128 1051 1215 peribit
1072 1130 1108 1191 e'o
1122 1120 1250 1210 fioea'.
1286 1123 1321 1190 Si
1343 1122 1512 1191 iufirmitas
1534 1125 1694 1213 eorporis,
1724 1123 1814 1191 Pauli

638 1242 775 1331 apostoli
797 1242 955 1310 sententia
976 1242 1171 1329 proferatur,
1195 1262 1259 1327 qua
1280 1240 1377 1307 dixit:
1403 1242 1540 1325 Quando
1563 1243 1719 1327 rafim
1743 1256 1815 1309 tuoe

633 1375 747 1449 potens
770 1354 873 1437 sum⁸3
898 1363 944 1426 et:
974 1358 1081 1425 Virtus
1103 1362 1139 1423 io
1161 1359 1345 1441 infirmitate
1361 1353 1555 1445 perficiaafi

641 1574 703 1645 88.
726 1574 911 1660 Bonifatius
926 1572 1061 1658 Bupqae
1083 1572 1270 1653 abbatissae,
1293 1594 1371 1638 oum
1385 1574 1542 1659 demipret
1556 1571 1742 1652 consederat
1766 1593 1815 1637 re-
1913 1621 1914 1624 η

728 1692 869 1777 spondet.
906 1687 950 1755 Se
972 1690 1139 1753 sententiaa
1162 1692 1313 1775 eopetitos
1331 1703 1461 1775 postero
1484 1702 1622 1775 tempore
1644 1691 1817 1753 massanum

729 1830 801 1888 esee,
825 1808 989 1893 promittit.
1025 1804 1077 1869 De
1097 1804 1277 1871 mansibus
1296 1809 1421 1891 pretias
1441 1808 1534 1891 optet
1559 1801 1596 1885 (S
1607 1804 1662 1887 20,
1679 1800 1749 1870 WG
1761 1804 1816 1883 32)
1913 1803 1914 1806 ’

481 1947 621 2002 723-755
728 1938 884 2007 Dominae
907 1937 1130 2004 dilectissimae
1153 1942 1185 2003 et
1207 1938 1241 2003 in
1263 1958 1372 2005 amore
1390 1938 1510 2005 Christi
1532 1936 1679 2004 omnibus
1702 1938 1817 2004 oetems

638 2054 803 2124 femininib
827 2075 921 2121 senus
944 2053 1171 2143 praeferendae
1200 2055 1303 2119 sorori
1324 2052 1457 2139 Bnggan
1486 2054 1665 2121 abbatissae
1686 2052 1817 2120 Bonifa-

640 2174 707 2239 oius
732 2172 882 2256 exiguus,
904 2169 1052 2261 indignus
1076 2170 1253 2257 episeopus,
1278 2175 1441 2237 aeternam
1462 2172 1497 2236 in
1519 2169 1646 2236 Christo
1669 2168 1815 2236 salntem.

729 2286 847 2355 Notum
870 2287 913 2353 sit
935 2286 1010 2371 tibi,
1038 2306 1128 2352 soror
1150 2285 1332 2371 serissima,
1361 2287 1400 2354 de
1422 2286 1478 2353 illo
1501 2286 1649 2370 oonsilio,
1679 2306 1743 2373 quo
1767 2306 1817 2353 me

639 2404 805 2489 indignum
827 2422 885 2489 per
907 2402 1031 2469 litteras
1054 2402 1273 2486 interrogasti:
1301 2402 1386 2489 quod
1414 2424 1471 2487 ego
1499 2402 1559 2469 tibi
1585 2403 1648 2469 iter
1673 2404 1817 2491 peregri·

639 2542 716 2587 num
739 2540 798 2587 nee
820 2518 1008 2586 interdieers
1037 2540 1096 2606 per
1124 2540 1176 2586 me
1203 2539 1263 2585 nee
1290 2520 1443 2586 audenter
1473 2519 1607 2585 suadere
1635 2538 1816 2605 praesumo.

640 2637 719 2722 Sed,
744 2635 827 2722 qnod
850 2636 952 2702 visum
976 2640 1040 2721 est,
1064 2635 1177 2702 dicam.
1270 2634 1304 2703 Si
1327 2637 1412 2703 enim
1434 2634 1696 2721 sollicitudinem,
1719 2657 1817 2723 quam

640 2774 715 2838 erga
743 2762 868 2820 serv0s⁰
891 2750 953 2818 Dei
980 2758 1013 2819 et
1040 2750 1189 2818 ancillasd
1213 2757 1245 2817 et
1266 2736 1522 2819 monasterialem
1544 2753 1643 2819 vitam
1664 2752 1817 2837 habuisti,

639 2874 771 2959 propter
794 2867 1021 2955 adquirendam
1045 2869 1184 2955 quietem
1206 2873 1239 2934 ot
1260 2868 1560 2954 eontemplationem
1574 2868 1636 2935 Dei
1654 2869 1817 2954 dimisisti,

643 2986 799 3073 quomodo
822 2984 916 3052 debes
939 3004 1023 3051 nune
1046 2984 1256 3051 saecularium
1277 2984 1441 3051 hominum
1463 2984 1568 3052 verbis
1591 2990 1625 3052 et
1644 2983 1818 3051 voluntati-

640 3100 698 3169 bus
721 3102 841 3169 servire
864 3120 936 3167 eum
959 3100 1066 3167 labore
1096 3106 1128 3166 et
1155 3100 1278 3167 tediosa
1306 3098 1538 3167 sollieitudine?
1571 3100 1685 3169 Melius
1713 3102 1817 3168 errim⁶

640 3218 720 3284 mihi
742 3218 878 3301 videtur,
895 3216 934 3282 si
957 3220 1089 3304 propter
1111 3214 1288 3283 saeculares
1311 3216 1346 3281 in
1367 3218 1473 3303 patria
1494 3216 1674 3285 libertatem
1697 3217 1818 3303 quiete¹

640 3334 756 3400 mentis
780 3331 896 3399 habere
917 3331 1099 3399 nullatenus
1121 3332 1241 3421 possis:
1264 3338 1301 3399 ut
1322 3342 1398 3419 per¹
1419 3334 1706 3419 peregrinationem
1720 3332 1817 3401 liber·

642 3454 741 3516 tatem
763 3447 1048 3536 contemplationis
1072 3448 1100 3514 si
1123 3447 1260 3516 volueris
1284 3455 1317 3516 et
1336 3449 1450 3537 possis,
1474 3449 1640 3535 adquirns3
1663 3470 1759 3535 quem
1776 3452 1816 3517 sd

641 3565 771 3633 modum
801 3584 889 3631 soror
916 3568 1027 3629 nostra
1048 3562 1272 3651 llliethburgsh
1300 3566 1445 3632 faciebat
1535 3564 1623 3645 Quae
1650 3566 1730 3632 mihi
1758 3588 1816 3655 per

642 3702 716 3749 suas
749 3682 872 3749 litteras
900 3680 1076 3765 intimavit,
1113 3681 1197 3767 qnod
1225 3680 1322 3749 talem
1351 3682 1447 3748 vitae*
1477 3682 1614 3767 quietem
1641 3683 1818 3750 invenisset

641 3800 732 3865 iuxta
759 3798 871 3864 limina
897 3798 1000 3863 saneti
1021 3796 1124 3881 Petri,
1154 3796 1279 3882 qualem
1307 3797 1437 3882 longum
1458 3803 1584 3885 tempus
1607 3798 1816 3866 desiderando

642 3914 807 4001 quaesivit.
853 3913 903 3979 De
925 3913 987 3979 isto
1011 3917 1116 3980 eutem
1139 3918 1193 3981 tuo
1217 3914 1372 3981 desiderio
1394 3914 1451 3981 illa
1472 3914 1551 3981 mihi
1573 3916 1748 4002 mandarit,
1772 3952 1815 3963 -

642 4032 717 4117 quia
745 4030 784 4097 de
811 4034 844 4096 te
872 4030 912 4096 ad
934 4028 1023 4095 illam
1046 4030 1161 4117 scripsi
1186 4066 1227 4075 -
1251 4036 1288 4096 nt
1309 4036 1472 4119 expertes,
1500 4030 1600 4098 donee
1626 4030 1815 4099 rebelliones

642 4152 674 4214 et
696 4146 919 4232 temptationes
949 4150 980 4212 et
1002 4147 1108 4237 minae
1132 4145 1392 4231 Saracenorum,
1423 4164 1503 4232 qnae
1530 4147 1616 4233 apud
1636 4146 1816 4216 Romanosk

518 4300 520 4303 ·
641 4284 744 4351 nuper
767 4268 977 4347 emerserunt,
1006 4262 1259 4348 conquieverint,
1289 4270 1321 4330 et
1343 4262 1447 4349 quoad
1468 4284 1568 4349 usque
1590 4262 1647 4331 illa
1667 4263 1738 4332 Deo
1761 4286 1815 4332 vo-

640 4378 726 4447 lente
756 4399 829 4447 suas
857 4380 980 4447 litteras
1010 4378 1211 4447 invitatorias
1240 4379 1281 4445 ad
1308 4384 1340 4447 te
1368 4380 1494 4464 dirigat
1585 4380 1629 4447 Et
1655 4381 1715 4448 hoe
1736 4382 1816 4448 mihi

713 4536 734 4569 a.
754 4540 783 4569 a
800 4526 828 4570 M
843 4522 995 4578 eso-sse,
1017 4520 1184 4575 cte-rso,
1208 4522 1232 4568 V
1244 4522 1368 4567 rav-13.
1393 4524 1499 4568 hmo.-
1518 4522 1575 4569 Item
1590 4523 1690 4583 epistola
1704 4524 1815 4572 Bonifioii

642 4602 808 4663 mhiepisoopi
825 4604 903 4651 MCV.
973 4602 996 4648 b.
1016 4600 1095 4649 lamini
1113 4602 1142 4648 V.
1212 4614 1232 4648 e.
1253 4614 1333 4649 servus
1351 4602 1379 4649 V.
1448 4601 1587 4649 darsellus
1604 4604 1632 4651 V.
1703 4618 1724 4649 e.
1740 4604 1769 4650 ,6.
1779 4606 1815 4651 Ι.

640 4682 657 4729 l.
678 4682 777 4743 quotam
793 4686 849 4731 MC.
918 4696 939 4741 g.
960 4695 1001 4742 por
1016 4697 1059 4727 om.
1077 4683 1109 4737 C,
1129 4681 1154 4727 in
1172 4682 1199 4728 V.
1267 4681 1290 4728 ln.
1305 4681 1455 4740 llishtlrnrzs
1472 4683 1500 4729 V·
1560 4682 1577 4729 ἰ.
1597 4682 1669 4729 vitam
1684 4684 1738 4731 17
1750 4694 1773 4731 es
1786 4686 1814 4731 C.

640 4762 665 4811 k.
683 4762 799 4811 Romoms
816 4766 843 4811 C.

714 4869 738 4923 r.
757 4866 937 4936 neeesse.
1009 4867 1035 4921 a.
1052 4864 1195 4935 seems.
1267 4865 1516 4936 o.ecor.12‚1o.
1581 4866 1608 4922 4.
1627 4867 1812 4937 asseras.

1550 4960 1566 5000 X
