4342 6034
637 727 702 793 216
866 743 892 790 s.
910 740 1086 791 naumann
1107 742 1152 789 nn
1174 741 1277 789 cunm
1298 738 1486 789 erraneam
1505 740 1542 787 n.
1558 739 1588 787 ss

468 886 678 952 o.732·751ad
700 903 751 951 me
774 904 875 969 usque
897 883 1018 949 directa
1045 888 1266 969 pervenerunt
1313 881 1433 961 Quibus
1463 882 1630 966 diligenter
1657 880 1750 949 lectis
1779 888 1811 950 et

636 1001 855 1084 consideratis,
879 1004 952 1085 post
974 998 1161 1085 premissam
1184 996 1348 1085 pacificam
1365 997 1598 1082 salutationem,
1621 1000 1650 1064 si
1665 998 1810 1065 benein·

635 1116 760 1200 tellexi,
789 1115 960 1181 insinuasti
981 1113 1073 1181 nobis
1098 1133 1173 1197 arga
1194 1134 1251 1179 uos
1274 1113 1415 1181 diversas
1437 1112 1601 1181 molestias
1622 1120 1657 1181 et
1677 1113 1811 1181 tribula·

635 1234 796 1298 tiones-
813 1251 874 1316 qus
897 1250 971 1315 sape
994 1229 1099 1297 solent
1120 1230 1155 1295 in
1176 1229 1235 1295 hoc
1256 1228 1375 1295 mundo
1396 1248 1551 1315 occupare
1567 1246 1676 1297 servos
1690 1228 1812 1297 Christi

636 1348 808 1414 secundnm
832 1345 967 1433 apostoli
991 1344 1198 1411 sententiam:
1225 1344 1350 1425 Onnes,
1374 1350 1433 1431 qni
1448 1349 1506 1433 pie
1526 1347 1637 1412 nolant
1657 1350 1812 1413 ninerein

636 1463 774 1545 macto,
802 1466 1050 1550 persecutionem
1076 1456 1261 1549 patinntn¹
1284 1494 1326 1505 —
1350 1464 1522 1545 contraque
1544 1461 1652 1527 omnia
1672 1467 1812 1547 tcmpta-
1932 1524 1934 1547 2

635 1584 743 1645 manta
758 1580 935 1645 orationum
950 1581 1143 1659 nostrarum,
1167 1574 1406 1661 qualiacumque
1426 1581 1510 1661 sunt,
1533 1577 1739 1645 amminicula
1753 1577 1813 1645 bu·
1932 1634 1934 1675 ξ

524 1698 527 1705 ’
635 1694 753 1761 militer
774 1693 953 1780 postulasti.
988 1691 1078 1770 Quod
1101 1697 1135 1757 et
1155 1692 1259 1757 omnis
1281 1692 1483 1776 congregatio
1505 1698 1688 1779 nostrapte
1703 1698 1816 1761 vestra

634 1809 788 1895 sospitate
811 1809 920 1875 sedulo
944 1808 984 1875 ad
1000 1807 1173 1875 Dominum
1194 1826 1305 1893 preces
1326 1807 1459 1875 fundere
1481 1808 1612 1875 studuit
1649 1808 1694 1875 Et
1715 1830 1814 1895 anne,

635 1924 853 1991 amantissime
878 1923 1026 2007 diacone,
1057 1922 1134 2007 quia
1159 1923 1261 1989 ricem
1288 1922 1489 1991 rescribendo
1521 1923 1709 1991 eruditionis
1737 1931 1815 1993 tuae

634 2041 762 2126 scriptis
785 2044 915 2126 propter
936 2040 1128 2126 parvitatem
1150 2038 1301 2121 ingenioli
1322 2039 1386 2105 mei
1409 2038 1504 2123 digne
1524 2038 1667 2106 debitum
1687 2042 1815 2127 persol-

635 2176 708 2223 vere
730 2176 793 2223 non
816 2156 923 2241 potiri,
946 2162 1054 2222 tamsn
1077 2154 1160 2237 scio,
1182 2156 1259 2238 quia
1279 2174 1357 2221 vera
1378 2155 1494 2223 caritas
1517 2155 1625 2221 omnia
1646 2154 1814 2224 sustinent

634 2271 721 2339 Haec
743 2290 846 2358 pauca
867 2270 964 2338 verba
985 2270 1172 2337 rusticitatis
1194 2290 1285 2336 meae
1307 2289 1379 2337 cnm
1393 2270 1535 2337 minimis
1548 2271 1756 2357 munusculis,
1781 2274 1816 2341 id

635 2394 697 2457 est:
723 2392 871 2472 quattuor
894 2384 1038 2453 cultellos
1061 2391 1173 2453 nostra
1191 2386 1417 2453 consuetudine
1430 2387 1531 2455 factos
1546 2393 1579 2453 et
1592 2386 1814 2457 carmanum

635 2508 819 2587 argenteum
848 2508 881 2567 et
909 2521 1060 2588 mappam
1087 2521 1201 2585 unam,
1229 2522 1288 2587 per
1315 2498 1442 2569 fidelem
1468 2503 1654 2589 portitorem
1677 2505 1813 2573 fratrem

635 2624 775 2687 vestrum
805 2618 902 2685 immo
926 2622 1069 2685 noscam
1092 2616 1268 2683 Aldredum
1290 2617 1420 2685 amabili
1441 2619 1620 2705 presentiae
1642 2624 1718 2687 tnae
1738 2626 1814 2689 tan·

635 2741 703 2803 tum
727 2755 785 2822 pro
808 2734 962 2801 memoria
983 2734 1126 2800 cantatis
1147 2734 1364 2801 transmittere
1386 2736 1504 2801 curaui
1550 2734 1673 2814 Quaeso
1695 2738 1814 2806 frater·

634 2854 767 2919 nitatem
789 2856 894 2934 tuam,
923 2854 960 2916 ut
990 2870 1026 2916 eo
1050 2851 1156 2916 animo
1180 2870 1200 2916 a
1221 2854 1252 2916 te
1274 2848 1353 2917 haec
1374 2850 1603 2937 suscipiantur,
1630 2874 1693 2938 quo
1716 2874 1737 2920 a
1759 2876 1813 2923 me

635 2970 794 3035 destinata
831 2972 1015 3033 noscuntur.
1108 2966 1171 3033 Sed
1209 2972 1241 3031 et
1273 2966 1514 3032 intercessorem
1546 2973 1692 3037 nostrum
1726 2972 1812 3058 apud

633 3086 748 3170 Deum,
772 3084 985 3166 venerabilem
999 3082 1196 3149 Bonifatium
1217 3080 1387 3168 presulem,
1411 3082 1513 3148 omnis
1533 3088 1661 3151 caterua
1673 3086 1811 3153 fratrum

633 3208 814 3269 nostrorum
845 3220 918 3267 cum
949 3198 1127 3266 abbaterio·
1149 3198 1184 3263 in
1206 3198 1268 3264 Dai
1290 3196 1456 3264 dilectione
1479 3198 1618 3267 salutare
1638 3200 1810 3271 desiderat

638 3414 698 3485 78.
725 3414 967 3504 Thapsitanos
996 3414 1238 3479 archediaconus
1261 3414 1425 3479 Romanas
1446 3413 1617 3499 Bonifatio
1639 3416 1715 3481 berae
1730 3440 1809 3504 pre-

724 3545 823 3598 catur.
873 3530 1015 3610 Innttant,
1039 3530 1298 3595 archidiaconum
1320 3532 1397 3611 eins,
1421 3533 1624 3597 commendat.
1670 3534 1810 3601 Munera

723 3646 847 3714 mittitl.
1422 3643 1459 3726 (S
1477 3648 1552 3731 147,
1574 3644 1614 3714 W
1629 3648 1684 3732 95,
1706 3645 1737 3715 G
1753 3650 1807 3731 84)

465 3818 488 3857 o.
503 3802 624 3858 732-751
723 3782 860 3871 Egregie
889 3780 974 3868 patri
1004 3785 1037 3845 et
1063 3778 1191 3845 domino
1215 3778 1362 3845 aetheriis
1384 3778 1530 3845 decorate
1552 3779 1691 3848 fascibus
1712 3780 1808 3849 Boni·

634 3900 712 3965 tatio
737 3898 819 3965 almo
843 3896 1079 3984 archiepiscopo
1102 3894 1359 3981 Theophilacias⁰
1381 3895 1530 3979 indignus
1553 3896 1808 3967 archidiaconusd

635 4022 763 4093 sanctas
787 4014 870 4081 sedis
894 4012 1075 4101 apostolice.

725 4132 810 4198 Inter
833 4151 965 4197 amoena
986 4135 1081 4217 prata
1102 4128 1306 4212 fraglantium
1328 4125 1441 4193 dorum
1464 4146 1539 4214 sepe
1557 4129 1658 4215 spinis
1673 4130 1807 4199 circm-

634 4248 770 4315 vallatur
785 4268 867 4314 rosa.
895 4246 953 4331 lta,
969 4246 1159 4313 inlustrante
1171 4249 1280 4311 sancto
1293 4241 1426 4331 Spiritu,
1442 4244 1658 4329 praefulgidus
1668 4247 1808 4333 plerum·

634 4386 695 4451 que
717 4364 828 4433 rutilat
851 4364 969 4431 arbiter
992 4362 1091 4430 veluti
1105 4380 1214 4428 roseus
1229 4360 1297 4445 flos,
1321 4364 1355 4427 et
1367 4358 1519 4426 melliflua
1533 4362 1682 4446 dogmata
1696 4364 1808 4432 salutis

706 4522 727 4553 a.
748 4510 783 4554 sic
798 4507 863 4561 ιαὼς
877 4510 979 4564 fortasse
995 4505 1075 4551 abbata
1091 4507 1171 4551 nosne
1185 4505 1304 4566 lagadun
1320 4518 1376 4557 esee,
1393 4506 1498 4562 spinam
1514 4506 1619 4559 nawa,
1635 4508 1695 4554 Aca
1705 4508 1748 4555 SS.
1759 4509 1807 4554 erc

634 4591 687 4636 Ben.
703 4604 765 4634 saec.
782 4590 825 4641 111,
837 4588 851 4632 2
865 4603 889 4647 p.
903 4587 956 4632 893.
1025 4584 1047 4630 b.
1068 4600 1097 4630 ex
1113 4587 1142 4630 Μ
1155 4584 1302 4640 cce—cta,
1319 4586 1341 4630 C
1354 4582 1483 4629 tto-48.
1506 4586 1561 4631 Sina
1575 4587 1678 4632 temate
1694 4590 1736 4644 115
1752 4587 1806 4634 Item

633 4667 731 4727 epistola
746 4664 905 4727 Theophilaeti
921 4664 1011 4712 diaconi
1028 4662 1057 4711 nd
1073 4662 1210 4710 llonltrtium
1226 4666 1251 4711 c.
1314 4675 1335 4708 a.
1351 4662 1511 4722 l'heolylactas
1523 4665 1549 4711 C.
1612 4665 1635 4711 d.
1651 4666 1762 4714 ᾱίωοιιιι
1773 4670 1805 4722 11,

634 4746 807 4794 archidiaconus
825 4748 851 4793 C.

707 4854 730 4905 1.
756 4848 1001 4919 salmonum.
1093 4850 1118 4904 a.
1143 4846 1429 4919 reassumam.
