<?xml version="1.0" encoding="UTF-8"?>
<!DOCTYPE html PUBLIC "-//W3C//DTD XHTML 1.0 Transitional//EN"
    "http://www.w3.org/TR/xhtml1/DTD/xhtml1-transitional.dtd">
<html xmlns="http://www.w3.org/1999/xhtml" xml:lang="en" lang="en">
 <head>
  <title>
</title>
<meta http-equiv="Content-Type" content="text/html;charset=utf-8" />
  <meta name='ocr-system' content='tesseract 3.04.00' />
  <meta name='ocr-capabilities' content='ocr_page ocr_carea ocr_par ocr_line ocrx_word'/>
</head>
<body>
  <div class='ocr_page' id='page_1' title='image "./monumentamogunt00lulgoog/monumentamogunt00lulgoog_0119.png"; bbox 0 0 4342 6034; ppageno 0'>
   <div class='ocr_carea' id='block_1_1' title="bbox 569 791 1512 858">
    <p class='ocr_par' dir='ltr' id='par_1_1' title="bbox 569 791 1512 858">
     <span class='ocr_line' id='line_1_1' title="bbox 569 791 1512 858; baseline 0.001 -2"><span class='ocrx_word' id='word_1_1' title='bbox 569 809 597 856; x_wconf 90' lang='lat' dir='ltr'><strong>s.</strong></span> <span class='ocrx_word' id='word_1_2' title='bbox 614 809 790 856; x_wconf 74' lang='lat' dir='ltr'><strong>ncnmnru</strong></span> <span class='ocrx_word' id='word_1_3' title='bbox 811 810 856 856; x_wconf 80' lang='lat' dir='ltr'><strong>sn</strong></span> <span class='ocrx_word' id='word_1_4' title='bbox 877 810 980 858; x_wconf 79' lang='lat' dir='ltr'><strong>uuum</strong></span> <span class='ocrx_word' id='word_1_5' title='bbox 997 809 1185 857; x_wconf 74' lang='lat' dir='ltr'><strong>sersronsn</strong></span> <span class='ocrx_word' id='word_1_6' title='bbox 1208 809 1289 856; x_wconf 80' lang='lat' dir='ltr'><strong>oses</strong></span> <span class='ocrx_word' id='word_1_7' title='bbox 1452 791 1512 857; x_wconf 91' lang='lat'><strong>101</strong></span> 
     </span>
    </p>
   </div>
   <div class='ocr_carea' id='block_1_2' title="bbox 333 948 1685 3016">
    <p class='ocr_par' dir='ltr' id='par_1_2' title="bbox 333 948 1685 3016">
     <span class='ocr_line' id='line_1_2' title="bbox 340 948 1685 1019; baseline -0.002 -5"><span class='ocrx_word' id='word_1_8' title='bbox 340 948 522 1015; x_wconf 83' lang='lat' dir='ltr'><strong>anchelenti</strong></span> <span class='ocrx_word' id='word_1_9' title='bbox 551 951 707 1017; x_wconf 90' lang='lat' dir='ltr'><strong>desiderio</strong></span> <span class='ocrx_word' id='word_1_10' title='bbox 736 951 888 1018; x_wconf 84' lang='lat' dir='ltr'><strong>orationis</strong></span> <span class='ocrx_word' id='word_1_11' title='bbox 916 971 1012 1018; x_wconf 79' lang='lat' dir='ltr'><strong>cause</strong></span> <span class='ocrx_word' id='word_1_12' title='bbox 1038 951 1202 1019; x_wconf 80' lang='lat' dir='ltr'><strong>liminibus</strong></span> <span class='ocrx_word' id='word_1_13' title='bbox 1231 950 1329 1016; x_wconf 85' lang='lat' dir='ltr'><strong>sacris</strong></span> <span class='ocrx_word' id='word_1_14' title='bbox 1353 949 1549 1018; x_wconf 85' lang='lat' dir='ltr'><strong>beatorumo.</strong></span> <span class='ocrx_word' id='word_1_15' title='bbox 1563 957 1685 1012; x_wconf 72' lang='lat' dir='ltr'><strong>&#39;tel-739</strong></span> 
     </span>
     <span class='ocr_line' id='line_1_3' title="bbox 337 1065 1515 1154; baseline 0.004 -24"><span class='ocrx_word' id='word_1_16' title='bbox 337 1065 521 1152; x_wconf 73' lang='lat' dir='ltr'><strong>principum</strong></span> <span class='ocrx_word' id='word_1_17' title='bbox 556 1067 771 1153; x_wconf 81' lang='lat' dir='ltr'><strong>apostolorum</strong></span> <span class='ocrx_word' id='word_1_18' title='bbox 804 1066 891 1134; x_wconf 89' lang='lat' dir='ltr'><strong>Petri</strong></span> <span class='ocrx_word' id='word_1_19' title='bbox 924 1087 962 1134; x_wconf 86' lang='lat' dir='ltr'><strong>uc</strong></span> <span class='ocrx_word' id='word_1_20' title='bbox 988 1067 1079 1134; x_wconf 79' lang='lat' dir='ltr'><strong>Pauli</strong></span> <span class='ocrx_word' id='word_1_21' title='bbox 1113 1066 1344 1154; x_wconf 80' lang='lat' dir='ltr'>presentandus</span> <span class='ocrx_word' id='word_1_22' title='bbox 1379 1067 1515 1135; x_wconf 82' lang='lat' dir='ltr'><strong>advenit</strong></span> 
     </span>
     <span class='ocr_line' id='line_1_4' title="bbox 338 1181 1516 1270; baseline 0.004 -24"><span class='ocrx_word' id='word_1_23' title='bbox 338 1181 416 1265; x_wconf 85' lang='lat' dir='ltr'><strong>Qui,</strong></span> <span class='ocrx_word' id='word_1_24' title='bbox 445 1181 590 1268; x_wconf 77' lang='lat' dir='ltr'><strong>perlecta</strong></span> <span class='ocrx_word' id='word_1_25' title='bbox 612 1184 770 1268; x_wconf 84' lang='lat' dir='ltr'><strong>oratione,</strong></span> <span class='ocrx_word' id='word_1_26' title='bbox 800 1183 840 1248; x_wconf 87' lang='lat' dir='ltr'><strong>ad</strong></span> <span class='ocrx_word' id='word_1_27' title='bbox 868 1189 1033 1270; x_wconf 81' lang='lat' dir='ltr'><strong>acceptum</strong></span> <span class='ocrx_word' id='word_1_28' title='bbox 1061 1184 1222 1268; x_wconf 86' lang='lat' dir='ltr'><strong>laborem,</strong></span> <span class='ocrx_word' id='word_1_29' title='bbox 1253 1181 1364 1267; x_wconf 81' lang='lat' dir='ltr'><strong>angelo</strong></span> <span class='ocrx_word' id='word_1_30' title='bbox 1387 1183 1516 1251; x_wconf 85' lang='lat' dir='ltr'><strong>Domini</strong></span> 
     </span>
     <span class='ocr_line' id='line_1_5' title="bbox 338 1297 1517 1385; baseline 0.003 -22"><span class='ocrx_word' id='word_1_31' title='bbox 338 1297 523 1385; x_wconf 84' lang='lat' dir='ltr'><strong>previante,</strong></span> <span class='ocrx_word' id='word_1_32' title='bbox 552 1319 571 1364; x_wconf 85' lang='lat' dir='ltr'><strong>s</strong></span> <span class='ocrx_word' id='word_1_33' title='bbox 598 1300 690 1366; x_wconf 91' lang='lat' dir='ltr'><strong>uobis</strong></span> <span class='ocrx_word' id='word_1_34' title='bbox 713 1305 762 1366; x_wconf 90' lang='lat' dir='ltr'><strong>est</strong></span> <span class='ocrx_word' id='word_1_35' title='bbox 783 1299 955 1366; x_wconf 80' lang='lat' dir='ltr'><strong>absolutus.</strong></span> <span class='ocrx_word' id='word_1_36' title='bbox 1001 1299 1061 1366; x_wconf 86' lang='lat' dir='ltr'><strong>Cui</strong></span> <span class='ocrx_word' id='word_1_37' title='bbox 1089 1305 1196 1368; x_wconf 84' lang='lat' dir='ltr'><strong>vestro</strong></span> <span class='ocrx_word' id='word_1_38' title='bbox 1223 1299 1364 1366; x_wconf 91' lang='lat' dir='ltr'><strong>omnium</strong></span> <span class='ocrx_word' id='word_1_39' title='bbox 1392 1299 1517 1367; x_wconf 85' lang='lat' dir='ltr'><strong>dilectio</strong></span> 
     </span>
     <span class='ocr_line' id='line_1_6' title="bbox 338 1415 1518 1502; baseline 0.003 -23"><span class='ocrx_word' id='word_1_40' title='bbox 338 1435 397 1480; x_wconf 90' lang='lat' dir='ltr'><strong>seu</strong></span> <span class='ocrx_word' id='word_1_41' title='bbox 423 1415 604 1481; x_wconf 83' lang='lat' dir='ltr'><strong>reverentie</strong></span> <span class='ocrx_word' id='word_1_42' title='bbox 626 1421 658 1482; x_wconf 90' lang='lat' dir='ltr'><strong>et</strong></span> <span class='ocrx_word' id='word_1_43' title='bbox 679 1415 875 1500; x_wconf 83' lang='lat' dir='ltr'><strong>relegiositss</strong></span> <span class='ocrx_word' id='word_1_44' title='bbox 897 1421 1028 1502; x_wconf 90' lang='lat' dir='ltr'><strong>propter</strong></span> <span class='ocrx_word' id='word_1_45' title='bbox 1051 1415 1170 1482; x_wconf 78' lang='lat' dir='ltr'><strong>Christi</strong></span> <span class='ocrx_word' id='word_1_46' title='bbox 1194 1435 1334 1482; x_wconf 83' lang='lat' dir='ltr'><strong>amorem</strong></span> <span class='ocrx_word' id='word_1_47' title='bbox 1356 1416 1518 1482; x_wconf 80' lang='lat' dir='ltr'><strong>iuvamina</strong></span> 
     </span>
     <span class='ocr_line' id='line_1_7' title="bbox 338 1530 1518 1618; baseline 0.002 -22"><span class='ocrx_word' id='word_1_48' title='bbox 338 1530 515 1618; x_wconf 77' lang='lat' dir='ltr'><strong>inpendere</strong></span> <span class='ocrx_word' id='word_1_49' title='bbox 543 1530 732 1614; x_wconf 80' lang='lat' dir='ltr'><strong>dignemiui3</strong></span> <span class='ocrx_word' id='word_1_50' title='bbox 763 1532 895 1598; x_wconf 90' lang='lat' dir='ltr'><strong>dumet</strong></span> <span class='ocrx_word' id='word_1_51' title='bbox 923 1532 1109 1617; x_wconf 78' lang='lat' dir='ltr'><strong>agnoscitis,</strong></span> <span class='ocrx_word' id='word_1_52' title='bbox 1138 1552 1218 1618; x_wconf 83' lang='lat' dir='ltr'><strong>quse</strong></span> <span class='ocrx_word' id='word_1_53' title='bbox 1241 1531 1387 1598; x_wconf 91' lang='lat' dir='ltr'><strong>dominus</strong></span> <span class='ocrx_word' id='word_1_54' title='bbox 1410 1535 1518 1598; x_wconf 86' lang='lat' dir='ltr'><strong>noster</strong></span> 
     </span>
     <span class='ocr_line' id='line_1_8' title="bbox 338 1645 1518 1736; baseline 0.002 -24"><span class='ocrx_word' id='word_1_55' title='bbox 338 1646 428 1713; x_wconf 88' lang='lat' dir='ltr'><strong>lesus</strong></span> <span class='ocrx_word' id='word_1_56' title='bbox 440 1645 587 1713; x_wconf 83' lang='lat' dir='ltr'><strong>Christus</strong></span> <span class='ocrx_word' id='word_1_57' title='bbox 608 1648 713 1733; x_wconf 90' lang='lat' dir='ltr'><strong>inquit</strong></span> <span class='ocrx_word' id='word_1_58' title='bbox 735 1647 857 1714; x_wconf 90' lang='lat' dir='ltr'><strong>dicens:</strong></span> <span class='ocrx_word' id='word_1_59' title='bbox 882 1649 948 1731; x_wconf 83' lang='lat' dir='ltr'><strong>Qui</strong></span> <span class='ocrx_word' id='word_1_60' title='bbox 961 1653 1128 1736; x_wconf 82' lang='lat' dir='ltr'><strong>susciperit</strong></span> <span class='ocrx_word' id='word_1_61' title='bbox 1141 1649 1328 1736; x_wconf 74' lang='lat' dir='ltr'><strong>proplietam</strong></span> <span class='ocrx_word' id='word_1_62' title='bbox 1342 1651 1377 1713; x_wconf 83' lang='lat' dir='ltr'><strong>io</strong></span> <span class='ocrx_word' id='word_1_63' title='bbox 1392 1651 1518 1714; x_wconf 76' lang='lat' dir='ltr'><strong>omnine</strong></span> 
     </span>
     <span class='ocr_line' id='line_1_9' title="bbox 333 1765 1518 1852; baseline 0.001 -24"><span class='ocrx_word' id='word_1_64' title='bbox 333 1765 526 1851; x_wconf 73' lang='lat' dir='ltr'><strong>prophetae,</strong></span> <span class='ocrx_word' id='word_1_65' title='bbox 549 1767 720 1830; x_wconf 74' lang='lat' dir='ltr'><strong>mercedem</strong></span> <span class='ocrx_word' id='word_1_66' title='bbox 737 1766 913 1852; x_wconf 79' lang='lat' dir='ltr'><strong>prophetae</strong></span> <span class='ocrx_word' id='word_1_67' title='bbox 933 1769 1081 1852; x_wconf 87' lang='lat' dir='ltr'><strong>occipiet,·</strong></span> <span class='ocrx_word' id='word_1_68' title='bbox 1106 1777 1134 1831; x_wconf 88' lang='lat' dir='ltr'><strong>et</strong></span> <span class='ocrx_word' id='word_1_69' title='bbox 1149 1769 1207 1851; x_wconf 76' lang='lat' dir='ltr'><strong>qui</strong></span> <span class='ocrx_word' id='word_1_70' title='bbox 1220 1767 1387 1851; x_wconf 84' lang='lat' dir='ltr'><strong>susciperit</strong></span> <span class='ocrx_word' id='word_1_71' title='bbox 1400 1767 1518 1830; x_wconf 81' lang='lat' dir='ltr'><strong>iustum</strong></span> 
     </span>
     <span class='ocr_line' id='line_1_10' title="bbox 337 1877 1517 1968; baseline -0.001 -23"><span class='ocrx_word' id='word_1_72' title='bbox 337 1884 373 1945; x_wconf 81' lang='lat' dir='ltr'><strong>in</strong></span> <span class='ocrx_word' id='word_1_73' title='bbox 395 1884 526 1946; x_wconf 76' lang='lat' dir='ltr'><strong>nomine</strong></span> <span class='ocrx_word' id='word_1_74' title='bbox 547 1883 639 1962; x_wconf 80' lang='lat' dir='ltr'><strong>iusti,</strong></span> <span class='ocrx_word' id='word_1_75' title='bbox 666 1883 836 1946; x_wconf 73' lang='lat' dir='ltr'><strong>mercedem</strong></span> <span class='ocrx_word' id='word_1_76' title='bbox 857 1884 935 1947; x_wconf 81' lang='lat' dir='ltr'><strong>iusti</strong></span> <span class='ocrx_word' id='word_1_77' title='bbox 956 1885 1089 1968; x_wconf 82' lang='lat' dir='ltr'><strong>accipiet</strong></span> <span class='ocrx_word' id='word_1_78' title='bbox 1098 1877 1114 1946; x_wconf 84' lang='lat'><strong>¹.</strong></span> <span class='ocrx_word' id='word_1_79' title='bbox 1205 1879 1249 1946; x_wconf 80' lang='lat' dir='ltr'><strong>Et</strong></span> <span class='ocrx_word' id='word_1_80' title='bbox 1271 1879 1299 1945; x_wconf 92' lang='lat' dir='ltr'><strong>si</strong></span> <span class='ocrx_word' id='word_1_81' title='bbox 1320 1879 1454 1945; x_wconf 76' lang='lat' dir='ltr'><strong>forsitan</strong></span> <span class='ocrx_word' id='word_1_82' title='bbox 1478 1899 1517 1946; x_wconf 83' lang='lat' dir='ltr'><strong>ex</strong></span> 
     </span>
     <span class='ocr_line' id='line_1_11' title="bbox 337 1995 1518 2083; baseline 0.001 -22"><span class='ocrx_word' id='word_1_83' title='bbox 337 1997 457 2062; x_wconf 79' lang='lat' dir='ltr'><strong>uestris</strong></span> <span class='ocrx_word' id='word_1_84' title='bbox 480 1995 635 2062; x_wconf 86' lang='lat' dir='ltr'><strong>ministris</strong></span> <span class='ocrx_word' id='word_1_85' title='bbox 658 2016 728 2062; x_wconf 91' lang='lat' dir='ltr'><strong>sese</strong></span> <span class='ocrx_word' id='word_1_86' title='bbox 749 1997 820 2083; x_wconf 95' lang='lat' dir='ltr'><strong>ipso</strong></span> <span class='ocrx_word' id='word_1_87' title='bbox 843 1995 1043 2062; x_wconf 80' lang='lat' dir='ltr'><strong>sanctissimo</strong></span> <span class='ocrx_word' id='word_1_88' title='bbox 1064 1996 1134 2061; x_wconf 88' lang='lat' dir='ltr'><strong>viro</strong></span> <span class='ocrx_word' id='word_1_89' title='bbox 1157 1996 1190 2061; x_wconf 92' lang='lat' dir='ltr'><strong>iu</strong></span> <span class='ocrx_word' id='word_1_90' title='bbox 1212 1995 1388 2062; x_wconf 89' lang='lat' dir='ltr'><strong>ministerio</strong></span> <span class='ocrx_word' id='word_1_91' title='bbox 1405 1995 1518 2062; x_wconf 83' lang='lat' dir='ltr'><strong>exhor·</strong></span> 
     </span>
     <span class='ocr_line' id='line_1_12' title="bbox 336 2109 1517 2196; baseline -0.001 -17"><span class='ocrx_word' id='word_1_92' title='bbox 336 2112 473 2179; x_wconf 74' lang='lat' dir='ltr'><strong>tationis</strong></span> <span class='ocrx_word' id='word_1_93' title='bbox 496 2115 625 2178; x_wconf 83' lang='lat' dir='ltr'><strong>sanctae</strong></span> <span class='ocrx_word' id='word_1_94' title='bbox 647 2111 800 2179; x_wconf 84' lang='lat' dir='ltr'><strong>catholice</strong></span> <span class='ocrx_word' id='word_1_95' title='bbox 821 2110 897 2194; x_wconf 73' lang='lat' dir='ltr'><strong>fidei</strong></span> <span class='ocrx_word' id='word_1_96' title='bbox 926 2111 1097 2195; x_wconf 83' lang='lat' dir='ltr'><strong>adiungere</strong></span> <span class='ocrx_word' id='word_1_97' title='bbox 1125 2109 1277 2196; x_wconf 88' lang='lat' dir='ltr'><strong>voluerit,</strong></span> <span class='ocrx_word' id='word_1_98' title='bbox 1307 2109 1394 2178; x_wconf 90' lang='lat' dir='ltr'><strong>nullo</strong></span> <span class='ocrx_word' id='word_1_99' title='bbox 1423 2111 1517 2178; x_wconf 91' lang='lat' dir='ltr'><strong>modo</strong></span> 
     </span>
     <span class='ocr_line' id='line_1_13' title="bbox 337 2209 1517 2316; baseline -0.003 -21"><span class='ocrx_word' id='word_1_100' title='bbox 337 2229 549 2316; x_wconf 83' lang='lat' dir='ltr'><strong>prohibeatis,</strong></span> <span class='ocrx_word' id='word_1_101' title='bbox 571 2227 742 2294; x_wconf 83' lang='lat' dir='ltr'><strong>karissimi.</strong></span> <span class='ocrx_word' id='word_1_102' title='bbox 788 2226 891 2312; x_wconf 78' lang='lat' dir='ltr'><strong>Magis</strong></span> <span class='ocrx_word' id='word_1_103' title='bbox 914 2233 1020 2294; x_wconf 82' lang='lat' dir='ltr'><strong>eutem</strong></span> <span class='ocrx_word' id='word_1_104' title='bbox 1043 2209 1229 2295; x_wconf 86' lang='lat' dir='ltr'><strong>coneursum</strong></span> <span class='ocrx_word' id='word_1_105' title='bbox 1253 2227 1399 2314; x_wconf 74' lang='lat' dir='ltr'><strong>prebete,</strong></span> <span class='ocrx_word' id='word_1_106' title='bbox 1423 2231 1517 2294; x_wconf 84' lang='lat' dir='ltr'><strong>etex</strong></span> 
     </span>
     <span class='ocr_line' id='line_1_14' title="bbox 338 2342 1514 2431; baseline 0.002 -23"><span class='ocrx_word' id='word_1_107' title='bbox 338 2349 447 2412; x_wconf 83' lang='lat' dir='ltr'><strong>vestro</strong></span> <span class='ocrx_word' id='word_1_108' title='bbox 476 2343 559 2410; x_wconf 84' lang='lat' dir='ltr'><strong>ovile</strong></span> <span class='ocrx_word' id='word_1_109' title='bbox 583 2343 742 2410; x_wconf 80' lang='lat' dir='ltr'><strong>adiutores</strong></span> <span class='ocrx_word' id='word_1_110' title='bbox 765 2344 795 2410; x_wconf 90' lang='lat' dir='ltr'><strong>si</strong></span> <span class='ocrx_word' id='word_1_111' title='bbox 816 2344 963 2429; x_wconf 83' lang='lat' dir='ltr'><strong>tribuite,</strong></span> <span class='ocrx_word' id='word_1_112' title='bbox 992 2345 1047 2429; x_wconf 88' lang='lat' dir='ltr'><strong>qui</strong></span> <span class='ocrx_word' id='word_1_113' title='bbox 1068 2345 1194 2431; x_wconf 88' lang='lat' dir='ltr'><strong>possint</strong></span> <span class='ocrx_word' id='word_1_114' title='bbox 1215 2364 1273 2431; x_wconf 90' lang='lat' dir='ltr'><strong>per</strong></span> <span class='ocrx_word' id='word_1_115' title='bbox 1295 2342 1356 2411; x_wconf 89' lang='lat' dir='ltr'><strong>Dei</strong></span> <span class='ocrx_word' id='word_1_116' title='bbox 1378 2343 1514 2428; x_wconf 75' lang='lat' dir='ltr'><strong>gestium</strong></span> 
     </span>
     <span class='ocr_line' id='line_1_15' title="bbox 338 2459 1511 2547; baseline -0.001 -20"><span class='ocrx_word' id='word_1_117' title='bbox 338 2459 535 2528; x_wconf 85' lang='lat' dir='ltr'><strong>sufficienter</strong></span> <span class='ocrx_word' id='word_1_118' title='bbox 556 2460 702 2545; x_wconf 85' lang='lat' dir='ltr'><strong>gentibus</strong></span> <span class='ocrx_word' id='word_1_119' title='bbox 724 2461 905 2527; x_wconf 83' lang='lat' dir='ltr'><strong>ministrare</strong></span> <span class='ocrx_word' id='word_1_120' title='bbox 928 2460 1059 2528; x_wconf 89' lang='lat' dir='ltr'><strong>verbum</strong></span> <span class='ocrx_word' id='word_1_121' title='bbox 1078 2459 1336 2547; x_wconf 81' lang='lat' dir='ltr'><strong>predicationis&#39;:</strong></span> <span class='ocrx_word' id='word_1_122' title='bbox 1360 2465 1396 2527; x_wconf 91' lang='grc' dir='ltr'><strong>ιιι</strong></span> <span class='ocrx_word' id='word_1_123' title='bbox 1410 2460 1511 2526; x_wconf 90' lang='lat' dir='ltr'><strong>omni·</strong></span> 
     </span>
     <span class='ocr_line' id='line_1_16' title="bbox 339 2575 1518 2665; baseline -0.002 -20"><span class='ocrx_word' id='word_1_124' title='bbox 339 2577 466 2665; x_wconf 88' lang='lat' dir='ltr'><strong>potenti</strong></span> <span class='ocrx_word' id='word_1_125' title='bbox 481 2577 551 2644; x_wconf 90' lang='lat' dir='ltr'><strong>Deo</strong></span> <span class='ocrx_word' id='word_1_126' title='bbox 573 2581 682 2643; x_wconf 87' lang='lat' dir='ltr'><strong>nostro</strong></span> <span class='ocrx_word' id='word_1_127' title='bbox 705 2576 827 2643; x_wconf 83' lang='lat' dir='ltr'><strong>animes</strong></span> <span class='ocrx_word' id='word_1_128' title='bbox 849 2575 1063 2659; x_wconf 84' lang='lat' dir='ltr'><strong>lucrifacient3</strong></span> <span class='ocrx_word' id='word_1_129' title='bbox 1086 2581 1124 2643; x_wconf 87' lang='grc' dir='ltr'><strong>ιιι</strong></span> <span class='ocrx_word' id='word_1_130' title='bbox 1139 2582 1171 2643; x_wconf 89' lang='lat' dir='ltr'><strong>et</strong></span> <span class='ocrx_word' id='word_1_131' title='bbox 1185 2581 1292 2644; x_wconf 85' lang='lat' dir='ltr'><strong>vestre</strong></span> <span class='ocrx_word' id='word_1_132' title='bbox 1307 2575 1518 2643; x_wconf 83' lang='lat' dir='ltr'><strong>communitus</strong></span> 
     </span>
     <span class='ocr_line' id='line_1_17' title="bbox 339 2691 1519 2781; baseline -0.001 -20"><span class='ocrx_word' id='word_1_133' title='bbox 339 2695 417 2762; x_wconf 91' lang='lat' dir='ltr'><strong>boni</strong></span> <span class='ocrx_word' id='word_1_134' title='bbox 439 2694 547 2781; x_wconf 88' lang='lat' dir='ltr'><strong>operis</strong></span> <span class='ocrx_word' id='word_1_135' title='bbox 569 2694 748 2781; x_wconf 90' lang='lat' dir='ltr'><strong>portionem</strong></span> <span class='ocrx_word' id='word_1_136' title='bbox 770 2694 931 2778; x_wconf 83' lang='lat' dir='ltr'><strong>sortietur,</strong></span> <span class='ocrx_word' id='word_1_137' title='bbox 956 2699 1050 2779; x_wconf 84' lang='lat' dir='ltr'><strong>utque</strong></span> <span class='ocrx_word' id='word_1_138' title='bbox 1068 2692 1117 2758; x_wconf 93' lang='lat' dir='ltr'><strong>illi</strong></span> <span class='ocrx_word' id='word_1_139' title='bbox 1132 2698 1313 2760; x_wconf 82' lang='lat' dir='ltr'><strong>mereantur</strong></span> <span class='ocrx_word' id='word_1_140' title='bbox 1328 2691 1519 2760; x_wconf 82' lang='lat' dir='ltr'><strong>dominicum</strong></span> 
     </span>
     <span class='ocr_line' id='line_1_18' title="bbox 339 2811 1517 2898; baseline 0 -22"><span class='ocrx_word' id='word_1_141' title='bbox 339 2832 452 2879; x_wconf 82' lang='lat' dir='ltr'><strong>vocem</strong></span> <span class='ocrx_word' id='word_1_142' title='bbox 483 2811 609 2876; x_wconf 86' lang='lat' dir='ltr'><strong>audire:</strong></span> <span class='ocrx_word' id='word_1_143' title='bbox 640 2811 717 2891; x_wconf 87' lang='lat' dir='ltr'><strong>Vos,</strong></span> <span class='ocrx_word' id='word_1_144' title='bbox 747 2815 805 2897; x_wconf 80' lang='lat' dir='ltr'><strong>qui</strong></span> <span class='ocrx_word' id='word_1_145' title='bbox 831 2813 1041 2898; x_wconf 77' lang='lat' dir='ltr'><strong>dereliquistis</strong></span> <span class='ocrx_word' id='word_1_146' title='bbox 1064 2814 1172 2876; x_wconf 78' lang='lat' dir='ltr'><strong>omniu</strong></span> <span class='ocrx_word' id='word_1_147' title='bbox 1195 2823 1224 2876; x_wconf 90' lang='lat' dir='ltr'><strong>et</strong></span> <span class='ocrx_word' id='word_1_148' title='bbox 1244 2814 1343 2876; x_wconf 79' lang='lat' dir='ltr'><strong>secuti</strong></span> <span class='ocrx_word' id='word_1_149' title='bbox 1364 2813 1436 2876; x_wconf 85' lang='lat' dir='ltr'><strong>estio</strong></span> <span class='ocrx_word' id='word_1_150' title='bbox 1458 2833 1517 2892; x_wconf 78' lang='lat' dir='ltr'><strong>trec,</strong></span> 
     </span>
     <span class='ocr_line' id='line_1_19' title="bbox 339 2921 1517 3016; baseline -0.003 -22"><span class='ocrx_word' id='word_1_151' title='bbox 339 2929 524 3016; x_wconf 79' lang='lat' dir='ltr'><strong>centuplum</strong></span> <span class='ocrx_word' id='word_1_152' title='bbox 539 2931 700 3014; x_wconf 80' lang='lat' dir='ltr'><strong>accipietis</strong></span> <span class='ocrx_word' id='word_1_153' title='bbox 716 2940 745 2993; x_wconf 85' lang='lat' dir='ltr'><strong>et</strong></span> <span class='ocrx_word' id='word_1_154' title='bbox 759 2930 856 2992; x_wconf 83' lang='lat' dir='ltr'><strong>eitam</strong></span> <span class='ocrx_word' id='word_1_155' title='bbox 872 2943 1031 2994; x_wconf 81' lang='lat' dir='ltr'><strong>aetermam</strong></span> <span class='ocrx_word' id='word_1_156' title='bbox 1045 2927 1244 3015; x_wconf 81' lang='lat' dir='ltr'><strong>possidebitis</strong></span> <span class='ocrx_word' id='word_1_157' title='bbox 1251 2921 1271 2992; x_wconf 82' lang='lat'><strong>².</strong></span> <span class='ocrx_word' id='word_1_158' title='bbox 1302 2925 1388 2992; x_wconf 85' lang='lat' dir='ltr'><strong>Bene</strong></span> <span class='ocrx_word' id='word_1_159' title='bbox 1403 2925 1517 3009; x_wconf 75' lang='lat' dir='ltr'><strong>valete.</strong></span> 
     </span>
    </p>
   </div>
   <div class='ocr_carea' id='block_1_3' title="bbox 343 3139 1518 3462">
    <p class='ocr_par' dir='ltr' id='par_1_3' title="bbox 343 3139 1518 3462">
     <span class='ocr_line' id='line_1_20' title="bbox 343 3139 1518 3229; baseline -0.005 -17"><span class='ocrx_word' id='word_1_160' title='bbox 343 3141 406 3212; x_wconf 86' lang='lat'><strong>36.</strong></span> <span class='ocrx_word' id='word_1_161' title='bbox 435 3139 610 3228; x_wconf 74' lang='lat' dir='ltr'><strong>Greporiee</strong></span> <span class='ocrx_word' id='word_1_162' title='bbox 638 3141 701 3206; x_wconf 90' lang='grc' dir='ltr'><strong>ΙΙΙ</strong></span> <span class='ocrx_word' id='word_1_163' title='bbox 719 3165 812 3228; x_wconf 83' lang='lat' dir='ltr'><strong>papa</strong></span> <span class='ocrx_word' id='word_1_164' title='bbox 841 3145 1006 3229; x_wconf 79' lang='lat' dir='ltr'><strong>optimates</strong></span> <span class='ocrx_word' id='word_1_165' title='bbox 1035 3154 1064 3206; x_wconf 88' lang='lat' dir='ltr'><strong>et</strong></span> <span class='ocrx_word' id='word_1_166' title='bbox 1086 3141 1246 3228; x_wconf 80' lang='lat' dir='ltr'><strong>populum</strong></span> <span class='ocrx_word' id='word_1_167' title='bbox 1278 3144 1518 3228; x_wconf 83' lang='lat' dir='ltr'><strong>provinciarum</strong></span> 
     </span>
     <span class='ocr_line' id='line_1_21' title="bbox 435 3256 1517 3344; baseline -0.002 -18"><span class='ocrx_word' id='word_1_168' title='bbox 435 3256 627 3326; x_wconf 79' lang='lat' dir='ltr'><strong>Gemmnioe</strong></span> <span class='ocrx_word' id='word_1_169' title='bbox 642 3271 756 3338; x_wconf 80' lang='lat' dir='ltr'><strong>monet,</strong></span> <span class='ocrx_word' id='word_1_170' title='bbox 779 3271 815 3323; x_wconf 83' lang='lat' dir='ltr'><strong>ot</strong></span> <span class='ocrx_word' id='word_1_171' title='bbox 829 3257 996 3343; x_wconf 79' lang='lat' dir='ltr'><strong>Bonifatio</strong></span> <span class='ocrx_word' id='word_1_172' title='bbox 1012 3260 1158 3325; x_wconf 81' lang='lat' dir='ltr'><strong>redeunti</strong></span> <span class='ocrx_word' id='word_1_173' title='bbox 1175 3257 1395 3344; x_wconf 80' lang='lat' dir='ltr'><strong>obsequantur,</strong></span> <span class='ocrx_word' id='word_1_174' title='bbox 1420 3260 1517 3324; x_wconf 79' lang='lat' dir='ltr'><strong>ritus·</strong></span> 
     </span>
     <span class='ocr_line' id='line_1_22' title="bbox 433 3371 1517 3462; baseline -0.001 -23"><span class='ocrx_word' id='word_1_175' title='bbox 433 3397 494 3462; x_wconf 80' lang='lat' dir='ltr'><strong>que</strong></span> <span class='ocrx_word' id='word_1_176' title='bbox 517 3374 652 3439; x_wconf 78' lang='lat' dir='ltr'><strong>etbniem</strong></span> <span class='ocrx_word' id='word_1_177' title='bbox 676 3373 838 3440; x_wconf 64' lang='lat' dir='ltr'><strong>desert</strong></span> <span class='ocrx_word' id='word_1_178' title='bbox 1225 3371 1260 3456; x_wconf 85' lang='lat' dir='ltr'><strong>(S</strong></span> <span class='ocrx_word' id='word_1_179' title='bbox 1279 3375 1353 3458; x_wconf 82' lang='lat'><strong>128,</strong></span> <span class='ocrx_word' id='word_1_180' title='bbox 1376 3371 1446 3440; x_wconf 86' lang='lat' dir='ltr'><strong>WG</strong></span> <span class='ocrx_word' id='word_1_181' title='bbox 1461 3373 1517 3456; x_wconf 83' lang='lat'><strong>44)</strong></span> 
     </span>
    </p>
   </div>
   <div class='ocr_carea' id='block_1_4' title="bbox 342 3507 1686 4639">
    <p class='ocr_par' dir='ltr' id='par_1_4' title="bbox 342 3507 1686 3942">
     <span class='ocr_line' id='line_1_23' title="bbox 433 3507 1686 3594; baseline -0.004 -20"><span class='ocrx_word' id='word_1_182' title='bbox 433 3507 607 3590; x_wconf 86' lang='lat' dir='ltr'><strong>Gregorius</strong></span> <span class='ocrx_word' id='word_1_183' title='bbox 629 3527 714 3594; x_wconf 85' lang='lat' dir='ltr'><strong>pepe</strong></span> <span class='ocrx_word' id='word_1_184' title='bbox 736 3508 892 3574; x_wconf 82' lang='lat' dir='ltr'><strong>universis</strong></span> <span class='ocrx_word' id='word_1_185' title='bbox 916 3507 1122 3594; x_wconf 80' lang='lat' dir='ltr'><strong>optimatibus</strong></span> <span class='ocrx_word' id='word_1_186' title='bbox 1145 3513 1178 3574; x_wconf 92' lang='lat' dir='ltr'><strong>et</strong></span> <span class='ocrx_word' id='word_1_187' title='bbox 1199 3507 1316 3594; x_wconf 92' lang='lat' dir='ltr'><strong>populo</strong></span> <span class='ocrx_word' id='word_1_188' title='bbox 1338 3507 1686 3594; x_wconf 69' lang='lat' dir='ltr'><strong>provincia-suerum</strong></span> 
     </span>
     <span class='ocr_line' id='line_1_24' title="bbox 342 3622 1516 3708; baseline -0.001 -17"><span class='ocrx_word' id='word_1_189' title='bbox 342 3645 414 3691; x_wconf 91' lang='lat' dir='ltr'><strong>rum</strong></span> <span class='ocrx_word' id='word_1_190' title='bbox 443 3622 649 3708; x_wconf 82' lang='lat' dir='ltr'><strong>Germaniae,</strong></span> <span class='ocrx_word' id='word_1_191' title='bbox 685 3623 853 3708; x_wconf 83' lang='lat' dir='ltr'><strong>Thuringis</strong></span> <span class='ocrx_word' id='word_1_192' title='bbox 882 3629 914 3690; x_wconf 86' lang='lat' dir='ltr'><strong>et</strong></span> <span class='ocrx_word' id='word_1_193' title='bbox 942 3623 1067 3708; x_wconf 92' lang='lat' dir='ltr'><strong>Hessis,</strong></span> <span class='ocrx_word' id='word_1_194' title='bbox 1101 3623 1266 3691; x_wconf 84' lang='lat' dir='ltr'><strong>Bortheris</strong></span> <span class='ocrx_word' id='word_1_195' title='bbox 1295 3630 1326 3690; x_wconf 89' lang='lat' dir='ltr'><strong>et</strong></span> <span class='ocrx_word' id='word_1_196' title='bbox 1353 3623 1516 3708; x_wconf 90' lang='lat' dir='ltr'><strong>Nistresis,</strong></span> 
     </span>
     <span class='ocr_line' id='line_1_25' title="bbox 343 3738 1517 3824; baseline -0.002 -16"><span class='ocrx_word' id='word_1_197' title='bbox 343 3741 519 3808; x_wconf 82' lang='lat' dir='ltr'><strong>Wedreoiis</strong></span> <span class='ocrx_word' id='word_1_198' title='bbox 546 3744 579 3807; x_wconf 86' lang='lat' dir='ltr'><strong>et</strong></span> <span class='ocrx_word' id='word_1_199' title='bbox 603 3739 758 3824; x_wconf 85' lang='lat' dir='ltr'><strong>Lognnis,</strong></span> <span class='ocrx_word' id='word_1_200' title='bbox 793 3740 951 3806; x_wconf 83' lang='lat' dir='ltr'><strong>Snduodis</strong></span> <span class='ocrx_word' id='word_1_201' title='bbox 985 3745 1017 3807; x_wconf 89' lang='lat' dir='ltr'><strong>et</strong></span> <span class='ocrx_word' id='word_1_202' title='bbox 1038 3738 1199 3806; x_wconf 81' lang='lat' dir='ltr'><strong>Graffeltis</strong></span> <span class='ocrx_word' id='word_1_203' title='bbox 1229 3739 1279 3806; x_wconf 85' lang='lat' dir='ltr'><strong>vel</strong></span> <span class='ocrx_word' id='word_1_204' title='bbox 1309 3739 1454 3808; x_wconf 89' lang='lat' dir='ltr'><strong>omnibus</strong></span> <span class='ocrx_word' id='word_1_205' title='bbox 1484 3739 1517 3806; x_wconf 92' lang='lat' dir='ltr'><strong>in</strong></span> 
     </span>
     <span class='ocr_line' id='line_1_26' title="bbox 343 3856 819 3942; baseline -0.006 -18"><span class='ocrx_word' id='word_1_206' title='bbox 343 3856 492 3924; x_wconf 72' lang='lat' dir='ltr'><strong>orientali</strong></span> <span class='ocrx_word' id='word_1_207' title='bbox 514 3856 609 3942; x_wconf 81' lang='lat' dir='ltr'><strong>plage</strong></span> <span class='ocrx_word' id='word_1_208' title='bbox 631 3857 819 3922; x_wconf 87' lang='lat' dir='ltr'><strong>constitutis.</strong></span> 
     </span>
    </p>

    <p class='ocr_par' dir='ltr' id='par_1_5' title="bbox 343 3969 1625 4639">
     <span class='ocr_line' id='line_1_27' title="bbox 433 3969 1518 4055; baseline 0 -17"><span class='ocrx_word' id='word_1_209' title='bbox 433 3973 589 4052; x_wconf 80' lang='lat' dir='ltr'><strong>Quoniam</strong></span> <span class='ocrx_word' id='word_1_210' title='bbox 622 3971 767 4040; x_wconf 88' lang='lat' dir='ltr'><strong>decessor</strong></span> <span class='ocrx_word' id='word_1_211' title='bbox 795 3977 903 4039; x_wconf 86' lang='lat' dir='ltr'><strong>noster</strong></span> <span class='ocrx_word' id='word_1_212' title='bbox 935 3977 1063 4039; x_wconf 81' lang='lat' dir='ltr'><strong>sanotae</strong></span> <span class='ocrx_word' id='word_1_213' title='bbox 1091 3971 1317 4038; x_wconf 84' lang='lat' dir='ltr'><strong>recordationis</strong></span> <span class='ocrx_word' id='word_1_214' title='bbox 1347 3969 1518 4055; x_wconf 82' lang='lat' dir='ltr'><strong>Gregorius</strong></span> 
     </span>
     <span class='ocr_line' id='line_1_28' title="bbox 343 4065 1625 4177; baseline -0.002 -19"><span class='ocrx_word' id='word_1_215' title='bbox 343 4090 463 4177; x_wconf 84' lang='lat' dir='ltr'><strong>presul,</strong></span> <span class='ocrx_word' id='word_1_216' title='bbox 485 4093 566 4155; x_wconf 91' lang='lat' dir='ltr'><strong>nutu</strong></span> <span class='ocrx_word' id='word_1_217' title='bbox 588 4087 696 4154; x_wconf 77' lang='lat' dir='ltr'><strong>divino</strong></span> <span class='ocrx_word' id='word_1_218' title='bbox 718 4093 832 4173; x_wconf 91' lang='lat' dir='ltr'><strong>motus,</strong></span> <span class='ocrx_word' id='word_1_219' title='bbox 857 4087 897 4154; x_wconf 83' lang='lat' dir='ltr'><strong>ed</strong></span> <span class='ocrx_word' id='word_1_220' title='bbox 911 4088 1089 4155; x_wconf 78' lang='lat' dir='ltr'><strong>faciendum</strong></span> <span class='ocrx_word' id='word_1_221' title='bbox 1104 4087 1172 4155; x_wconf 91' lang='lat' dir='ltr'><strong>Deo</strong></span> <span class='ocrx_word' id='word_1_222' title='bbox 1187 4087 1313 4175; x_wconf 91' lang='lat' dir='ltr'><strong>plebem</strong></span> <span class='ocrx_word' id='word_1_223' title='bbox 1327 4083 1517 4176; x_wconf 83' lang='lat' dir='ltr'><strong>perfectsm⁸</strong></span> <span class='ocrx_word' id='word_1_224' title='bbox 1622 4065 1625 4072; x_wconf 34' lang='lat'><em>¹</em></span> 
     </span>
     <span class='ocr_line' id='line_1_29' title="bbox 344 4203 1516 4292; baseline -0.001 -20"><span class='ocrx_word' id='word_1_225' title='bbox 344 4206 539 4292; x_wconf 89' lang='lat' dir='ltr'><strong>presentium</strong></span> <span class='ocrx_word' id='word_1_226' title='bbox 566 4207 753 4292; x_wconf 82' lang='lat' dir='ltr'><strong>portitorem</strong></span> <span class='ocrx_word' id='word_1_227' title='bbox 782 4205 960 4271; x_wconf 86' lang='lat' dir='ltr'><strong>litterarum</strong></span> <span class='ocrx_word' id='word_1_228' title='bbox 987 4203 1198 4290; x_wconf 79' lang='lat' dir='ltr'><strong>Bonifatium,</strong></span> <span class='ocrx_word' id='word_1_229' title='bbox 1226 4204 1516 4272; x_wconf 85' lang='lat' dir='ltr'><strong>reverentissimum</strong></span> 
     </span>
     <span class='ocr_line' id='line_1_30' title="bbox 344 4320 1517 4408; baseline -0.001 -19"><span class='ocrx_word' id='word_1_230' title='bbox 344 4323 475 4390; x_wconf 69' lang='lat' dir='ltr'><strong>nauem</strong></span> <span class='ocrx_word' id='word_1_231' title='bbox 497 4326 641 4388; x_wconf 84' lang='lat' dir='ltr'><strong>nostrum</strong></span> <span class='ocrx_word' id='word_1_232' title='bbox 665 4341 702 4388; x_wconf 85' lang='lat' dir='ltr'><strong>ec</strong></span> <span class='ocrx_word' id='word_1_233' title='bbox 724 4321 961 4408; x_wconf 89' lang='lat' dir='ltr'><strong>coepiscopum,</strong></span> <span class='ocrx_word' id='word_1_234' title='bbox 990 4321 1140 4388; x_wconf 84' lang='lat' dir='ltr'><strong>ordinans</strong></span> <span class='ocrx_word' id='word_1_235' title='bbox 1164 4320 1205 4387; x_wconf 83' lang='lat' dir='ltr'><strong>ed</strong></span> <span class='ocrx_word' id='word_1_236' title='bbox 1226 4341 1282 4388; x_wconf 88' lang='lat' dir='ltr'><strong>vos</strong></span> <span class='ocrx_word' id='word_1_237' title='bbox 1305 4341 1405 4407; x_wconf 89' lang='lat' dir='ltr'><strong>usquc</strong></span> <span class='ocrx_word' id='word_1_238' title='bbox 1427 4321 1517 4388; x_wconf 86' lang='lat' dir='ltr'><strong>disti-</strong></span> 
     </span>
     <span class='ocr_line' id='line_1_31' title="bbox 346 4436 1517 4524; baseline 0 -20"><span class='ocrx_word' id='word_1_239' title='bbox 346 4441 448 4524; x_wconf 83' lang='lat' dir='ltr'><strong>uerit,</strong></span> <span class='ocrx_word' id='word_1_240' title='bbox 484 4457 619 4524; x_wconf 90' lang='lat' dir='ltr'><strong>eumque</strong></span> <span class='ocrx_word' id='word_1_241' title='bbox 647 4437 790 4522; x_wconf 81' lang='lat' dir='ltr'><strong>regulam</strong></span> <span class='ocrx_word' id='word_1_242' title='bbox 818 4443 850 4504; x_wconf 92' lang='lat' dir='ltr'><strong>et</strong></span> <span class='ocrx_word' id='word_1_243' title='bbox 876 4449 1037 4504; x_wconf 81' lang='lat' dir='ltr'><strong>normem⁰</strong></span> <span class='ocrx_word' id='word_1_244' title='bbox 1066 4437 1258 4524; x_wconf 81' lang='lat' dir='ltr'><strong>apostolicae</strong></span> <span class='ocrx_word' id='word_1_245' title='bbox 1286 4443 1318 4504; x_wconf 89' lang='lat' dir='ltr'><strong>et</strong></span> <span class='ocrx_word' id='word_1_246' title='bbox 1345 4436 1517 4505; x_wconf 78' lang='lat' dir='ltr'><strong>catholicae</strong></span> 
     </span>
     <span class='ocr_line' id='line_1_32' title="bbox 347 4553 1516 4639; baseline 0 -19"><span class='ocrx_word' id='word_1_247' title='bbox 347 4555 418 4622; x_wconf 84' lang='lat' dir='ltr'><strong>fidei</strong></span> <span class='ocrx_word' id='word_1_248' title='bbox 439 4555 612 4639; x_wconf 81' lang='lat' dir='ltr'><strong>Romanae,</strong></span> <span class='ocrx_word' id='word_1_249' title='bbox 634 4555 686 4622; x_wconf 90' lang='lat' dir='ltr'><strong>cui</strong></span> <span class='ocrx_word' id='word_1_250' title='bbox 707 4553 776 4621; x_wconf 92' lang='lat' dir='ltr'><strong>Deo</strong></span> <span class='ocrx_word' id='word_1_251' title='bbox 800 4559 927 4622; x_wconf 82' lang='lat' dir='ltr'><strong>auctore</strong></span> <span class='ocrx_word' id='word_1_252' title='bbox 950 4554 1156 4638; x_wconf 88' lang='lat' dir='ltr'><strong>deservimus,</strong></span> <span class='ocrx_word' id='word_1_253' title='bbox 1180 4553 1349 4622; x_wconf 84' lang='lat' dir='ltr'><strong>eecclesiae</strong></span> <span class='ocrx_word' id='word_1_254' title='bbox 1372 4553 1516 4638; x_wconf 89' lang='lat' dir='ltr'><strong>edocens,</strong></span> 
     </span>
    </p>
   </div>
   <div class='ocr_carea' id='block_1_5' title="bbox 348 4729 1516 4871">
    <p class='ocr_par' dir='ltr' id='par_1_6' title="bbox 348 4729 1516 4871">
     <span class='ocr_line' id='line_1_33' title="bbox 416 4729 1516 4794; baseline -0.002 -14"><span class='ocrx_word' id='word_1_255' title='bbox 416 4747 438 4780; x_wconf 76' lang='grc' dir='ltr'>ι</span> <span class='ocrx_word' id='word_1_256' title='bbox 456 4733 620 4794; x_wconf 69' lang='lat' dir='ltr'><strong>perdicttionis</strong></span> <span class='ocrx_word' id='word_1_257' title='bbox 636 4735 671 4780; x_wconf 83' lang='lat' dir='ltr'><strong>M.</strong></span> <span class='ocrx_word' id='word_1_258' title='bbox 748 4732 770 4778; x_wconf 86' lang='lat' dir='ltr'><strong>b.</strong></span> <span class='ocrx_word' id='word_1_259' title='bbox 792 4750 821 4778; x_wconf 77' lang='lat' dir='ltr'><strong>ex</strong></span> <span class='ocrx_word' id='word_1_260' title='bbox 837 4735 866 4779; x_wconf 80' lang='grc' dir='ltr'><em>Μ</em></span> <span class='ocrx_word' id='word_1_261' title='bbox 877 4733 1000 4780; x_wconf 76' lang='lat' dir='ltr'><strong>lto-180</strong></span> <span class='ocrx_word' id='word_1_262' title='bbox 1017 4729 1049 4790; x_wconf 83' lang='grc' dir='ltr'>(ιἰι</span> <span class='ocrx_word' id='word_1_263' title='bbox 1067 4735 1087 4780; x_wconf 84' lang='lat' dir='ltr'><em>C</em></span> <span class='ocrx_word' id='word_1_264' title='bbox 1102 4734 1116 4778; x_wconf 83' lang='grc'>3</span> <span class='ocrx_word' id='word_1_265' title='bbox 1132 4749 1177 4779; x_wconf 79' lang='lat' dir='ltr'><strong>nes</strong></span> <span class='ocrx_word' id='word_1_266' title='bbox 1192 4741 1226 4780; x_wconf 76' lang='lat' dir='ltr'><strong>cst</strong></span> <span class='ocrx_word' id='word_1_267' title='bbox 1241 4733 1286 4779; x_wconf 79' lang='lat' dir='ltr'><strong>uisi</strong></span> <span class='ocrx_word' id='word_1_268' title='bbox 1301 4735 1374 4779; x_wconf 71' lang='lat' dir='ltr'><strong>exitus</strong></span> <span class='ocrx_word' id='word_1_269' title='bbox 1390 4729 1516 4791; x_wconf 75' lang='lat' dir='ltr'><strong>epistolae).</strong></span> 
     </span>
     <span class='ocr_line' id='line_1_34' title="bbox 348 4811 949 4871; baseline -0.003 -11"><span class='ocrx_word' id='word_1_270' title='bbox 348 4815 399 4860; x_wconf 70' lang='lat' dir='ltr'><strong>Sin</strong></span> <span class='ocrx_word' id='word_1_271' title='bbox 413 4815 522 4862; x_wconf 71' lang='lat' dir='ltr'><strong>bucce.</strong></span> <span class='ocrx_word' id='word_1_272' title='bbox 601 4827 621 4859; x_wconf 89' lang='lat' dir='ltr'><strong>c.</strong></span> <span class='ocrx_word' id='word_1_273' title='bbox 642 4812 742 4871; x_wconf 73' lang='lat' dir='ltr'><strong>regulum</strong></span> <span class='ocrx_word' id='word_1_274' title='bbox 759 4814 783 4858; x_wconf 80' lang='lat' dir='ltr'><strong>ct</strong></span> <span class='ocrx_word' id='word_1_275' title='bbox 797 4811 898 4871; x_wconf 72' lang='lat' dir='ltr'><strong>regulum</strong></span> <span class='ocrx_word' id='word_1_276' title='bbox 914 4817 949 4859; x_wconf 84' lang='lat' dir='ltr'><strong>M.</strong></span> 
     </span>
    </p>
   </div>
   <div class='ocr_carea' id='block_1_6' title="bbox 417 4915 1386 4988">
    <p class='ocr_par' dir='ltr' id='par_1_7' title="bbox 417 4915 1386 4988">
     <span class='ocr_line' id='line_1_35' title="bbox 417 4915 1386 4988; baseline -0.005 -14"><span class='ocrx_word' id='word_1_277' title='bbox 417 4921 442 4974; x_wconf 89' lang='lat'><strong>1.</strong></span> <span class='ocrx_word' id='word_1_278' title='bbox 463 4917 559 4974; x_wconf 70' lang='lat' dir='ltr'><strong>uren.</strong></span> <span class='ocrx_word' id='word_1_279' title='bbox 576 4918 618 4988; x_wconf 90' lang='lat'><strong>10,</strong></span> <span class='ocrx_word' id='word_1_280' title='bbox 629 4917 674 4972; x_wconf 73' lang='grc' dir='ltr'>ιι.</span> <span class='ocrx_word' id='word_1_281' title='bbox 764 4919 791 4972; x_wconf 79' lang='lat' dir='ltr'><strong>u.</strong></span> <span class='ocrx_word' id='word_1_282' title='bbox 814 4915 857 4972; x_wconf 86' lang='lat' dir='ltr'><strong>or.</strong></span> <span class='ocrx_word' id='word_1_283' title='bbox 875 4916 971 4972; x_wconf 82' lang='lat' dir='ltr'><strong>men.</strong></span> <span class='ocrx_word' id='word_1_284' title='bbox 986 4917 1085 4986; x_wconf 82' lang='lat' dir='ltr'><strong>1e,2o.</strong></span> <span class='ocrx_word' id='word_1_285' title='bbox 1175 4917 1201 4972; x_wconf 86' lang='lat' dir='ltr'><strong>e.</strong></span> <span class='ocrx_word' id='word_1_286' title='bbox 1226 4915 1292 4970; x_wconf 74' lang='lat' dir='ltr'><strong>nuc.</strong></span> <span class='ocrx_word' id='word_1_287' title='bbox 1306 4917 1330 4985; x_wconf 92' lang='lat'><strong>1,</strong></span> <span class='ocrx_word' id='word_1_288' title='bbox 1345 4915 1386 4969; x_wconf 86' lang='grc' dir='ltr'><strong>ιι.</strong></span> 
     </span>
    </p>
   </div>
   <div class='ocr_carea' id='block_1_7' title="bbox 0 0 2195 6034">
    <p class='ocr_par' dir='ltr' id='par_1_8' title="bbox 0 0 2195 6034">
     <span class='ocr_line' id='line_1_36' title="bbox 0 0 2195 6034; baseline 0 0"><span class='ocrx_word' id='word_1_289' title='bbox 0 0 2195 6034; x_wconf 95' lang='lat' dir='ltr'><strong> </strong></span> 
     </span>
    </p>
   </div>
  </div>
 </body>
</html>
