4342 6034
596 815 817 863 1101111111
838 817 882 863 nr
905 818 1008 865 111111
1030 817 1217 865 nersronan
1245 820 1275 865 ss
1459 802 1523 868 189

366 958 464 1021 rentm
486 955 535 1021 sui
556 956 590 1021 in
614 976 745 1043 corpore
766 962 875 1023 nostro
897 958 1067 1025 manifesta
1088 957 1154 1043 fiat,
1178 960 1260 1026 siout
1281 979 1339 1045 per
1360 961 1427 1025 eius
1443 960 1523 1027 diri-
1550 969 1603 1054 tte

366 1089 428 1135 nam
450 1070 586 1137 edocati·
609 1092 718 1139 sumus
740 1072 885 1139 vocem'’:
916 1076 1020 1155 Booti,
1047 1080 1104 1161 qui
1121 1078 1369 1162 persecutionem
1386 1081 1520 1163 ponua-
1539 1042 1615 1089 Ml

365 1200 409 1250 tar
424 1200 555 1274 propter
576 1191 739 1269 icaunam,
766 1193 917 1276 quonium
938 1193 1081 1277 ipsorum
1105 1205 1149 1257 eat
1170 1203 1319 1278 reputem*
1337 1193 1494 1256 coelorum
1504 1187 1520 1256 ¹.

364 1298 500 1367 conforta
521 1302 629 1387 itaque
652 1308 684 1371 et
706 1304 926 1371 dilectissimos
949 1305 1039 1373 nobis
1063 1326 1172 1372 omnes
1195 1306 1385 1372 orthodoxos
1401 1306 1522 1393 episco-

363 1436 412 1501 pos
434 1422 464 1483 et
485 1419 663 1487 sacerdotes
687 1424 780 1503 atque
802 1420 915 1487 levitas
945 1421 995 1487 vel
1023 1420 1170 1505 clericos,
1199 1422 1364 1506 religiosos
1392 1422 1522 1489 abbates

363 1536 390 1597 et
414 1534 595 1619 monachos,
631 1554 687 1603 seu
720 1536 963 1619 gloriosissimos
997 1538 1091 1603 duces
1129 1542 1320 1622 emotaeque
1354 1538 1522 1624 optimates

363 1647 539 1717 christianae
561 1650 640 1734 legis
663 1657 857 1719 servatores:
881 1657 918 1718 ut
938 1652 1047 1719 nobis'¹
1071 1653 1137 1719 sint
1158 1654 1317 1720 adiutores
1340 1658 1452 1719 contra
1467 1654 1522 1719 ad·

363 1766 504 1831 versarios
528 1766 721 1833 orthodoxae
742 1766 816 1833 fidei
839 1788 1009 1853 omnesque
1030 1768 1185 1835 hereticos
1200 1774 1295 1854 atque
1311 1770 1521 1851 scismaticos3

363 1885 502 1963 qnatenus
531 1887 564 1949 ct
591 1882 654 1968 ipsi
681 1882 720 1951 de
747 1882 854 1951 fructu
882 1884 956 1951 boni
979 1884 1084 1970 operis
1113 1884 1250 1967 gaudere
1277 1888 1460 1950 mereantur
1488 1885 1523 1950 in

361 1995 536 2065 caelestibus
558 1998 675 2083 regnis,
698 1999 779 2065 sicut
801 1999 955 2086 scriptum
978 2004 1041 2065 est:
1068 1999 1134 2081 Qui
1153 2004 1273 2082 obeat,
1288 2002 1417 2086 focium
1431 2002 1523 2066 ilium

361 2112 528 2179 columnam
549 2118 585 2181 a'u
607 2118 719 2201 templo
743 2139 820 2196 uteo,
845 2129 874 2182 et
895 2117 1032 2181 combam
1046 2139 1143 2202 super
1156 2118 1249 2182 illum
1264 2139 1378 2182 nomeu
1392 2112 1521 2183 meum'.

437 2226 525 2295 Inter
546 2248 584 2295 ea
606 2232 734 2317 scripsit
755 2231 929 2298 reserenda
942 2231 1125 2297 fraternitas
1141 2237 1207 2315 tna,
1230 2232 1410 2318 repperisse
1426 2252 1523 2317 quen·

361 2340 424 2409 dam
444 2344 656 2430 presbiterum
679 2366 793 2430 genere
816 2346 974 2431 Scottum,
997 2347 1126 2413 nomine
1143 2346 1299 2433 Sampson,
1324 2352 1481 2415 errantem
1504 2369 1524 2414 a

359 2457 405 2523 ria
424 2460 576 2545 scutatis,
600 2462 756 2529 dicentem
778 2466 811 2529 et
833 2460 1067 2529 adfirmantem:
1092 2463 1177 2547 qnod
1198 2464 1267 2530 sine
1280 2465 1458 2530 misterioa·
1473 2464 1522 2529 in·

360 2576 512 2645 vocatione
536 2582 592 2643 aut
612 2578 737 2645 lavacro
761 2578 1007 2662 regenerationis
1029 2598 1124 2664 posse
1146 2577 1216 2645 fieri
1238 2578 1427 2646 catholicum
1441 2580 1524 2646 cbri-

360 2690 486 2759 stiannm
522 2714 580 2779 per
607 2694 795 2780 episcopalis
823 2714 936 2761 manus
965 2694 1199 2779 inpositionem.
1246 2694 1308 2761 Hio
1336 2700 1441 2761 antem
1470 2695 1524 2780 qni

360 2804 436 2891 dicit,
458 2828 577 2877 vacuus
602 2814 650 2876 cst
665 2808 788 2896 Spiritu
810 2815 918 2876 sancto
936 2814 969 2876 et
985 2809 1107 2877 alienus
1123 2810 1261 2893 agretia
1276 2810 1405 2895 Christi,
1429 2816 1524 2896 atqrm

360 2925 549 2991 aconsortio
572 2925 759 2993 sacerdotali
789 2925 980 2993 abiciendus.
1027 2924 1104 3003 Quis
1127 2925 1228 3010 enim,
1257 2927 1321 2991 nisi
1343 2927 1523 3013 baptizetur

359 3036 438 3107 inxto
458 3045 665 3128 praeceptum
687 3040 817 3107 Domini
841 3042 877 3107 in
899 3041 1026 3107 nomine
1048 3040 1153 3107 Patris
1177 3046 1210 3107 et
1230 3040 1305 3107 Filii
1328 3046 1361 3108 et
1383 3040 1522 3128 Spiritus

360 3150 467 3223 asineti⁸
495 3157 596 3225 etsie
618 3178 676 3243 per
699 3177 810 3224 manns
832 3157 1058 3243 inpositionem
1080 3162 1296 3240 consecretur,
1326 3162 1523 3244 potestesse

359 3270 541 3340 catholicus?
569 3272 662 3339 Hunc
690 3274 917 3359 nequissimum
944 3274 1065 3358 virum,
1094 3272 1174 3339 talia
1201 3273 1454 3359 praedicantem,
1482 3274 1522 3341 ab

359 3386 501 3455 ualuis
522 3387 584 3455 Dei
605 3392 716 3457 sancta
737 3389 1001 3475 condempnatum
1023 3388 1157 3475 expelle.

438 3504 513 3571 Illos
540 3508 646 3571 antem
667 3504 753 3571 viros
777 3540 818 3551 -
844 3504 942 3589 quodr
965 3504 1004 3571 ab
1032 3504 1180 3571 hereticis
1208 3504 1362 3592 baptizati
1389 3512 1464 3573 ennt
1491 3512 1523 3573 et

360 3616 492 3687 dubietas
515 3625 615 3687 unet:
640 3620 724 3706 qnod
745 3620 779 3687 in
802 3620 929 3688 nomino
943 3620 1048 3688 Patris
1071 3626 1104 3688 ct
1124 3620 1199 3687 Filii
1219 3625 1252 3687 et
1267 3620 1406 3708 Spiritus
1421 3622 1523 3688 sancti

359 3752 415 3801 non
436 3742 510 3803 sunt
531 3736 685 3823 baptizati
709 3772 751 3783 -
774 3737 928 3821 inquisita
949 3737 996 3803 rei
1019 3737 1170 3822 veritate,
1194 3738 1222 3803 si
1245 3737 1285 3804 ab
1307 3738 1448 3803 erroneis
1471 3758 1522 3803 sa·

360 3852 528 3919 acrdotibus
556 3853 708 3940 baptizati
737 3859 826 3936 sunt,
857 3852 914 3920 hos
943 3852 1011 3919 sine
1034 3852 1129 3919 dubio
1152 3854 1243 3919 iuxta
1270 3853 1522 3940 praedecessoris

360 3969 451 4035 nostri
483 3968 576 4037 beato
609 3969 780 4036 memoriae
808 3967 953 4053 Gregorii
980 3988 1083 4056 papae
1119 3974 1152 4035 et
1178 3988 1340 4035 sacrorum
1366 3988 1522 4035 canonum

360 4083 503 4161 traditum
524 4086 583 4153 tibi
605 4085 788 4151 mandatum
812 4084 944 4171 implere
967 4105 1031 4151 non
1053 4086 1196 4169 omittas,
1226 4106 1267 4151 ne
1294 4085 1330 4151 in
1358 4090 1521 4152 aetermm

361 4207 483 4282 pereant
503 4202 559 4268 sed
581 4202 687 4288 potius
711 4200 893 4285 euangelica
915 4201 1150 4268 consecratione
1171 4200 1343 4267 salventur.

440 4316 548 4385 Intuiti
571 4323 677 4385 autem
699 4338 808 4385 sumus
832 4322 864 4383 et
885 4316 1048 4401 volumen,
1078 4338 1099 4383 a
1126 4322 1159 4384 te
1189 4317 1345 4383 directum
1365 4318 1522 4384 universis

362 4431 506 4519 episcopis
529 4434 715 4521 presbiteris
737 4432 921 4501 diaconibus
944 4433 996 4500 vel
1018 4434 1131 4501 ceteris
1154 4432 1336 4517 religiosam
1351 4434 1450 4499 vitam
1467 4434 1521 4501 de·

363 4547 511 4634 gentibus,
540 4550 580 4617 de
609 4550 731 4617 unitate
754 4526 827 4617 [idei
850 4549 1037 4633 catholicae,
1061 4555 1095 4617 et
1115 4548 1293 4615 doctrinam
1316 4549 1521 4636 apostolicam

427 4738 447 4771 a.
467 4744 520 4774 oser.
537 4726 668 4775 1111111111
684 4731 711 4776 C.
746 4722 747 4725 ’
780 4728 803 4774 b.
824 4727 901 4774 dirim
920 4741 1018 4775 -roco
1036 4730 1069 4775 dl.
1136 4739 1158 4775 o.
1178 4738 1257 4785 regum
1273 4728 1307 4772 11.
1374 4726 1397 4773 d.
1412 4724 1479 4771 vobis
1495 4729 1522 4774 C.

365 4812 383 4846 0·
400 4820 453 4853 corr.
467 4808 488 4852 in
502 4808 600 4868 mutia
617 4810 642 4855 C.
720 4806 737 4855 1.
759 4826 817 4855 corr.
832 4811 856 4853 in
872 4807 912 4867 qni
928 4810 955 4855 C.

429 4910 662 4982 1111111110.
752 4914 778 4967 a
801 4910 955 4982 sponna
969 4913 1012 4967 1a.
1101 4912 1129 4967 a.
1150 4910 1304 4980 manaa
1317 4910 1361 4964 19.
