4342 6034
647 903 763 971 simum
791 922 940 989 eampum
966 921 1025 969 neo
1046 922 1111 969 nou
1134 907 1168 969 et
1187 900 1320 986 flumen,
1349 902 1483 969 iooundo
1512 900 1601 969 ulveo
1630 901 1794 985 deornm
1901 923 1905 954 =

645 1019 753 1104 ibique
773 1018 846 1085 fixis
868 1019 1013 1085 tenmriis
1035 1018 1250 1105 peruootubut.
1295 1017 1418 1087 Eodem
1446 1019 1563 1106 quippe
1584 1023 1675 1085 noete
1695 1018 1746 1085 lux
1764 1019 1797 1087 do
1899 1029 1904 1175 p

645 1134 712 1201 oelo
734 1134 948 1201 bubituoulum
970 1135 1038 1201 eius
1052 1134 1271 1219 oiroumfulsit
1294 1140 1326 1202 et
1341 1134 1484 1220 angelino
1496 1134 1677 1203 visitatione
1690 1134 1797 1203 etdlo

645 1249 771 1317 oudone
797 1248 915 1315 ibidem
937 1250 1058 1336 pertrui
1079 1250 1210 1333 meruit3
1241 1252 1324 1336 qnod
1346 1272 1387 1319 ex
1409 1272 1448 1319 oo
1470 1253 1566 1319 etiem
1588 1250 1689 1317 oonioi
1709 1248 1798 1334 detur,
1902 1274 1903 1279 ¹

646 1366 721 1451 quia
748 1372 781 1432 et
807 1365 909 1431 looum
938 1370 971 1431 et
993 1365 1157 1433 eoelesiem
1179 1366 1214 1433 in
1236 1366 1353 1435 honoro
1377 1368 1478 1434 saneti
1499 1365 1616 1450 Angoli
1638 1365 1703 1433 illio
1724 1365 1800 1433 dedi·

645 1481 739 1547 osuit
772 1479 866 1547 Mune
888 1490 993 1547 eutem
1016 1482 1111 1566 teoto,
1134 1483 1231 1549 misso
1252 1483 1486 1569 sollempnitate
1501 1488 1639 1568 perusto,
1663 1482 1800 1569 prorepit,

645 1596 707 1663 sibi
733 1616 875 1663 mensum
904 1597 1023 1683 epponi
1050 1616 1217 1683 escamque
1246 1598 1370 1665 deferri.
1405 1598 1539 1665 Dicente
1560 1618 1635 1683 ergo
1657 1598 1801 1681 ministro,

647 744 713 810 476
1051 760 1170 809 resero
1192 760 1219 809 s.
1235 760 1411 809 uourrsru

645 1732 707 1797 quo
729 1712 784 1779 ille
805 1717 994 1795 resoeretur,
1017 1732 1053 1779 se
1074 1731 1139 1778 non
1155 1712 1270 1779 hebere
1285 1712 1404 1794 oibum3
1427 1714 1605 1800 respondit:
1628 1715 1742 1781 Nosne
1756 1718 1805 1802 qui

644 1830 875 1895 multitudinem
898 1828 1018 1915 populi
1043 1832 1080 1893 ie
1110 1830 1227 1895 desmto
1257 1830 1473 1917 quadrupt'uta
1498 1834 1607 1911 eund,
1636 1853 1754 1896 nunno
1772 1832 1805 1896 de
1903 1869 1904 1890 r

645 1946 709 2011 odo
731 1948 837 2026 misso,
860 1946 970 2031 petest
988 1966 1129 2031 passere,
1157 1944 1254 2009 miobe‘
1274 1945 1384 2011 ultimo
1407 1946 1528 2011 servulo
1550 1968 1606 2011 suo
1629 1962 1695 2012 nort
1714 1960 1807 2034 potest

644 2062 689 2127 ud
714 2063 809 2125 unius
837 2062 904 2125 do'eo'
929 2060 1144 2145 resectionem·
1162 2060 1319 2145 pabutum
1340 2062 1541 2127 ministraret
1573 2062 1734 2147 Apposits
1753 2060 1806 2127 itu·

644 2195 705 2261 que
733 2194 844 2241 mense
869 2178 902 2241 et
927 2174 1021 2241 leude
1042 2174 1105 2241 Dei
1132 2180 1205 2241 ante
1234 2174 1339 2241 eibum
1368 2176 1550 2261 deountetu,
1585 2196 1658 2244 eoos
1688 2176 1806 2263 quidum

645 2290 743 2374 aliger
765 2289 900 2357 volando
922 2292 1072 2377 portabat
1093 2310 1189 2357 unum
1207 2295 1349 2375 truttam,
1373 2290 1580 2359 sufficientem
1596 2292 1637 2359 ud
1650 2292 1737 2359 illius
1752 2292 1808 2359 diei

643 2406 863 2490 refectionem,
887 2410 920 2473 et
941 2411 1016 2473 unte
1036 2405 1199 2471 mensem*
1221 2406 1378 2491 unguibus
1401 2407 1542 2493 elapsam
1563 2408 1598 2473 in
1619 2414 1741 2475 torrem
1762 2408 1808 2474 de·

643 2522 728 2589 ieoit
764 2522 854 2589 Tune
874 2522 943 2589 Deo
971 2520 1091 2605 gratiss
1121 2526 1229 2589 sunoto
1259 2522 1429 2606 referente,
1457 2521 1563 2589 lorstu
1589 2528 1622 2588 et
1647 2528 1754 2591 ussstu
1774 2522 1809 2589 ud

644 2658 787 2706 mousom
808 2636 978 2705 bonoribus
999 2642 1127 2723 porteto
1148 2642 1207 2703 est

696 2842 752 2909 De
778 2842 1005 2930 prophetie,
1037 2860 1149 2927 quum
1178 2861 1218 2907 se
1247 2841 1547 2928 periurantibus
1574 2842 1763 2929 predixit

734 2984 875 3068 Contigit
901 2983 999 3050 etism
1026 2989 1101 3069 post
1127 2982 1285 3049 modicum
1313 2989 1454 3070 tempus,
1483 2984 1632 3051 olerioum
1659 2985 1809 3070 quendum

644 3100 837 3169 Adelherum
859 3100 988 3167 nomine
1008 3100 1175 3182 ingruente
1189 3098 1341 3183 languore
1355 3098 1518 3167 infirmari.
1553 3100 1615 3167 Hio
1628 3121 1705 3168 vero
1721 3102 1809 3169 oestb

644 3216 784 3284 moribus
808 3216 955 3302 episeopo
977 3214 1150 3282 ferventius
1168 3214 1333 3281 inherebut
1347 3220 1389 3300 et,
1412 3221 1604 3283 seoretorum
1619 3216 1722 3303 ipsius
1737 3216 1810 3283 ssio-

644 3334 704 3416 lus‚
727 3333 857 3400 honeste
879 3331 1010 3397 servitu
1031 3332 1094 3397 sibi
1115 3330 1280 3417 impendit.
1315 3329 1456 3417 &mque
1478 3337 1622 3399 osmeret
1643 3334 1810 3421 appropin-

644 3453 794 3535 quuntem
817 3448 902 3513 dem
923 3446 1034 3513 mortis
1057 3464 1124 3529 sue,
1147 3466 1218 3513 oum
1241 3447 1371 3515 oonsilio
1394 3448 1455 3515 riri
1469 3446 1530 3515 Dei
1551 3468 1642 3515 suum
1656 3448 1809 3517 heredito-

643 3570 708 3632 tem
735 3563 776 3629 ud
799 3560 949 3629 Suuotum
972 3560 1146 3629 Murtinum
1167 3561 1348 3646 Moguntiee
1369 3563 1511 3629 tradidit
1544 3562 1670 3649 Posteu
1697 3564 1809 3650 egritu-

643 3680 717 3747 dine
731 3680 979 3762 ingrsroeoeote,
1001 3677 1101 3744 vitum
1115 3676 1227 3746 finivit
1262 3679 1306 3746 Et
1320 3680 1428 3747 stetim
1445 3680 1561 3747 frenes
1575 3681 1644 3747 eius
1659 3682 1809 3768 preripie-

642 3796 735 3878 bunt,
762 3794 910 3879 quioquid
932 3793 1031 3859 freter
1053 3814 1161 3861 eorum
1185 3794 1301 3861 Senoto
1322 3795 1460 3863 Murtiuo
1482 3796 1659 3863 tradideret
1680 3798 1714 3863 in
1736 3796 1809 3863 locis

643 3912 750 3978 subter
772 3909 958 3976 nominetis:
983 3909 1022 3975 ad
1044 3909 1252 3993 Amsnuburg
1274 3918 1306 3978 et
1328 3911 1367 3977 sd
1383 3910 1657 3979 Prettenbrunneu
1680 3918 1713 3979 et
1727 3910 1807 3979 Sele-

642 4027 737 4095 heim.
772 4025 853 4091 Cum
876 4030 981 4092 eutem
1003 4026 1106 4092 voouti
1129 4030 1161 4091 et
1182 4026 1375 4113 interpellati
1388 4028 1523 4095 fluissent
1537 4026 1631 4093 buius
1645 4028 1693 4095 rei
1707 4046 1806 4109 osnes,

642 4142 907 4231 spoponderunt·,
936 4160 971 4208 ss
998 4142 1174 4208 iuramento
1201 4140 1258 4209 illu
1284 4143 1318 4209 iu
1345 4144 1395 4209 ius
1423 4142 1588 4230 proprium
1612 4142 1805 4224 erendiours3

642 4265 676 4325 et
702 4258 868 4344 episeopus
896 4278 931 4324 se
957 4257 1076 4324 ibidem
1098 4264 1278 4343 presentem
1301 4258 1471 4325 affuturum
1493 4260 1651 4345 promisit
1739 4258 1806 4326 Stu-

641 4380 771 4459 tutoque
794 4373 845 4440 dis
866 4374 1035 4441 iuramenti
1057 4380 1329 4459 oongregoreruut
1345 4374 1579 4441 multitudinem
1595 4396 1724 4443 suorum
1737 4394 1806 4461 pro

640 4491 841 4578 pinquoruur.
876 4488 980 4557 Affuit
1000 4490 1096 4557 etium
1120 4490 1168 4557 vir
1189 4490 1250 4558 Dei
1272 4491 1407 4577 puriter,
1437 4510 1571 4575 eumque
1593 4511 1702 4559 seeum
1723 4490 1806 4556 ediu-

641 4614 763 4675 ratores
790 4606 831 4673 sd
853 4606 953 4673 ultore
975 4606 1162 4691 traxissent,
1191 4606 1308 4673 dixisse
1330 4606 1446 4673 fomur:
1469 4607 1531 4673 Vos
1554 4608 1617 4673 eolt'
1637 4612 1752 4687 bras,
1779 4608 1807 4669 η’

641 4726 752 4802 eutob,·
773 4724 859 4805 nolo,
882 4737 919 4789 ut
938 4724 994 4789 boe
1017 4745 1122 4789 omnes
1135 4726 1287 4811 perdutis.
1323 4722 1373 4788 illi
1390 4712 1495 4791 sutem
1512 4723 1706 4793 iuraverunt
1737 4720 1803 4788 Stu-

713 4879 734 4912 s.
754 4864 891 4911 reteeiomm
907 4882 928 4911 c.
1002 4864 1027 4912 b.
1046 4878 1126 4912 menso
1141 4883 1162 4912 e.
1239 4878 1259 4913 o.
1280 4864 1464 4926 sposponderunt
1479 4883 1500 4912 c.
