4342 6034
667 846 853 897 srrsronrn
876 848 1105 898 nonsummum
1128 848 1160 896 oo
1430 832 1499 899 419

341 992 415 1055 arte
438 986 637 1056 diffinicionis
660 994 794 1075 statum,
824 994 856 1058 et
878 992 1050 1057 sententias
1073 1011 1132 1077 per
1154 988 1375 1077 appellationis
1395 1000 1664 1059 someraco-1201

340 1102 416 1169 dium
440 1108 627 1172 retractatas
654 1105 696 1171 ad
717 1106 814 1173 robur
836 1106 1005 1173 soliditatis
1027 1106 1248 1174 inconvulsum
1269 1106 1360 1191 vigili
1381 1108 1498 1195 perdu-

338 1238 400 1285 osro
420 1225 544 1288 tenetur
566 1218 679 1287 officio.

415 1334 514 1419 Igitur
535 1336 569 1402 in
591 1336 705 1403 litteris
721 1341 788 1403 tam
803 1342 975 1406 conventus
990 1336 1194 1404 ecelesiarum
1209 1342 1389 1405 rosnarum
1403 1358 1499 1425 quam

335 1450 520 1535 privatarum
543 1472 749 1540 personarum
766 1452 830 1519 iam
845 1452 965 1540 pluries
980 1454 1199 1537 cognovimus:
1224 1454 1309 1540 qnod
1322 1452 1362 1521 lis
1377 1459 1411 1521 st
1423 1474 1498 1521 con·

334 1568 496 1651 troversia,
526 1588 586 1653 que
615 1569 698 1637 inter
720 1569 917 1657 prepositum
940 1568 1071 1636 ecclesie
1093 1569 1179 1636 beati
1200 1569 1354 1635 Bonifatii
1376 1571 1499 1637 eteius

333 1682 496 1750 conbatms
519 1702 614 1771 super
636 1684 760 1751 defectu
782 1684 1012 1771 stipendiorum
1035 1705 1164 1751 suorum
1187 1686 1337 1770 ver-dtur,
1363 1705 1499 1772 sepenu-

332 1816 410 1864 mero
433 1798 484 1865 vel
506 1818 564 1885 per
586 1799 739 1866 iudicium
761 1800 812 1867 vel
834 1801 1080 1867 transactionem
1103 1800 1155 1867 rel
1177 1802 1371 1867 arbitrorum
1386 1820 1498 1868 censu·

330 1931 391 1978 ram
413 1914 454 1980 ad
476 1914 564 2002 pacis
586 1916 740 1981 unitatem
765 1921 797 1983 et
819 1917 984 2009 concordie
1002 1916 1118 1983 bonum
1134 1918 1177 1983 sit
1191 1916 1359 2002 perducta;
1383 1916 1499 1983 deinde

330 2034 394 2113 pest
419 2030 536 2097 modici
559 2032 711 2119 temporis
733 2030 936 2099 intervallum
959 2032 1000 2098 ad
1021 2030 1095 2099 lites
1119 2038 1152 2099 et
1173 2033 1395 2099 contenciones
1415 2033 1498 2100 roci·

329 2142 394 2211 divo
416 2146 526 2213 delore
554 2147 597 2214 sit
624 2168 797 2214 recursum.
843 2147 932 2226 Quod
960 2148 1062 2235 quivis
1085 2168 1163 2215 sane
1185 2149 1302 2215 mentis
1324 2148 1497 2215 arbitratur

327 2257 479 2328 honmtati
506 2264 710 2329 contrarium.
746 2262 918 2348 Quoniam,
947 2264 975 2330 si
1003 2264 1163 2331 ordinario
1189 2264 1371 2351 presidente
1393 2265 1498 2332 iudico

328 2374 453 2444 ultimus
476 2376 644 2446 diffinitus
666 2380 822 2446 sententie
845 2378 982 2447 adonim
1005 2379 1263 2447 contencionibus
1282 2380 1380 2449 mem
1393 2381 1497 2467 impo-

325 2492 383 2559 suit
404 2500 437 2561 ot
460 2494 618 2561 sententia
639 2496 673 2561 in
695 2514 763 2563 rem
786 2495 957 2563 iudicatam
979 2496 1118 2581 tandit,
1140 2501 1255 2564 nentm
1267 2496 1414 2585 parcium
1428 2498 1498 2564 sine

325 2626 402 2693 pena
422 2614 457 2678 et
479 2611 664 2697 exceptione
686 2611 733 2677 rei
755 2610 903 2697 iudicate,
927 2611 1012 2697 quod
1033 2614 1096 2679 rite
1115 2617 1268 2679 statutum
1283 2612 1355 2698 fuir,
1378 2617 1498 2679 remac-

325 2728 388 2791 tare
409 2726 526 2813 potnit.
573 2724 608 2793 Si
630 2746 705 2793 vero
727 2726 899 2793 transactio
917 2726 1012 2805 ,litem
1035 2728 1154 2814 sopivit
1174 2733 1207 2794 et
1228 2727 1349 2815 placita
1371 2734 1498 2795 servata

324 2858 381 2907 non
404 2848 492 2925 sunt,
514 2862 600 2930 pena
622 2848 887 2927 transgressorem
911 2842 1056 2909 comitari
1077 2843 1196 2927 debuit,
1221 2863 1282 2929 que
1296 2844 1497 2911 constitutio-

324 2956 411 3024 nibus
440 2958 621 3046 principum
650 2962 742 3025 cauta
769 2959 936 3045 reperitur.
981 2958 1016 3025 Si
1038 2966 1145 3025 autem
1168 2959 1361 3027 arbitrorum
1383 2959 1497 3049 penula

323 3076 454 3141 accessit
480 3072 650 3158 iudicium,
680 3072 799 3141 mulcta
820 3074 854 3141 in
878 3074 1011 3141 arbitrio
1034 3074 1155 3141 dictata
1176 3078 1284 3161 partes
1307 3074 1497 3162 compellere

325 3188 457 3276 debuit·,
481 3196 533 3275 ut,
557 3188 640 3276 qnod
662 3190 828 3275 utriusque
850 3190 1050 3257 conniventia
1072 3190 1214 3257 decisum
1236 3195 1301 3275 est,
1328 3191 1498 3275 nrefrugo·

322 3303 415 3373 bilem
449 3308 591 3390 vigorem
620 3306 777 3373 obtineret
802 3306 837 3372 in
864 3312 1037 3393 posterum.
1083 3306 1203 3372 Verum
1229 3326 1303 3373 cum
1332 3306 1410 3374 baso
1438 3327 1497 3373 suo

322 3418 385 3488 loeo
407 3424 516 3489 minus
539 3421 706 3489 observata
727 3423 801 3505 rint,
825 3442 864 3489 ea
885 3422 1087 3509 postmodum
1101 3422 1274 3489 instaurari
1289 3423 1375 3507 cogit
1387 3442 1497 3491 neces·

322 3538 411 3621 sitos,
435 3538 584 3625 idemque
604 3537 775 3625 persuadet
794 3538 926 3621 utilitas,
950 3538 1090 3605 maxime
1103 3558 1146 3605 ne
1159 3544 1271 3605 contra
1283 3538 1390 3624 legum
1404 3558 1496 3607 sano-

320 3653 420 3721 tiones
443 3654 517 3721 lites
539 3655 574 3721 in
595 3652 754 3721 infinitum
775 3654 1011 3741 protrahantur.

405 3770 553 3838 Pensatis
576 3770 684 3855 itaque
704 3770 873 3854 diligenter
894 3770 969 3836 hinc
989 3770 1063 3837 inde
1085 3770 1184 3836 sarda
1204 3770 1349 3857 parcium
1362 3771 1495 3838 rationi·

320 3883 386 3971 bus,
410 3908 490 3974 quas
512 3886 603 3953 nobis
626 3884 784 3969 signatas*
800 3886 997 3973 porrexistis,
1019 3886 1054 3951 in
1074 3886 1192 3953 montis
1206 3891 1313 3953 nostro
1326 3886 1496 3955 libramine

319 3998 488 4091 habitaque
515 4022 579 4069 non
605 4002 821 4089 perfunctoria
848 4006 898 4068 set
925 4001 1067 4067 studiosa
1089 4002 1314 4089 disputationis
1334 4002 1493 4088 indagine,

319 4120 471 4203 requisito
493 4123 601 4185 tamen
619 4118 708 4204 prius
723 4136 878 4185 consensu
892 4118 1075 4183 nuntiorum
1092 4124 1124 4183 et
1138 4117 1178 4184 ab
1194 4120 1239 4185 eis
1253 4118 1340 4185 meta
1352 4119 1493 4185 omnium

320 4233 556 4319 adegandorum
579 4234 826 4318 renunciatione,
849 4234 882 4299 in
898 4233 958 4299 hoc
972 4232 1100 4301 tandem
1115 4240 1261 4300 nostrum
1273 4234 1393 4301 resedit
1407 4255 1495 4301 scru-

319 4348 434 4417 tinium
456 4356 488 4419 et
508 4350 670 4434 indicium,
692 4355 729 4417 ut
751 4351 941 4416 sententiam
964 4370 984 4415 a
1003 4349 1093 4417 robis
1113 4350 1222 4434 latam,
1244 4348 1327 4417 hanc
1356 4350 1492 4419 scilicet:

321 4470 377 4549 ,ut
398 4466 579 4555 prepositus
601 4465 732 4533 ecclesio
755 4464 839 4533 beati
854 4464 1004 4531 Bonifatii
1027 4486 1065 4531 ex
1087 4466 1193 4549 rebus,
1217 4484 1296 4551 quas
1316 4465 1352 4531 in
1371 4464 1494 4531 villicae

319 4580 456 4650 tionibus
485 4580 616 4650 ecclesie
643 4602 740 4669 super
761 4578 900 4649 debitam
921 4582 1152 4667 prestacionom
1176 4600 1212 4647 se
1232 4580 1349 4648 babere
1370 4582 1494 4647 confes

320 4714 374 4763 sus
404 4704 465 4783 est,
493 4698 649 4767 delectum
678 4696 910 4786 prebendarum
932 4698 1083 4764 nauibus
1106 4696 1255 4784 supplere
1278 4695 1406 4780 debeat,
1434 4716 1493 4763 nec

319 4810 404 4881 inter
431 4815 560 4902 propria
588 4812 661 4881 illas
688 4834 783 4901 posse
805 4811 1022 4901 computare“,
1051 4818 1157 4882 ratam
1177 4812 1366 4881 haberemus
1388 4816 1423 4880 ot
1441 4812 1491 4877 in-

393 4968 415 5003 ·-
433 4940 513 5005 Μ
526 4972 608 5020 φνεν·
684 4954 708 5003 l·
725 4954 829 5015 mr·
845 4970 926 5019 νννεν·
1217 5040 1277 5097 w
