4342 6034
537 898 589 952 ⁷48

490 973 544 1031 post
551 971 635 1017 hiatum

653 730 719 796 202
903 746 930 795 s.
948 746 1128 795 normann
1149 748 1194 795 nn
1215 748 1320 796 nuum
1340 748 1530 797 nrmnouan
1549 747 1579 795 ro

651 888 765 956 clesiae
787 889 859 955 iura
881 894 914 955 et
935 908 1050 955 norma
1071 888 1228 973 regularis
1250 890 1336 956 vitae
1357 890 1392 957 in
1415 889 1536 976 synodo
1558 888 1704 974 legantur
1725 894 1759 957 et
1779 911 1827 959 re-

651 1010 868 1092 cnperentur·.
961 1004 1184 1071 Decrevimns:
1215 1010 1252 1071 nt
1279 1006 1559 1092 metropolitanus,
1587 1006 1642 1091 qni
1666 1006 1711 1073 sit
1732 1006 1827 1093 pallio

651 1121 849 1205 sublimatus,
872 1120 1017 1187 hortetur
1040 1125 1182 1187 caeteros
1205 1126 1239 1187 et
1261 1121 1445 1201 admoneot3
1469 1126 1502 1189 et
1522 1121 1708 1206 investiget,
1738 1122 1827 1207 qnis'

651 1238 695 1303 sit
714 1238 798 1304 inter
821 1256 874 1304 eos
897 1236 1039 1303 curiosus
1062 1236 1103 1303 de
1126 1236 1229 1303 salute
1243 1236 1354 1323 populi
1370 1237 1480 1321 quisve
1494 1236 1674 1320 neglegens.
1756 1236 1827 1305 Ser-

650 1354 715 1419 ris⁰
739 1352 797 1420 Dei
828 1347 1028 1419 venetiones‘¹
1058 1356 1091 1417 et
1119 1351 1280 1419 silvaticas
1308 1353 1491 1436 vagationes
1519 1372 1591 1419 cnm
1619 1353 1769 1437 canibus,
1796 1359 1827 1421 et

650 1475 687 1535 nt
708 1474 888 1555 acceptores
912 1472 945 1535 et
967 1467 1141 1534 walcones·
1157 1488 1221 1533 non
1236 1467 1385 1551 habeant,
1407 1468 1637 1555 prohibuimus.
1706 1467 1826 1536 Statui-

651 1584 752 1650 mos‘:
788 1590 824 1651 ut
854 1604 910 1671 por
940 1603 1039 1649 annos
1067 1583 1209 1667 singulos
1237 1584 1455 1669 unnsquisque
1490 1584 1648 1670 presbiter
1676 1584 1825 1672 episcopo
1932 1598 1934 1623 ¹

651 1721 708 1767 suo
737 1701 771 1767 in
794 1700 1048 1786 quadragissima
1068 1700 1226 1767 rationem
1248 1700 1435 1767 ministerii⁸
1457 1700 1508 1766 sni
1534 1699 1662 1784 reddat,
1691 1700 1761 1767 sive
1788 1701 1827 1769 de
1932 1696 1934 1719 ¹

532 1840 559 1865 ἰ·
649 1815 711 1883 fide
733 1816 889 1883 catholica
910 1816 977 1882 eive
1001 1815 1039 1881 de
1069 1815 1229 1901 baptismo
1256 1816 1324 1883 sive
1352 1815 1393 1882 do
1414 1815 1502 1882 omni
1523 1816 1635 1883 ordine
1656 1816 1826 1883 ministerii

649 1933 708 1999 sni.
800 1931 991 1999 statuimus:
1016 1936 1052 1997 ut
1074 1930 1208 2015 singulis
1231 1931 1323 1997 annis
1338 1931 1554 2016 unusquisqne
1569 1932 1737 2019 episcopus
1752 1953 1826 2019 par·

648 2048 788 2115 rochiem
811 2068 903 2114 snam
925 2046 1059 2113 sollicite
1081 2048 1264 2131 circumeat,
1287 2046 1441 2133 populum
1463 2045 1650 2114 confirmare
1669 2052 1703 2115 et
1716 2047 1825 2135 plebea

648 2164 770 2247 docere,
794 2164 1038 2247 etinvestigare
1061 2168 1094 2229 et
1115 2162 1284 2249 prohibere
1305 2183 1446 2249 paganas
1469 2162 1717 2248 ohservationes,
1744 2164 1824 2230 divi·

646 2280 722 2346 nos²¹
745 2278 796 2346 vel
818 2278 996 2363 sortilogos,
1025 2279 1168 2362 angoris,
1190 2277 1365 2363 filacteria,
1388 2279 1619 2347 incantationes
1641 2279 1693 2347 rel
1714 2300 1824 2349 omnes

648 2394 817 2481 spurcitias
847 2394 1021 2479 gentilium.
1104 2384 1339 2461 interdiximus
1368 2396 1469 2463 servis
1491 2395 1569 2479 Dei,
1596 2394 1651 2463 ntk
1673 2402 1824 2483 pompato

646 2510 772 2578 habitat
791 2509 843 2575 vel
865 2530 940 2593 sago
963 2510 1014 2576 val
1038 2511 1136 2577 armis
1158 2515 1298 2577 utantur.

738 2625 923 2709 statuimus,
941 2626 1024 2710 quod
1040 2626 1206 2712 proprium
1222 2626 1265 2692 sit
1278 2626 1547 2714 metropolitano*
1562 2627 1653 2693 iuxta
1666 2646 1821 2695 emonam

646 2748 781 2809 statuta:
806 2742 1018 2808 subiectorum
1041 2743 1103 2810 sihi
1126 2743 1345 2829 episcoporum
1364 2742 1555 2825 investigare
1569 2763 1690 2825 mores3
1714 2748 1747 2811 et
1760 2743 1823 2810 sol-

646 2858 843 2924 licitudinem
865 2859 950 2925 circa
972 2858 1123 2945 populos,
1147 2858 1251 2943 qualis
1273 2859 1330 2940 sit3
1355 2862 1388 2925 et
1408 2864 1546 2942 moneat,
1569 2863 1606 2925 nt
1628 2859 1782 2946 episcopi,
1804 2880 1824 2926 a

645 2974 765 3061 synodo
791 2976 968 3059 venientes,
998 2975 1032 3040 in
1060 2975 1192 3062 propria
1221 2974 1388 3061 parrochia
1409 2993 1482 3040 cnm
1505 2973 1690 3061 presbiteris
1713 2980 1747 3041 et
1767 2975 1822 3043 ab·

644 3090 770 3157 batibus
787 3096 976 3158 conventum
991 3090 1153 3174 habentos,
1176 3096 1347 3178 praecepta
1361 3090 1475 3177 synodi
1489 3110 1617 3158 serrare
1630 3091 1821 3159 insinuando

644 3207 852 3293 praecipiant.
893 3205 937 3272 Et
958 3207 1175 3293 unusquisqne
1197 3208 1375 3293 episcopos,
1399 3206 1427 3272 si
1449 3206 1526 3291 qnid
1546 3207 1582 3273 in
1604 3226 1663 3273 sua
1683 3206 1820 3275 diocesi*

645 3322 802 3404 corrigere
830 3320 881 3387 vel
910 3322 1077 3389 emendare
1100 3323 1306 3408 neqniverit⁰,
1340 3322 1374 3390 id
1395 3322 1491 3389 item⁹
1513 3322 1548 3389 in
1570 3322 1690 3409 synodo
1712 3342 1821 3390 coram

645 3436 901 3523 archiepiscopo*
924 3442 956 3503 et
978 3438 1101 3524 palam‘
1124 3438 1269 3506 omnibns
1292 3438 1334 3505 ad
1354 3438 1575 3521 corrigendum
1594 3438 1744 3523 insinuet,
1767 3460 1820 3506 oo-

645 3552 717 3619 dcm
740 3552 833 3618 modo
857 3572 918 3637 qno
941 3552 1084 3619 Romana
1106 3553 1320 3621 ecclesianos
1343 3554 1504 3656 ordinatos
1527 3574 1600 3621 cnm
1621 3562 1820 3623 sacramento

644 3667 844 3752 constrinxit,
869 3673 914 3752 nt,
938 3669 965 3734 si
988 3670 1169 3737 sacerdotes
1191 3670 1242 3737 vel
1264 3670 1373 3757 plebes
1395 3690 1415 3735 a
1436 3669 1507 3753 lege
1523 3670 1584 3737 Dei
1606 3670 1751 3737 deviasse
1772 3672 1820 3737 vi·

645 3784 745 3850 derim
770 3789 803 3850 et
825 3784 982 3867 corrigere
1005 3806 1068 3851 non
1091 3786 1260 3873 potuerim,
1284 3786 1419 3854 fideliter
1441 3806 1568 3872 semper
1590 3786 1672 3853 sedi·
1692 3793 1819 3873 aposto·

644 3900 724 3966 licae
749 3906 780 3966 et
802 3900 920 3966 vicario
944 3902 1045 3968 sancti
1062 3901 1149 3969 Petri
1172 3903 1212 3969 ad
1235 3902 1466 3969 emendandum
1480 3902 1728 3969 indicaverim‘¹.
1766 3901 1819 3969 Sic

645 4016 740 4099 enim,
764 4016 826 4081 nisi
849 4015 952 4100 fallor,
977 4037 1084 4085 omnes
1103 4018 1263 4105 episcopi'
1278 4018 1394 4085 debent
1408 4017 1663 4105 metropolitano,
1686 4023 1719 4086 ot
1732 4019 1818 4106 ipse'

644 4110 785 4197 Romano
815 4131 972 4218 pontifici,
1002 4134 1029 4199 si
1061 4134 1136 4218 quid
1159 4134 1198 4201 de
1221 4133 1413 4219 corrigendis
1435 4133 1562 4221 populis
1585 4133 1671 4221 apnd
1693 4154 1748 4201 eos
1769 4136 1816 4201 in·

716 4356 736 4389 a.
757 4343 913 4404 resiperentnr
931 4347 958 4401 V,
974 4348 1137 4405 recuperantur
1153 4349 1193 4406 sp.
1255 4346 1279 4393 b.
1299 4348 1339 4407 qui
1354 4349 1395 4407 sp.
1458 4362 1478 4395 c.
1500 4360 1581 4394 mrvna
1595 4348 1637 4406 sp.
1700 4347 1724 4395 d
1743 4349 1816 4396 natio·

642 4438 683 4471 nee
702 4424 729 4471 V.
799 4439 819 4471 e.
835 4424 936 4471 falcones
954 4428 980 4473 c.
1046 4426 1063 4472 f.
1084 4426 1210 4473 sumimus
1230 4450 1255 4459 ·
1273 4427 1395 4475 ministerii
1411 4427 1447 4473 sni
1463 4444 1506 4473 oen
1524 4427 1551 4475 ι’.
1617 4441 1640 4486 g.
1662 4428 1761 4476 ministri
1776 4431 1817 4490 Sp.

642 4504 665 4550 h.
686 4502 820 4550 divinos-
837 4504 1004 4551 incantationes
1020 4524 1063 4552 om.
1082 4512 1115 4555 Μ.
1193 4508 1209 4553 i.
1227 4506 1331 4553 fllactcra
1348 4508 1375 4554 V.
1452 4507 1475 4553 h.
1495 4520 1543 4554 non
1559 4508 1617 4554 odat
1635 4511 1662 4555 C.
1740 4510 1757 4556 1.
1777 4510 1816 4556 ha·

641 4583 716 4629 hitatu
734 4584 760 4629 V.
819 4596 847 4631 na
868 4584 1037 4643 metropolitani
1054 4590 1089 4641 M,
1104 4586 1145 4644 sp.
1205 4600 1227 4632 n.
1248 4586 1353 4633 dioecese
1371 4588 1398 4634 V.
1459 4601 1481 4634 o.
1501 4589 1636 4648 usqueverit
1652 4589 1681 4634 7.
1736 4604 1760 4650 p.
1779 4590 1816 4636 iti·

643 4664 695 4710 dom
712 4666 742 4719 C,
759 4664 819 4710 idem
835 4666 874 4723 Sp.
937 4678 959 4724 q.
981 4664 1160 4725 archiepiscopis
1176 4668 1212 4714 M.
1289 4680 1308 4713 r.
1328 4666 1412 4726 paliani
1429 4668 1458 4714 7.
1527 4680 1547 4714 s.
1568 4668 1622 4715 sitei
1637 4672 1675 4717 M.
1743 4672 1815 4717 tia-

642 4743 742 4791 dicaram
759 4746 785 4791 C.
863 4758 885 4791 ιι.
906 4744 1027 4805 episcopos
1043 4749 1077 4792 M.
1155 4760 1178 4793 ι.
1197 4747 1243 4806 ipsi
1260 4749 1286 4795 C.

714 4847 739 4902 1.
763 4846 797 4903 V.
816 4862 859 4917 ep.
874 4849 907 4903 17
926 4850 1110 4918 euprepii.
