4342 6034
665 762 732 827 644
868 779 950 827 vana
971 776 1128 825 nnuonnr
1149 774 1412 827 aeomnrrsoonr
1433 774 1632 825 moonurnrr

448 928 452 936 ’
578 926 647 981 1160
664 939 722 1005 per
743 918 924 1005 superbiam
947 918 1186 999 omniserunt,
1211 937 1268 1003 per
1291 916 1542 985 satisfactionem
1564 936 1671 983 coram
1693 914 1821 981 omnibns

581 998 648 1047 m*
664 1034 843 1101 humilitate
876 1034 1042 1101 diluerent
1142 1032 1359 1099 Absolutionia
1386 1032 1486 1116 igitur
1514 1036 1547 1097 et
1575 1029 1822 1097 reconciliationis

665 1150 777 1217 modus
800 1150 853 1217 hic
873 1149 949 1216 init:
972 1154 1010 1215 ut
1031 1148 1137 1215 clerici
1160 1148 1332 1215 seeundum
1355 1148 1499 1215 ordinem
1515 1168 1619 1231 snum,
1643 1146 1698 1233 qui
1711 1164 1825 1233 presen-

665 1271 714 1333 tes
743 1266 891 1350 aderant,
919 1271 993 1351 post
1020 1264 1249 1334 absolutionem
1271 1284 1330 1353 pro
1353 1263 1472 1331 honore
1495 1263 1604 1331 domni
1627 1262 1765 1350 episcopi
1783 1262 1826 1327 in·

664 1382 737 1467 ipsa
759 1382 887 1449 civitate
903 1380 1090 1464 Magantina
1106 1380 1207 1447 lancis
1222 1380 1337 1447 tunicis
1353 1380 1509 1464 nudisque
1524 1379 1643 1466 plantis
1657 1378 1827 1462 vindictam,

665 1517 725 1582 que
747 1497 841 1581 vulgo
864 1497 979 1563 dicitur
1001 1491 1220 1579 hamschare¹‚
1244 1495 1283 1562 de
1307 1494 1422 1563 Sancto
1444 1494 1539 1563 Petro
1562 1514 1663 1580 usque
1687 1494 1729 1561 ad
1742 1492 1829 1561 Sanc

664 1618 733 1679 turn
754 1613 914 1679 Albanum
942 1632 1000 1699 per
1028 1613 1190 1679 civitatem
1216 1611 1354 1679 mediam
1385 1610 1558 1695 deferrent,
1589 1616 1622 1677 et
1650 1611 1698 1677 sio
1727 1610 1829 1676 domno

665 1729 813 1815 episcopo
835 1728 1115 1795 reconciliarentur
1136 1750 1195 1815 per
1218 1726 1378 1809 osculum3
1405 1727 1452 1793 ito
1474 1731 1591 1811 tamen
1615 1726 1701 1811 qnod
1723 1726 1829 1791 iustitie

666 1850 802 1928 starent,
825 1845 854 1911 si
876 1864 972 1931 super
994 1845 1099 1929 aliquo
1123 1864 1177 1911 eos
1199 1844 1355 1929 impetere
1376 1842 1489 1924 vellet3
1579 1842 1655 1909 laici
1677 1861 1767 1909 vero:
1788 1860 1830 1907 ca·

667 1960 786 2045 pitanei
808 1965 882 2045 post
902 1961 1007 2047 ipsam
1029 1958 1277 2043 absolutionem,
1307 1963 1339 2025 ct
1362 1959 1472 2044 quiin
1496 1960 1730 2045 presentiarum
1754 1960 1831 2025 erant

666 2081 699 2142 et
721 2076 775 2160 qni
797 2075 882 2141 domi
903 2082 1138 2159 remanserant,
1161 2096 1261 2159 usqne
1284 2074 1325 2141 ad
1347 2074 1533 2141 mandatum
1556 2074 1665 2141 domni
1689 2073 1830 2160 archiepi-

666 2192 754 2277 scopi
783 2192 942 2257 civitatem
972 2196 1005 2258 et
1032 2192 1137 2278 ipsum
1168 2192 1385 2277 episcopatum
1416 2190 1561 2257 abiurare
1590 2196 1636 2275 at,
1673 2191 1830 2276 cumipse

666 2306 800 2389 iuberet,
822 2308 984 2374 civitatem
1006 2307 1130 2391 ingredi
1155 2342 1197 2353 -
1222 2312 1255 2373 et
1276 2326 1339 2373 non
1363 2312 1437 2373 ante
1460 2342 1502 2354 -
1527 2305 1688 2391 deberent,
1713 2325 1831 2392 respun-

667 2423 735 2489 euri
756 2443 853 2509 super
874 2423 953 2506 hiis,
983 2442 1044 2508 que
1067 2422 1237 2489 adversus*
1260 2422 1347 2509 ipsos
1370 2422 1511 2507 haberet,
1534 2422 1586 2489 ael
1607 2423 1642 2489 in
1664 2422 1832 2489 misericor·

666 2538 721 2603 dia
752 2538 802 2605 vel
828 2539 944 2605 iudicio
972 2559 1103 2605 snorum
1131 2540 1342 2625 comparium,
1371 2543 1404 2607 et
1432 2539 1478 2605 sic
1506 2538 1643 2622 gratiam
1673 2544 1707 2605 et
1728 2538 1832 2605 bonan

667 2654 861 2721 voluntatem
876 2659 1116 2741 recuperarent3
1140 2655 1224 2721 cives
1241 2658 1357 2739 autem,
1377 2660 1545 2741 postquam
1560 2654 1755 2721 vindictam·
1769 2674 1834 2740 por-

665 2776 801 2854 tassent,
831 2770 960 2837 domum
988 2769 1218 2857 episcopalem,
1248 2776 1284 2836 ut
1313 2774 1408 2837 autea
1435 2770 1540 2837 fuerat
1568 2769 1619 2837 vel
1646 2768 1834 2853 melius,in

666 2886 812 2953 omnibus
841 2886 907 2953 sais
935 2886 1123 2953 utensilibus
1152 2906 1301 2973 reparare
1329 2892 1377 2971 et,
1407 2885 1557 2971 quicquid
1585 2906 1626 2953 ex
1652 2885 1768 2953 ablatis
1788 2884 1833 2951 do·

667 3007 766 3086 esset,
795 3020 877 3086 equa
903 3003 1160 3088 compensatione
1191 3002 1318 3069 domino
1341 3022 1398 3069 suo
1422 3002 1660 3089 archiepiscopo
1683 3004 1834 3089 oporteret

667 3136 917 3203 recompensare.
1008 3117 1077 3184 Hoc
1098 3138 1205 3185 eoram
1228 3118 1421 3206 imperatore
1444 3124 1476 3185 et
1498 3118 1695 3206 principibus
1719 3122 1834 3185 actast

667 3232 852 3319 priuilegiod
866 3233 1027 3320 imperiali
1048 3233 1235 3302 confirmata
1257 3254 1295 3301 ac
1317 3254 1375 3321 per
1396 3234 1528 3301 nuncios
1548 3233 1743 3321 imperiales,
1766 3241 1833 3319 quo·

668 3369 763 3435 super
785 3348 835 3414 his
857 3348 1003 3415 omnibus
1026 3350 1129 3417 vicem
1151 3350 1267 3417 cesaris
1290 3355 1525 3436 cognoscerent7
1551 3350 1748 3434 Magantinia
1769 3368 1834 3416 con·

668 3470 733 3533 atat
754 3485 824 3532 csse
846 3464 960 3531 delata

757 3580 883 3660 Quanta
908 3586 1016 3649 autem
1044 3581 1242 3649 auctoritatis
1272 3578 1427 3666 dignitato
1453 3582 1536 3649 inter
1564 3580 1644 3649 alios
1671 3580 1831 3649 catholicoe

668 3704 776 3785 patres
804 3698 839 3764 in
867 3702 1038 3784 conspectu
1065 3696 1164 3764 totius
1186 3697 1312 3765 concilii
1334 3697 1500 3780 etlirlserit3
1531 3697 1637 3784 qualia
1660 3718 1782 3784 quoqne
1801 3694 1832 3761 de

669 3814 840 3881 christiane
865 3814 1027 3898 religionis
1052 3813 1175 3880 unitate
1197 3812 1377 3881 referenda‘
1399 3820 1510 3881 contra
1531 3814 1698 3881 divisionis
1720 3812 1832 3900 impiic-

669 3930 786 3997 simum
808 3930 926 3997 scisma
946 3948 1035 3995 more
1056 3928 1280 3997 declamatorio
1304 3935 1337 3997 et
1357 3951 1450 4016 quam
1466 3930 1641 4018 protunda⁸
1656 3928 1831 4018 disputaris

670 4044 827 4131 quomodo
849 4052 882 4113 ct
902 4046 1082 4113 nniversam
1100 4045 1264 4113 ecclesiam
1279 4046 1330 4113 inh
1346 4046 1442 4113 verbo
1457 4046 1687 4113 exhortationis
1704 4046 1832 4113 adeun

669 4161 822 4228 lationem
844 4162 979 4229 indivise
1001 4163 1175 4229 armaverit
1196 4162 1328 4229 unitatis
1352 4168 1384 4230 et
1402 4168 1607 4250 paternarum
1621 4162 1831 4239 traditionum

671 4283 824 4363 qnantum
856 4298 915 4365 pro
943 4279 1031 4365 pacis
1059 4278 1158 4362 bono,
1190 4282 1343 4363 quantum
1372 4278 1413 4344 ad
1440 4277 1690 4345 reformandum¹
1717 4294 1830 4345 concor·

671 4393 758 4459 diam
780 4393 864 4461 inter
885 4414 1018 4478 regnum
1040 4398 1074 4461 et
1093 4394 1304 4461 sacerdotium
1319 4394 1538 4477 desudaverit3
1563 4400 1596 4461 ct
1610 4400 1761 4481 quantum
1773 4390 1829 4459 lda-

742 4620 765 4653 ι
784 4607 810 4655 tn
826 4607 920 4655 eddidit
936 4609 1049 4654 Butam.
1111 4606 1134 4655 b.
1155 4607 1299 4655 edessanos
1315 4608 1337 4655 1.
1400 4620 1421 4653 c.
1441 4606 1543 4655 vindicta
1558 4609 1581 4655 1.
1644 4608 1668 4656 d.
1682 4605 1796 4669 preslaio
1809 4604 1826 4649 ¹·

672 4700 693 4733 a.
714 4686 776 4746 qaod
791 4689 813 4744 1,
828 4688 851 4734 1.
927 4686 945 4734 ἱ.
965 4687 1053 4734 unitate
1068 4686 1188 4735 referenda
1201 4690 1285 4748 ισίρει·
1297 4704 1340 4745 pro
1356 4687 1451 4735 umam
1465 4686 1596 4735 nrerancia
1612 4688 1635 4746 1,
1650 4690 1673 4737 2
1747 4700 1767 4746 ι.
1783 4694 1826 4744 prt-

671 4764 742 4813 lunda
758 4768 781 4813 2.
857 4764 882 4813 ln.
901 4767 926 4815 in
942 4784 985 4814 our.
997 4769 1019 4815 1.
1096 4767 1113 4815 i.
1132 4766 1301 4815 reformandam
1317 4770 1339 4815 1.

744 4872 770 4926 l.
793 4868 835 4927 Oi.
853 4886 938 4941 snpra
953 4888 982 4941 p.
995 4872 1048 4927 615
1065 4888 1093 4927 n.
1106 4872 1132 4927 3.
