4342 6034
570 786 597 833 s.
613 786 790 837 comesu
812 789 856 835 nr
877 788 980 837 nunni
1001 789 1189 837 runconere
1210 790 1290 839 eree
1453 774 1517 843 leo

363 940 508 1014 eteorpua
537 930 677 995 condem
706 942 734 995 et
761 932 881 995 minere
907 933 943 995 in
969 926 1170 1017 poiennom¹.
1215 931 1348 999 Fratres
1374 936 1451 1014 mei,
1480 937 1517 1001 in
1544 942 1620 1011 (748)

361 1066 440 1107 omne
450 1046 546 1109 enim·
561 1045 767 1126 ambulantes,
779 1068 844 1111 non
859 1048 1030 1111 seeundum
1045 1070 1172 1113 earnem
1186 1044 1389 1115 nuiitomue'.
1412 1049 1517 1115 Anna
1535 1014 1630 1075 (ω)

360 1162 429 1223 enim
447 1160 578 1227 miiitiae
598 1174 726 1227 nostroe
746 1182 812 1227 non
836 1162 997 1243 comalio,
1027 1166 1083 1229 eod
1111 1167 1254 1250 potentio
1275 1165 1365 1246 Deo,
1396 1168 1441 1231 ud
1462 1168 1517 1231 de-

358 1278 541 1341 motionem
562 1280 774 1343 munitionum
796 1278 930 1343 consuta
952 1274 1171 1360 ducuntu',
1200 1293 1229 1345 et
1250 1303 1373 1347 onmem
1395 1283 1516 1348 enolto·

358 1394 456 1457 tionem
477 1392 671 1459 extollentem
694 1416 726 1459 ee
749 1395 899 1459 aduersae
922 1396 1085 1459 eoimtiom
1099 1395 1167 1461 Dei
1186 1409 1215 1461 et
1234 1400 1270 1461 in
1286 1396 1517 1484 captivitatem*

357 1510 512 1595 redr'peatee
537 1532 658 1575 murem
680 1512 899 1596 eopimtionem
922 1520 966 1575 et⁰
989 1513 1024 1575 in
1048 1510 1231 1597 obsequium
1252 1511 1375 1579 Cluieto
1396 1515 1516 1599 perdu-

357 1618 468 1689 eeutee‘.
513 1625 566 1691 De
588 1640 698 1707 cetero,
713 1626 849 1711 scotres,
875 1626 1102 1711 confortamini
1122 1630 1159 1691 in
1181 1628 1325 1694 Domino
1348 1642 1376 1695 et
1397 1633 1434 1695 in
1451 1653 1516 1717 po·
1540 1669 1543 1674 >

356 1743 439 1807 tentia
456 1741 663 1825 fortitudinia
693 1738 786 1809 einai
832 1741 900 1809 Pax
928 1740 1017 1809 vobis
1046 1742 1148 1809 multa
1175 1747 1208 1809 et
1234 1743 1339 1827 gratia
1361 1762 1381 1809 a
1404 1743 1462 1811 deo
1486 1750 1519 1811 et

356 1854 466 1923 domino
488 1862 598 1924 nostro
621 1856 692 1923 Iesu
714 1856 839 1925 Christo
862 1858 1069 1927 ministretur.
1116 1858 1350 1945 Amplectimur
1372 1864 1406 1925 et
1428 1880 1518 1927 oocu-

354 1970 444 2039 lnnur
472 1974 540 2041 acsi
568 1980 751 2060 praesentes
774 1976 940 2043 caritatem
962 1979 1101 2043 vestram
1124 1975 1159 2041 in
1181 1975 1303 2043 unitate
1327 1975 1462 2061 spiritus
1483 1977 1518 2043 in

354 2087 463 2155 uncnio
485 2090 576 2175 pacis
599 2096 632 2157 et
653 2091 795 2159 nuntie
818 2090 946 2182 Christi.
970 2090 1058 2159 Dens
1082 2111 1138 2158 vos
1162 2090 1334 2159 incolomes
1349 2091 1517 2175 custodiat,

353 2203 539 2273 muncrum
561 2206 662 2273 nobie.

355 2386 406 2459 68.
429 2394 609 2459 Zachariae
626 2418 720 2483 papo
740 2392 906 2460 Tlrroondi
927 2408 955 2461 et
970 2396 1108 2461 oliorum
1123 2398 1265 2460 uirorum
1278 2396 1518 2483 naopno‘fieorum

422 2508 521 2593 fidem
550 2510 662 2576 iaudat
690 2525 719 2577 et
747 2511 919 2595 confirmat.
968 2510 1089 2577 Scribit
1117 2512 1155 2576 de
1182 2512 1395 2577 sacerdotibus
1418 2512 1516 2578 ieono-

428 2628 541 2691 randie
563 2630 671 2714 reique
693 2629 820 2693 diuinae
842 2630 968 2692 omnino
994 2628 1233 2715 permittendi&
1262 2630 1300 2693 de
1326 2630 1517 2717 presbyterio

429 2744 497 2806 eine
520 2746 663 2831 episcopi
683 2746 949 2809 commendatione
975 2767 1040 2809 non
1069 2744 1310 2821 constituendm3
1339 2746 1377 2810 de
1404 2767 1516 2810 mono-

429 2862 548 2941 eteriie,
563 2837 611 2923 vde
633 2860 787 2940 decumis,
813 2861 851 2924 de
871 2863 1008 2947 pecunia
1031 2856 1268 2925 eeclesiastico⁶.

430 2990 515 3057 Viris
537 2991 724 3078 magnificis,
747 2990 821 3058 filiis
837 2992 1014 3076 Throando‚
1035 2990 1209 3077 Sandrado,
1225 2990 1410 3076 Nantherio‚
1425 2991 1516 3059 Liut-
1533 2992 1629 3123 (ἓξὲξ)

351 3103 432 3191 frido,
456 3106 622 3193 Sterirido,
646 3106 846 3195 Gundperto,
869 3109 977 3195 Agno,
1001 3108 1140 3193 Haaldo,
1163 3107 1328 3193 Rantulfo,
1351 3107 1515 3195 liuperto,

350 3218 546 3309 Brunichoni,
576 3223 752 3309 liethardo,
782 3224 922 3309 Rocgoni
952 3224 1002 3291 vel
1025 3224 1170 3291 omnibus
1192 3224 1317 3307 magnis
1341 3230 1373 3291 et
1394 3226 1514 3313 parvis,

351 3336 485 3421 ingenuis
508 3345 540 3405 et
562 3340 678 3426 servis,
702 3340 870 3407 Zacharias
893 3362 987 3428 pape.

429 3453 557 3523 Gratias
580 3476 639 3541 ugo
662 3457 721 3523 deo
742 3462 774 3523 et
796 3456 923 3523 domino
946 3457 1017 3525 Iesu
1033 3458 1170 3543 Christo,
1193 3458 1287 3525 unico
1310 3456 1415 3525 Patris
1437 3456 1514 3543 filio,

351 3574 378 3635 et
397 3570 530 3659 Spiritui
552 3578 678 3655 sencio,
706 3573 760 3659 qui
782 3578 922 3641 vestram
945 3574 1086 3641 omnium
1109 3574 1374 3643 christianitatem
1397 3572 1444 3639 ita
1466 3572 1515 3639 di-

349 3684 430 3771 rigit,
459 3686 649 3755 confirmans
677 3688 921 3773 cordavestra,
951 3689 985 3755 in
1013 3691 1081 3757 eius
1111 3690 1272 3759 ambulare
1301 3688 1459 3755 mandatis
1483 3693 1516 3755 et

350 3800 488 3870 oboedire
520 3805 708 3893 praeceptis.
760 3804 845 3873 Dum
879 3805 963 3871 enim
999 3806 1140 3875 insonuit
1171 3808 1205 3873 in
1241 3805 1369 3872 auribus
1390 3805 1514 3892 ‘nostris

350 3914 420 3985 fides
442 3926 474 3987 et
496 3920 579 3989 bona
600 3925 706 3988 vestre
729 3922 924 3989 conversatio
948 3926 1042 4007 atque
1066 3942 1171 4006 amor,
1200 3941 1294 4009 quem
1322 3941 1400 4005 erge
1420 3921 1515 4006 spiri·

350 4033 436 4101 talem
460 4043 594 4105 matrem
617 4040 757 4103 vestrum
785 4042 927 4104 sanctam
955 4036 1142 4105 catholicam
1171 4043 1204 4105 et
1226 4037 1432 4124 apostolicam
1453 4036 1514 4103 Dei

350 4150 523 4219 aecclesiam
548 4154 678 4239 eiusque
700 4152 878 4221 secerdotes
901 4152 1018 4221 habere
1041 4154 1258 4239 dinoscimini,
1289 4152 1380 4221 valde
1402 4153 1513 4238 gavisi,

350 4262 418 4332 laeti
440 4289 547 4337 snmus
570 4268 673 4337 effecti
700 4270 734 4335 in
756 4269 902 4336 Domino.
950 4268 1046 4336 Cuius
1070 4270 1246 4356 potentiam
1269 4274 1302 4337 et
1323 4290 1381 4335 nos
1403 4288 1514 4357 pecca-

350 4386 427 4449 tores
449 4384 664 4473 deprecamur,
688 4390 724 4451 ut
746 4385 847 4469 magn
871 4404 908 4451 ec
931 4386 1032 4471 magis
1055 4385 1220 4453 confirmet
1242 4385 1337 4453 corda
1359 4390 1467 4451 vestra
1483 4389 1514 4451 et

351 4500 521 4569 corroboret
542 4502 584 4569 od
605 4500 783 4569 faciendam
806 4500 872 4567 eius
894 4500 1100 4587 voluntatem,
1124 4507 1161 4568 ut
1183 4502 1222 4569 de
1244 4500 1398 4567 fructibus
1415 4500 1513 4567 bono-

416 4674 438 4707 a.
457 4678 498 4707 on.
516 4666 543 4711 ι’.
621 4662 643 4709 b.
663 4662 795 4722 cupititate
810 4664 846 4709 Μ.
924 4674 944 4709 ο.
965 4678 1007 4709 εει.
1025 4664 1059 4709 Μ.
1138 4660 1162 4707 (i.
1182 4678 1212 4707 ιι
1228 4662 1366 4710 cel-aa.
1390 4664 1447 4709 ium
1461 4662 1514 4707 ien-

352 4746 405 4781 nou
420 4738 474 4785 tec.-
488 4738 590 4801 Epistola
605 4740 727 4788 zacheriae
743 4754 816 4802 papne
832 4740 862 4787 ud
877 4741 994 4801 priucipee
1009 4739 1147 4787 Francorum
1162 4741 1241 4787 micea

418 4842 442 4896 l.
463 4842 557 4899 heth.
576 4846 678 4915 10,28.
786 4847 812 4900 2.
836 4842 1099 4915 ncorinth.10,3.
1206 4842 1513 4913 3.20orinssn10,4‚

353 4926 376 4981 4.
397 4929 541 4988 icorinth.
557 4934 598 5003 10,
611 4936 636 4989 5.
726 4933 752 4990 5.
775 4932 876 5004 Ephee.
890 4934 915 5004 6,
929 4934 971 4989 10.

1239 5028 1301 5085 13*
