4342 6034
560 774 767 823 memsam
787 774 868 821 vrrs
889 774 916 821 s.
933 774 1112 823 nonmirn
1134 774 1210 823 cor.
1222 775 1283 823 vm
1441 758 1508 823 463

348 916 497 1003 polanam
519 918 574 983 secl
595 929 624 983 ot
645 916 821 997 lintheum,
847 938 908 1002 qao
923 938 1026 983 meam
1040 919 1232 1004 decrepitam
1245 917 1426 983 involvatur
1441 940 1509 983 eor·
1527 924 1669 981 tot-755

348 1055 416 1119 pus,
445 1035 481 1097 ia
504 1032 591 1097 tleaeo
614 1032 768 1097 librorum
789 1054 930 1097 moram
950 1054 1067 1120 repone
1076 1028 1093 1097 ¹.
1139 1031 1220 1099 Cum
1243 1032 1327 1097 enim
1349 1031 1509 1117 praefatus

348 1152 426 1215 aaa
453 1146 698 1235 querelloeitatis
727 1148 857 1213 antistes
886 1148 1024 1233 suspiria
1051 1168 1116 1214 non
1138 1148 1242 1214 ferens
1265 1146 1322 1213 sed
1343 1148 1453 1213 stetim
1475 1166 1510 1213 se

347 1262 539 1329 inlaerimas
561 1262 709 1345 dedisset,
732 1263 795 1328 iam
820 1268 947 1329 sanetus
969 1262 1147 1331 Bonifatius
1169 1262 1258 1329 finito
1281 1261 1446 1348 conloquio
1470 1262 1510 1329 ad

347 1378 403 1445 alie
421 1379 530 1461 rediit;
554 1383 586 1445 et
607 1378 716 1445 diebus
738 1398 802 1445 non
817 1378 925 1445 multis
939 1379 1147 1467 interpositis,
1170 1377 1314 1465 arepto*
1330 1398 1365 1445 se
1379 1378 1510 1445 minime

348 1496 474 1561 retruxit
494 1496 623 1561 itenere.

426 1610 498 1695 Sed,
520 1610 656 1696 sumptis
679 1628 785 1676 seeum
808 1609 1051 1694 conviatoribus,
1074 1630 1189 1677 navem
1210 1608 1428 1694 maeoditem
1451 1630 1509 1697 per
1528 1628 1580 1681 755

344 1724 432 1792 Reni⁸
454 1724 594 1793 fluminis
617 1724 741 1791 alvenm
764 1734 943 1811 penetrans,
967 1730 1122 1793 noetnrna
1143 1730 1291 1812 portuum
1311 1726 1438 1811 navigio
1453 1747 1508 1793 ex·

345 1841 465 1926 qnisirit
492 1842 576 1923 loea3
605 1841 719 1925 donee,
748 1861 868 1925 aquosa
888 1841 1063 1909 Fresonnm
1092 1862 1170 1907 arra
1195 1841 1390 1926 ingrediens,
1421 1847 1509 1907 tram

343 1961 492 2041 stagnum
517 1957 600 2041 quod
623 1956 732 2040 lingna
754 1976 863 2024 eorum
885 1958 1000 2023 dieitur
1022 1952 1199 2040 Aelmere¹,
1221 1956 1343 2042 sospisd
1365 1958 1510 2043 pervenit

342 2072 584 2157 inloeeundsque
612 2072 719 2139 divim
746 2074 888 2155 germine
909 2073 1005 2140 litora
1026 2072 1223 2159 inspiciendo
1245 2073 1367 2139 oirouit
1414 2072 1509 2140 Come

343 2206 397 2272 que
418 2188 631 2275 periculosum
652 2187 818 2255 fluminum
840 2190 1000 2274 marisque
1023 2195 1055 2256 et
1076 2189 1253 2272 ingentium
1268 2208 1422 2274 aquarum
1436 2208 1509 2255 eva·

342 2304 394 2369 sit'
416 2304 597 2389 discrimen,
620 2306 654 2370 in
677 2304 854 2392 perieulum
875 2305 938 2371 iam
963 2306 1031 2371 sine
1054 2304 1195 2391 periculo
1217 2304 1345 2388 incedit,
1368 2310 1509 2387 gentem·

342 2438 396 2503 que
422 2438 582 2506 pagenam
604 2420 780 2487 Fresonum
806 2420 970 2487 visiturit'.
1018 2420 1104 2500 Quae
1131 2420 1391 2487 intermeantibus
1418 2421 1509 2505 aquis

341 2535 513 2603 inmultos
541 2556 688 2621 agrorum
714 2536 884 2603 dividitur⁸
906 2556 1019 2622 pagos,
1048 2537 1096 2603 ita
1123 2542 1174 2621 ut,
1203 2536 1337 2603 diuersis
1359 2535 1511 2622 appellati

340 2652 531 2736 nominibus,
560 2653 653 2719 nnius
687 2658 794 2719 tamen
822 2652 925 2735 gentis
953 2653 1183 2739 proprietatem
1209 2652 1412 2739 portendunt
1447 2650 1511 2718 Sed

341 2768 426 2851 quia'²
448 2768 580 2851 longum
602 2774 660 2851 est,
684 2774 720 2833 ut
735 2788 792 2855 per
807 2767 949 2833 ordinem
964 2768 1166 2855 molimatur,
1189 2788 1244 2834 eos
1258 2773 1383 2835 anam
1398 2767 1438 2834 de
1452 2787 1509 2833 no·

340 2883 423 2949 mine
456 2884 618 2951 denudare
646 2884 824 2967 studemus,
859 2884 925 2968 quii
954 2884 994 2949 ad
1021 2883 1212 2949 narrationis
1238 2888 1366 2949 noemae
1395 2883 1508 2949 seriem

340 3000 490 3067 vsraeiter
513 3000 730 3086 proferuntur3
755 3005 791 3065 ut
813 3004 845 3065 et
861 2998 949 3065 loous
965 2998 1269 3083 etlingnarelotam
1284 2997 1410 3065 anobis
1426 2998 1512 3065 besti

340 3114 396 3180 viri
418 3115 661 3181 sanctimoniam
684 3114 858 3200 aequaliter
879 3114 995 3201 prodat
1017 3121 1058 3199 et,
1082 3113 1169 3200 quali
1182 3114 1433 3181 hunemundnm
1447 3112 1510 3180 line

341 3228 512 3314 desereret,
536 3231 667 3318 aperiet.

422 3346 486 3415 Per
509 3366 635 3414 omnem
656 3346 754 3430 igitur
768 3345 912 3413 Fresium
934 3366 1078 3433 pergens,
1101 3345 1234 3413 verbum
1247 3345 1387 3429 Domini,
1411 3364 1509 3431 puga-

341 3462 406 3529 nioo
428 3463 557 3551 repulso
579 3464 644 3529 ritu
668 3468 699 3529 et
722 3482 853 3529 erroneo
875 3462 1061 3546 gentilitatis
1084 3482 1173 3529 more
1195 3462 1366 3546 domem,
1387 3462 1509 3529 instan-

341 3582 386 3645 ter
405 3579 612 3666 praedicabat
627 3577 866 3663 aeoelesiasque,
889 3579 1018 3645 numine
1038 3578 1197 3645 mniraeto
1212 3577 1437 3662 dilubromm¹‚
1460 3578 1510 3643 in·

341 3696 422 3777 genti
444 3695 551 3763 studio
572 3694 748 3762 fubrioavit.
782 3693 827 3759 Et
847 3694 948 3761 multa
969 3695 1033 3761 ism
1056 3694 1146 3760 milia
1166 3694 1347 3778 hominum,
1368 3694 1510 3759 virorum

341 3830 376 3877 ao
395 3812 566 3879 mulierum
593 3810 649 3877 sed
677 3814 709 3877 et
736 3810 958 3896 parvulorum,
982 3830 1053 3877 enm
1076 3810 1291 3877 commilitone
1318 3830 1391 3875 suo:
1418 3808 1509 3875 ehor-

342 3928 500 4015 episoopo¹
520 3926 630 3993 Eoban
653 3926 890 4013 baptizavit-
911 3946 1004 4011 quem
1028 3926 1068 3992 ad
1091 3926 1339 3994 subveniendum
1362 3945 1439 3991 suae
1459 3944 1509 3992 so·

341 4043 411 4111 nilis
433 4044 548 4111 astatis
570 4042 751 4109 desiliam
765 4040 922 4127 rasonis,
945 4042 1086 4109 iniuneto
1110 4042 1172 4109 sibi
1194 4042 1354 4129 episcopio
1374 4042 1410 4107 in
1431 4041 1510 4108 urbe

343 4170 437 4243 qusen
461 4165 591 4226 vocatur
613 4158 743 4242 Trehot,
772 4158 955 4242 subrogavit
977 4194 1018 4207 -
1044 4164 1076 4225 et
1104 4159 1289 4245 presbiteris
1312 4177 1349 4225 oo
1371 4157 1510 4224 diaconi·

342 4273 410 4361 bns,
441 4294 576 4362 qnorum
602 4274 680 4343 haee
702 4278 778 4341 sunt
799 4274 943 4341 nomina:
972 4272 1143 4358 wintrung
1165 4279 1198 4341 et
1219 4273 1391 4341 Waltheri⁰
1415 4272 1511 4339 simul

410 4450 431 4483 s.
450 4436 546 4483 mum
561 4438 590 4483 A.
675 4434 698 4481 b.
718 4436 812 4493 mopso
828 4438 854 4491 Ρ,
875 4438 971 4495 saepto
987 4439 1015 4483 A.
1099 4449 1119 4482 o.
1138 4434 1213 4481 Rheni
1228 4436 1257 4480 A.
1338 4433 1361 4479 a
1382 4444 1464 4491 sospes
1479 4436 1508 4478 A.

344 4526 362 4561 e.
381 4517 467 4563 saura
481 4518 507 4573 r,
523 4516 635 4563 eruisset
649 4518 678 4563 A.
755 4513 772 4561 t
792 4514 895 4561 vastae
911 4516 937 4571 r,
952 4515 1055 4561 ostova
1071 4518 1099 4563 A.
1168 4528 1190 4572 g.
1212 4513 1297 4559 natur
1312 4516 1338 4561 r.
1408 4512 1432 4558 u
1452 4501 1510 4567 ir.

343 4594 358 4639 i·
376 4609 398 4655 q3
413 4600 439 4645 F.
511 4594 535 4643 k.
556 4595 701 4643 delubrorum
715 4598 745 4643 A.
814 4594 830 4643 l.
851 4594 999 4654 eorepiseopo
1014 4598 1044 4643 A.
1113 4607 1144 4641 ro.
1164 4593 1283 4641 immuto
1299 4595 1325 4649 F,
1340 4592 1467 4639 infirmitsh'
1481 4593 1510 4638 A.

344 4687 364 4721 u.
384 4676 421 4735 qui
437 4679 464 4723 F.
542 4690 563 4723 o.
584 4674 700 4723 walthere
716 4678 744 4723 A.

411 4782 436 4837 1.
459 4780 495 4837 V.
507 4778 596 4835 Bonil.
616 4794 658 4849 ep.
672 4781 706 4835 79
725 4794 809 4849 supra
824 4794 852 4848 p.
865 4778 926 4847 220,
945 4776 992 4831 ubi
1012 4777 1065 4848 „ln
1083 4792 1138 4848 qno
1155 4776 1216 4832 loeo
1229 4774 1402 4843 (Fuldsnsi)“
1422 4774 1511 4844 inquit

345 4864 494 4925 Bonifatius
513 4869 663 4941 „proposui
681 4896 715 4909 --
733 4873 798 4938 post
815 4871 930 4925 mortem
947 4865 1068 4923 aenea
1157 4867 1185 4921 2.
1208 4864 1366 4921 Zuidemeo
