4342 6034
589 786 616 834 s.
633 786 810 834 normann
831 787 876 833 nu
896 785 1000 834 nuum
1021 783 1211 833 semrom
1232 784 1263 831 ce
1446 766 1512 833 243

355 926 469 993 orbatus
498 931 531 993 et
551 926 686 993 mirum¹
708 962 750 973 -
773 926 852 993 haut
874 944 963 994 aecus
987 926 1155 994 dicendum
1176 926 1256 992 mihi
1279 929 1328 993 est
1350 960 1393 972 -
1418 944 1513 1010 quam
1530 931 1673 988 tat-roc

353 1040 443 1108 tristis
474 1060 660 1127 moransque
692 1042 841 1110 remansi.
893 1040 965 1107 Non
993 1046 1101 1109 tamen
1128 1041 1345 1109 incolomitate
1371 1042 1513 1127 corperis

353 1158 476 1245 pristina
494 1139 698 1242 robustisque
719 1157 934 1224 membrorum
958 1157 1087 1224 amubus
1116 1157 1209 1223 huius
1237 1158 1337 1244 pestis
1364 1155 1514 1223 valitudi-

352 1292 414 1340 nem
441 1274 545 1355 evasi3
573 1273 631 1339 sed
653 1308 695 1321 -
718 1274 822 1357 gratia
850 1278 883 1340 et
909 1271 979 1339 laus
1007 1273 1061 1359 pio
1090 1272 1275 1357 flagellatori
1299 1310 1343 1321 -
1367 1272 1513 1339 omnibus

352 1387 553 1455 membrorum
575 1388 804 1475 conpaginibus
827 1388 985 1474 quassatis
1008 1394 1041 1455 et
1067 1388 1228 1472 contritis,
1259 1386 1410 1455 anhelans
1438 1387 1513 1453 fati·

353 1508 433 1587 gatus
452 1510 549 1571 resto.
588 1552 754 1571 ........
778 1504 862 1590 quod
884 1503 963 1570 mihi
985 1523 1043 1590 per
1064 1524 1158 1570 usum
1181 1509 1213 1569 et
1234 1522 1352 1570 novum
1375 1506 1512 1571 etvetus

352 1625 401 1704 st,
420 1620 542 1687 nullam
562 1621 742 1707 repperisse
763 1640 815 1687 me
837 1620 910 1686 istic
931 1618 1144 1686 habitantium
1164 1619 1309 1686 feminini
1329 1640 1423 1686 sexus
1438 1640 1512 1706 per·

353 1755 449 1801 sonam
470 1734 647 1803 fideliorem
668 1736 702 1801 in
724 1736 881 1820 omnibus,
903 1756 967 1802 non
990 1734 1179 1803 adolationis
1201 1754 1298 1803 censa
1319 1734 1375 1802 sed
1395 1734 1513 1801 verim·

352 1850 386 1916 tis
398 1849 546 1918 firmitate
566 1855 763 1934 contestans3
787 1851 863 1917 dum
882 1872 935 1917 me
950 1850 1131 1917 ammodum
1147 1855 1221 1918 ante
1235 1851 1401 1936 quinquies
1416 1851 1515 1936 quina

352 1968 495 2033 meusium
518 1966 696 2051 volumina,
725 1972 793 2034 toto
815 1972 965 2034 vexatum
988 1986 1137 2053 corpore,
1158 1966 1256 2035 febris
1279 1966 1391 2033 anhele
1412 1967 1514 2050 frigus

352 2088 378 2149 et
396 2082 478 2149 calor
498 2082 725 2168 decoquerent,
750 2082 886 2167 benigna
908 2083 1050 2149 caritmis
1073 2082 1270 2150 humanitate
1291 2082 1423 2149 memini
1445 2102 1514 2149 sus-

351 2202 473 2284 ceptum.
510 2196 603 2277 Quod
624 2198 733 2283 utique
754 2198 847 2264 iuxta
864 2204 1050 2285 preceptum
1065 2198 1197 2265 Domini
1219 2204 1297 2265 tuno
1316 2218 1373 2266 ves
1387 2196 1514 2265 infirme

352 2319 530 2399 aegrotoque
550 2334 617 2381 nou
637 2315 749 2399 ignom
771 2314 891 2398 egissel
914 2314 974 2381 ob·
997 2318 1145 2381 aeternae
1160 2314 1379 2381 retributionis
1394 2334 1514 2381 merce·

351 2426 421 2495 dem.
453 2428 601 2497 Eandem
623 2450 746 2516 queque
769 2436 897 2497 autenm
920 2450 1035 2516 pamm
1056 2430 1168 2517 pigrae
1189 2430 1398 2497 fraternitatis
1420 2428 1514 2497 adec-

351 2550 393 2611 tus
419 2544 620 2613 dilectionem
649 2546 749 2613 divini
778 2546 894 2612 ameris
916 2545 1047 2614 obtentu
1070 2544 1253 2631 aonplentes
1274 2544 1444 2614 observare
1466 2546 1515 2612 di·

352 2662 514 2729 noscimini.

427 2776 496 2855 Qua
510 2778 552 2845 de
566 2798 602 2845 re
617 2776 775 2844 scribendi
791 2776 879 2843 vobis
897 2776 1065 2843 materiam
1076 2796 1277 2862 nequaquam
1287 2776 1515 2861 incongruam*

352 2898 498 2979 muctar,
524 2912 588 2979 qua
609 2892 778 2960 amabilem
800 2894 925 2959 uestrae
948 2892 1168 2975 germanitatis
1183 2891 1361 2979 spiritalem
1376 2894 1514 2961 necesm

351 3008 480 3077 tudinem
503 3009 684 3075 camundo
708 3008 894 3093 alloquerer,
917 3028 989 3075 oum
1011 3026 1063 3075 me
1079 3007 1234 3091 Christus,
1257 3012 1443 3077 cunctorum
1458 3009 1514 3075 bc-

351 3142 451 3191 norum
472 3124 617 3210 largitor,
640 3129 793 3211 preeunte
814 3124 982 3191 clementie
1004 3144 1071 3207 suc,
1094 3122 1281 3191 discentiae‘
1295 3124 1424 3191 caelesti
1442 3144 1514 3209 gra·

352 3238 405 3305 tiae
424 3261 501 3308 suae
522 3260 595 3308 rore
618 3240 848 3325 aliquantulum
869 3249 1038 3306 versuum⁸
1052 3238 1242 3326 participem
1256 3238 1404 3307 efficeret
1440 3240 1514 3308 Ideo

353 3355 428 3422 vobis
449 3356 588 3441 dirigere
610 3354 781 3423 versiculos
803 3356 955 3422 metricah
978 3354 1103 3421 ratione
1124 3356 1315 3442 conpositos,
1338 3357 1393 3422 diu
1413 3355 1514 3423 fixum

352 3476 444 3538 mente
470 3472 576 3557 tenui,
606 3472 700 3538 eorde
729 3470 823 3538 simul
846 3470 938 3537 dulce
965 3469 1076 3554 habui,
1107 3470 1313 3555 quianullus
1340 3472 1514 3556 legentium

352 3587 424 3671 ucri,
448 3588 561 3673 quibus
584 3586 734 3654 libentius
756 3587 931 3669 mitterem3
955 3586 1009 3653 ubi
1032 3607 1091 3673 pro
1108 3592 1193 3654 certo
1210 3588 1275 3653 scio
1290 3587 1411 3654 nullam
1425 3588 1515 3657 dirae

352 3698 458 3771 bandis
489 3702 669 3791 suspicione
704 3708 842 3771 mentem
873 3702 1054 3769 ffishnautis
1082 3702 1228 3769 mordere
1254 3723 1314 3771 nec
1341 3705 1513 3771 dictantem

352 3813 447 3883 hostili
469 3820 700 3906 uituperatione
722 3818 872 3903 lacerare,
894 3818 970 3885 licet
991 3818 1107 3885 vitiosa
1126 3819 1244 3904 pagina
1259 3819 1432 3905 scabraque
1447 3840 1514 3887 sce

353 3928 417 3999 dulc
441 3934 649 4021 repperiatur.
741 3934 832 4002 Hanc
853 3936 960 4018 itaque
981 3953 1083 4020 nuper
1105 3935 1237 4002 metrice
1265 3936 1343 4001 artis
1365 3936 1514 4023 peritiam

353 4044 459 4115 domini
480 4050 582 4117 nostri
605 4050 746 4116 omnium
769 4048 925 4134 generalis
945 4049 1070 4134 meique
1086 4050 1244 4136 specialis,
1267 4050 1404 4137 presulis
1419 4072 1513 4119 rene-

353 4164 434 4229 randi
460 4164 632 4250 Bonifacii,
663 4165 722 4233 sub
750 4166 933 4249 magisterio
961 4164 1149 4249 didiceram3
1180 4186 1243 4250 quo
1272 4166 1352 4233 mihi
1374 4202 1416 4215 -
1439 4174 1515 4254 post

354 4274 596 4348 inluminatorem
618 4280 782 4365 celestem,
811 4282 862 4349 cui
885 4286 1007 4349 secreta
1028 4280 1133 4347 cerdis
1155 4286 1267 4367 patent
1289 4286 1438 4367 atquem
1461 4302 1512 4351 oc

355 4392 428 4459 culta
448 4400 479 4462 et
500 4396 609 4463 abdita
629 4416 694 4463 nen
715 4396 817 4463 latent
839 4432 881 4441 -
905 4396 1020 4463 mentis
1049 4396 1178 4463 obtutus
1206 4397 1349 4483 aperitur
1369 4403 1403 4464 et
1424 4398 1513 4464 arida

355 4512 471 4590 pectora
496 4530 568 4579 mea
594 4512 696 4579 imbre
724 4512 853 4598 superni
875 4510 1012 4577 nectaris
1035 4510 1151 4578 cotidie
1173 4510 1301 4579 caelesti
1322 4512 1510 4596 inrigantur.

432 4624 496 4693 Hcs
522 4646 659 4713 namque
687 4646 798 4695 versus
826 4624 974 4694 iochtae¹
1000 4647 1090 4695 more
1116 4632 1283 4693 caraxatos
1312 4628 1511 4715 repperietis,

418 4752 574 4799 amiur.
659 4750 812 4809 buissel<
897 4750 1012 4799 cabl‘.
1096 4751 1335 4810 dincongruumV.
1419 4764 1511 4799 esum

357 4826 561 4877 ademeram.
636 4830 856 4879 tdiscentr'umV.
934 4832 1144 4891 aperuerunt<
1221 4830 1405 4879 hmctrlecV.

418 4906 442 4960 l.
462 4904 576 4963 hominis
592 4908 687 4965 toccu

1236 5003 1298 5060 16*
