4342 6034
618 766 645 813 s.
662 766 839 815 normann
859 768 903 815 nn
926 768 1028 815 nuum
1049 767 1238 815 namneum
1267 768 1297 815 ιι
1498 750 1542 817 69

368 908 548 975 enumerari
577 913 725 995 possunt,
756 908 916 994 quamvis,
944 914 980 975 ut
1002 908 1133 993 dieitur,
1163 908 1293 976 Sextilis
1316 913 1372 976 aut
1393 908 1541 988 Quintilis
1560 916 1701 970 'lla-vas

367 1029 514 1110 tempora
535 1024 695 1110 protelent
717 1025 862 1108 aestatis,
892 1024 1028 1092 tedebit²
1056 1046 1116 1091 nos
1143 1026 1229 1093 vitae
1255 1030 1384 1092 nostrae
1407 1030 1440 1092 et
1459 1045 1542 1112 pene

364 1140 459 1207 nobis
481 1140 663 1227 pertesumb
687 1146 735 1207 est
756 1141 872 1207 vivere.
908 1140 1018 1208 Omnis
1033 1140 1138 1227 homo,
1161 1142 1196 1207 in
1211 1162 1269 1209 sua
1284 1161 1380 1209 eausa
1393 1140 1541 1209 defitiens

364 1262 401 1323 et
421 1258 456 1322 iu
479 1258 547 1323 suis
570 1256 727 1323 eonsiliis⁰
756 1254 918 1341 diffidens,
948 1256 1052 1342 querit
1081 1258 1142 1325 sibi
1170 1258 1308 1325 amioum
1335 1256 1478 1343 fidelem,
1506 1258 1541 1324 in

363 1372 457 1439 euius
481 1372 621 1439 oonsiliis
644 1371 790 1457 confidat,
814 1372 886 1457 quid
909 1372 943 1438 in
966 1374 1032 1439 sois
1055 1372 1209 1456 diffidet·;
1233 1378 1266 1441 ot
1281 1374 1377 1442 talem
1392 1373 1541 1441 fiduciam

363 1488 484 1555 babeat
510 1489 544 1554 in
572 1486 642 1573 illo,
673 1492 710 1555 ut
738 1486 879 1555 omnem'
906 1494 1061 1555 secretum
1090 1490 1140 1555 sui
1169 1490 1326 1577 peetoris⁸
1350 1490 1486 1576 pandet*
1509 1496 1541 1557 et

364 1606 500 1692 aperiat.
547 1603 590 1670 Et
616 1608 653 1670 nt
680 1604 811 1688 dieitur,
841 1604 918 1690 quid
946 1604 1067 1671 dulcius
1092 1610 1155 1689 est,
1184 1626 1278 1691 quam
1301 1604 1417 1673 babeas
1439 1606 1540 1691 illum,

362 1742 439 1789 eum
468 1741 530 1807 qno
560 1720 666 1787 omnia
694 1721 798 1807 possis
825 1720 912 1806 loqui
940 1726 976 1786 ut
1002 1721 1128 1786 teeum?
1215 1721 1260 1787 Et
1286 1722 1373 1806 ideo,
1403 1722 1540 1808 probis

362 1838 535 1905 dumtaxat
557 1836 702 1903 omnibus
721 1837 920 1903 miseriarum
935 1836 1187 1921 necessitatibus,
1213 1857 1294 1921 quae
1308 1836 1459 1903 laeinioso
1474 1858 1540 1905 ser·

361 1973 460 2021 mone
489 1954 742 2019 enumeravimus
750 1953 766 2037 ¹,
795 1951 887 2019 nobis
915 1954 1129 2019 necessarium
1155 1953 1232 2037 fuit,
1261 1958 1297 2019 ut
1319 1972 1539 2039 quaereremus

362 2071 505 2136 amioum
526 2066 652 2135 fidelem
675 2075 707 2135 et
729 2068 836 2153 talem
860 2068 894 2134 in
917 2088 1011 2154 quem
1029 2067 1228 2167 pontidamus
1252 2068 1365 2135 melius
1388 2088 1483 2154 quam
1505 2068 1539 2136 in

361 2190 492 2253 nosmet
518 2183 641 2272 ipsos&
671 2186 725 2271 qui
755 2184 877 2251 dolores
900 2190 1025 2252 nostros
1049 2190 1081 2251 et
1103 2184 1249 2251 miserias
1277 2189 1311 2251 et
1334 2190 1539 2271 paupertates

362 2322 440 2369 suas
471 2300 656 2388 deputaret,
686 2306 718 2367 et
746 2301 930 2388 conpatiens
958 2298 1050 2367 nobis
1078 2300 1192 2367 luisset
1214 2305 1247 2369 et
1268 2299 1458 2368 eonsolaret¹
1480 2322 1539 2369 nos

362 2424 397 2487 et
430 2422 625 2485 sustentaret
654 2416 786 2501 eloquiis
816 2416 881 2485 suis
910 2423 942 2484 et
969 2416 1185 2483 saluberrimis
1212 2416 1409 2484 sermonibus
1436 2416 1540 2485 suble-

363 2540 465 2602 varet.
513 2532 578 2600 Diu
601 2532 823 2618 quaesivimus.
869 2531 913 2599 Et
934 2531 1132 2617 confidimus,
1155 2533 1231 2618 quia
1251 2533 1430 2599 invenimus
1450 2534 1486 2599 in
1507 2540 1541 2601 te

362 2650 456 2718 illum
480 2650 634 2733 amioum,
658 2658 776 2734 qnem¹¹²
799 2648 995 2735 cupivimus²
1018 2652 1050 2716 et
1073 2650 1253 2736 optavimus
1276 2654 1309 2715 et
1331 2650 1538 2736 speravimus.

362 2766 407 2835 Et
430 2768 458 2833 si
481 2764 574 2833 nobis
597 2764 684 2831 Deus
705 2764 859 2850 dedisset,
881 2768 918 2831 ut
939 2786 997 2853 per
1020 2766 1168 2850 angelum
1191 2784 1283 2831 suum
1299 2800 1339 2811 -—
1358 2766 1440 2832 sieut
1460 2767 1539 2833 Am-

362 2884 463 2952 baeue
472 2878 503 2910 ⁰¹
517 2880 705 2968 prophetam
728 2900 799 2947 eum
821 2880 963 2967 prandiis
986 2882 1020 2948 in
1036 2882 1141 2949 laeum
1155 2881 1281 2947 leonum
1296 2882 1338 2947 ad
1352 2881 1539 2949 Danielum'

363 3004 470 3067 vatem
504 2993 610 3064 misit'
642 3002 675 3065 et
707 2996 889 3084 Philippum
923 3018 1021 3064 onum
1052 2998 1092 3065 de
1126 3002 1248 3084 septem
1281 2996 1464 3064 diaconibus
1498 2998 1540 3064 ad

363 3108 561 3182 eunuohum'
578 3150 619 3159 -
635 3114 669 3179 in
691 3113 763 3179 illas
786 3119 888 3179 terras
911 3118 944 3180 et
966 3114 999 3180 in
1022 3113 1111 3179 illam
1130 3113 1416 3200 peregrinationem
1431 3132 1540 3200 posse-

363 3238 454 3297 mus*
477 3229 654 3317 pervenire,
677 3229 733 3295 ubi
755 3228 896 3312 babitas3
921 3236 952 3295 et
974 3230 1003 3295 si
1024 3229 1167 3296 licuisset
1187 3229 1278 3295 nobis
1300 3228 1374 3295 viva
1387 3229 1485 3297 verba
1499 3250 1539 3295 ex

363 3367 417 3414 ore
440 3353 497 3413 tuo
520 3346 639 3429 audire,
663 3366 758 3430 quam
781 3344 886 3411 duleia
906 3345 1049 3412 faucibus
1072 3347 1152 3411 meis
1174 3346 1300 3431 eloquio
1313 3351 1379 3431 tua,
1401 3346 1538 3429 domine,

364 3483 461 3551 super
483 3460 549 3528 mel
571 3466 604 3527 et
624 3462 732 3527 favum
755 3462 803 3527 ori
826 3458 960 3527 nostro⁴⁸

454 3578 519 3645 Sed
542 3578 616 3663 quia
631 3577 690 3643 boe
705 3578 821 3643 nostris
836 3578 959 3644 meritis
973 3597 1038 3643 non
1053 3577 1237 3660 meruimus,
1260 3576 1317 3643 sed
1331 3576 1425 3661 longo
1439 3578 1538 3644 iuter-

363 3696 447 3763 vallo
475 3698 580 3760 terrae
602 3694 762 3777 marisque
785 3698 817 3759 et
839 3692 1011 3759 multarum
1033 3694 1269 3780 provinciarum
1289 3692 1435 3759 terminis
1457 3692 1538 3759 divi-

365 3812 469 3879 dimus
475 3818 495 3895 ¹,
517 3814 625 3876 tamen
647 3828 706 3896 pro
728 3809 787 3875 heo
802 3807 919 3875 fiducia
934 3814 1221 3897 supramemorata
1234 3814 1345 3874 notum
1360 3808 1420 3875 tibi
1433 3808 1538 3875 faeere

364 3928 525 4009 volumus,
554 3926 654 3991 frater
678 3924 890 3992 Bonifatius:
920 3926 995 4009 quia
1022 3924 1158 3991 multum
1186 3924 1339 4011 temporis
1361 3922 1467 4009 fluxit,
1498 3944 1538 3990 ex

364 4064 424 4129 quo
449 4041 641 4109 desiderium
668 4040 852 4126 babuimus,
881 4042 963 4108 sieut
988 4040 1120 4128 plurimi
1149 4060 1190 4106 ex
1210 4040 1398 4107 necessariis
1419 4041 1537 4107 nostris

365 4166 395 4226 et
416 4158 560 4243 cognatis
582 4158 649 4224 sive
671 4156 792 4241 alienia
816 4157 992 4223 dominam‘
1006 4156 1184 4241 quondam·
1198 4156 1284 4223 orbis
1299 4155 1433 4223 Romam
1449 4162 1537 4243 pete·

436 4332 457 4365 ι
480 4317 574 4365 dedsdit
594 4320 629 4364 M.
726 4316 748 4363 b.
768 4320 895 4377 pertaesum
919 4318 995 4365 MCV.
1092 4330 1112 4362 o.
1133 4316 1236 4363 masiliis
1253 4320 1287 4362 M.
1380 4316 1403 4362 d.
1424 4334 1456 4363 os
1471 4317 1538 4376 quis?

368 4414 387 4446 e.
409 4418 466 4447 eurr.
483 4402 506 4445 ιἰι
522 4398 608 4445 diffidit
624 4400 650 4444 C.
727 4397 744 4443 i.
765 4415 822 4443 corr.
838 4401 861 4444 ivr
877 4412 943 4443 omne
961 4400 986 4445 C.
1065 4410 1086 4455 g.
1108 4398 1196 4457 paeon
1213 4400 1247 4443 Μ.
1324 4396 1347 4442 b.
1369 4414 1426 4442 corr.
1443 4400 1465 4442 iss
1481 4410 1537 4456 pm·

369 4478 450 4527 istc.
545 4478 561 4524 l.
585 4476 766 4525 enumerabimus
787 4479 836 4525 CV.
929 4476 951 4523 ιι.
975 4477 1033 4537 ipsis
1056 4478 1083 4524 V.
1176 4477 1192 4522 l.
1217 4494 1274 4521 corr.
1290 4479 1313 4522 r'a
1334 4476 1490 4522 consolaretur
1511 4479 1537 4523 c.

369 4572 395 4605 vn.
415 4574 472 4619 qnae
490 4560 540 4607 CV.
618 4572 641 4603 n.
661 4557 765 4617 cupimus
784 4558 839 4611 MV,
856 4576 912 4603 corr.
929 4560 951 4603 iu
968 4558 1095 4617 cupivimus
1112 4561 1139 4605 C.
1216 4570 1237 4602 o.
1258 4556 1373 4602 Ambaeue
1390 4560 1424 4609 M,
1441 4574 1498 4601 corr.
1514 4558 1536 4601 a'n

369 4638 479 4686 lbbaonnu
497 4642 529 4695 C,·
545 4638 647 4684 Ambseu
665 4638 692 4684 V.
755 4650 778 4697 p.
799 4637 915 4683 Danielem
928 4640 953 4684 C.
1017 4650 1039 4697 q.
1060 4650 1182 4697 possumus
1196 4636 1251 4694 MV,
1268 4652 1325 4683 corr.
1341 4639 1363 4681 la
1378 4648 1499 4695 possemus
1510 4637 1536 4681 C.

369 4732 386 4763 r.
405 4718 532 4766 dividamus
551 4718 580 4765 V.
642 4732 663 4763 s.
682 4716 939 4765 commonisset&
1001 4720 1018 4763 t.
1040 4716 1199 4775 dominamque
1217 4716 1274 4763 MV.
1336 4729 1359 4760 u.
1377 4714 1490 4774 quandam
1502 4718 1536 4760 M.

436 4826 459 4879 1.
483 4822 618 4879 Hsbacue
630 4820 793 4897 (Ἀμβακοὺμ
811 4820 961 4877 seeundum
979 4822 1134 4877 versionem
1152 4819 1328 4890 septuaginta
1339 4819 1535 4888 interpretum).

370 4912 394 4965 2.
410 4912 505 4970 Daniel
519 4913 563 4983 14,
576 4912 621 4965 33.
710 4911 735 4965 3.
755 4908 817 4966 Aet.
831 4914 918 4982 apost.
931 4910 957 4981 8,
970 4910 1013 4967 26.
1027 4912 1069 4966 27.
1160 4911 1187 4965 4.
1205 4910 1240 4965 V.
1259 4908 1304 4964 Pe.
1319 4908 1453 4979 118,103.
