4342 6034
598 775 625 821 e.
643 774 818 823 consessu
839 776 884 821 ur
906 776 1008 823 nourr
1030 776 1218 823 nrrsronsa
1242 776 1273 821 es
1458 760 1521 825 185

437 916 543 983 Sacris
566 916 728 987 liminibus
750 916 836 983 beati
858 916 1071 1001 apostolorum
1087 916 1242 1003 principis
1256 916 1343 984 Petri
1357 924 1391 984 et
1403 918 1521 985 nostris
1549 927 1602 981 748

343 1032 509 1099 obtutibus
525 1036 757 1119 praesentatae,
781 1052 911 1117 presens
926 1031 1112 1116 Burghnrt·‚
1136 1032 1270 1099 dilectus
1292 1032 1384 1099 nobis
1401 1034 1522 1119 episco-

344 1168 405 1234 pus
416 1143 434 1231 ¹,
458 1147 616 1215 fraternae
640 1148 817 1213 sanctitatis
840 1153 913 1215 tuae
935 1148 1026 1215 nobis
1050 1148 1158 1215 attulit
1180 1146 1323 1215 affatosl.
1361 1148 1422 1215 Per
1445 1170 1522 1234 quo-

1538 1000 1613 1048 limi

344 1284 417 1329 rum
442 1264 594 1349 scriptum
619 1269 760 1329 tenorem
784 1264 979 1347 agnovimus,
1003 1284 1154 1347 magnum
1176 1264 1292 1331 habere
1314 1270 1475 1331 certamen
1490 1270 1523 1331 et

344 1379 512 1445 sudoriose
540 1379 702 1447 elaborare
729 1378 961 1445 fraternitatem
989 1384 1078 1446 tuam
1107 1381 1141 1445 iu
1169 1380 1404 1465 praedicatione
1426 1401 1523 1447 euan-

344 1495 421 1579 gelii
455 1494 575 1562 Christi
607 1494 658 1561 dei
692 1494 792 1560 nostri
827 1498 859 1560 et
890 1495 1106 1561 exortatione⁰
1135 1501 1262 1562 sanotae
1291 1495 1463 1562 oathchcae
1491 1502 1524 1563 et

345 1610 542 1687 orthodoxae
575 1616 679 1677 rectae
712 1608 801 1693 fidei,
837 1630 931 1694 qnam
967 1630 986 1675 a
1018 1610 1218 1697 redemptore
1252 1616 1359 1677 nostro
1396 1612 1455 1677 deo
1491 1617 1524 1679 et

345 1727 475 1793 domino
492 1726 563 1793 lesu
579 1725 703 1793 Christo
726 1725 801 1811 per‘¹
825 1745 844 1790 a
866 1746 900 1791 se
915 1726 1095 1791 institutum
1111 1726 1238 1793 beatum
1254 1728 1432 1813 prinoipem
1447 1748 1524 1814 apo·

345 1842 519 1909 stolorum·
542 1840 671 1907 Petram
700 1847 733 1907 et
760 1860 817 1907 vas
840 1838 1019 1909 electionis¹
1042 1841 1176 1909 Paulum
1204 1862 1375 1927 omnesque
1397 1848 1524 1929 aposto-

346 1958 394 2025 los
418 1958 572 2025 traditam
595 1958 800 2043 suscepimus.
837 1955 957 2036 Quibus
973 1958 1101 2043 agnitis,
1125 1959 1185 2025 etsi
1200 1964 1391 2045 peccatores,
1414 1965 1524 2025 exten·

347 2074 390 2146 sis
414 2074 456 2141 ad
480 2073 591 2139 ethera
612 2072 727 2159 palmis
750 2074 960 2160 omnipotenti
974 2073 1042 2141 Deo
1058 2074 1219 2141 inmensas
1243 2076 1364 2157 egimus
1387 2076 1522 2158 gratiaa3

347 2194 495 2277 petentes
519 2190 586 2255 eius
607 2187 799 2257 ineffabilem
822 2188 1035 2273 divinitatem,
1065 2195 1102 2256 ut
1129 2190 1228 2257 multo
1253 2189 1389 2275 amphus
1411 2189 1524 2257 contir-

347 2312 413 2373 met
441 2310 538 2389 atque
560 2304 746 2373 conroboret
768 2324 823 2373 cor
851 2305 1059 2372 maternitatis
1087 2311 1178 2389 tuae,
1207 2311 1240 2373 et
1267 2306 1407 2393 sospem¹
1430 2312 1525 2391 atque

348 2422 516 2489 robustum
539 2440 670 2507 corpore
694 2425 813 2487 annuat
834 2440 1039 2507 permanere,
1070 2442 1170 2506 usque
1198 2442 1260 2508 quo
1283 2423 1351 2489 eius
1375 2423 1524 2489 divinitas

349 2544 379 2605 te
401 2536 609 2625 superstitem
633 2537 665 2603 in
689 2536 748 2603 hac
769 2537 922 2603 iusseram
945 2558 1014 2603 esse
1034 2538 1111 2621 vita,
1135 2538 1176 2603 ad
1190 2536 1417 2625 perficiendum
1432 2540 1526 2605 mini·

349 2655 484 2723 sterium
507 2652 566 2719 tibi
588 2653 772 2739 impositum
795 2658 827 2718 et
849 2652 889 2719 ad
911 2653 1121 2739 portanduml
1144 2653 1268 2720 lucrum
1291 2656 1469 2721 animarum
1491 2656 1526 2721 in

351 2771 432 2837 diem
450 2768 572 2835 Christi
588 2768 667 2852 lesu,
692 2773 728 2835 ut
748 2768 835 2835 illam
857 2768 1009 2835 merearis
1026 2769 1136 2835 audhe
1150 2769 1389 2837 desiderabilem
1406 2791 1526 2856 vocem,

351 2906 445 2970 qoam
478 2885 620 2953 dicturus
650 2890 698 2951 est
725 2883 879 2974 Dominus
909 2884 1112 2968 diligentibus
1142 2905 1192 2952 ee:
1224 2886 1344 2967 Vende,
1375 2889 1529 2954 benedieti

349 3006 453 3091 putris
478 3006 552 3083 md,
573 3005 729 3089 percepere
751 3024 882 3088 reponam
904 3003 992 3067 uobis
1013 3015 1166 3088 paratam
1187 3003 1227 3067 ab
1251 2998 1526 3089 minemundd.

439 3118 544 3185 Erant
569 3122 674 3185 autem
697 3117 817 3182 inserta
839 3116 872 3183 in
896 3116 1015 3183 eisdem
1038 3117 1102 3183 tuis
1125 3115 1273 3185 affatibus
1295 3118 1422 3185 diversa
1440 3120 1528 3206 capi·

353 3234 432 3319 tulo,
469 3234 509 3301 de
544 3232 657 3318 quibus
694 3231 844 3297 iudicium
881 3237 913 3298 et
941 3232 1107 3299 consilium
1136 3238 1230 3317 atque
1261 3234 1412 3301 solacium
1442 3236 1527 3302 sedis

354 3350 526 3437 apostolice
548 3348 607 3415 tihi
631 3348 725 3431 dirigi
747 3346 908 3432 flagitasti.

439 3466 585 3533 Primum
607 3464 781 3550 capitulum
805 3484 863 3550 pro
887 3463 1022 3549 synodo,
1051 3464 1085 3529 in
1113 3484 1177 3549 qua
1203 3469 1299 3531 natus
1327 3472 1360 3532 et
1387 3467 1526 3533 nutritus

355 3580 413 3665 ea‘,
441 3602 536 3668 quam
560 3586 592 3647 et
614 3581 648 3647 in
671 3585 763 3663 gente
787 3579 964 3662 Anglorum
989 3583 1021 3645 ct
1044 3578 1207 3647 Saxonum
1229 3582 1264 3647 in
1285 3580 1454 3648 Brittania*
1477 3583 1526 3647 in·

356 3697 424 3763 sula
455 3696 551 3784 primi
579 3695 793 3782 predicatores
823 3696 862 3761 ab
891 3694 1066 3781 apostolica
1094 3696 1168 3763 sede
1195 3698 1285 3763 missi
1312 3694 1526 3781 Augustinus*

356 3812 542 3881 Laurentius
565 3806 687 3877 lustus⁶
712 3816 744 3877 et
766 3810 923 3877 Honorius
931 3807 951 3894 ⁷,
979 3812 1152 3878 novissime
1181 3818 1215 3879 et
1240 3813 1305 3879 tuis
1331 3813 1527 3900 temporibus
1582 3880 1585 3886 ,

357 3924 564 4011 Theodorns⁸,
589 3926 689 3995 Greco
712 3924 845 3993 Latinus
875 3930 949 3994 anto
977 3926 1183 4014 philosophus
1211 3933 1244 3995 et
1264 3928 1399 3995 Athenis
1422 3929 1528 3995 erudi-

358 4050 418 4127 tus,
439 4044 557 4111 Romae
580 4042 744 4109 ordinatus
752 4036 774 4125 ⁹,
798 4042 896 4129 pallio
920 4042 1124 4128 sublimatus,
1149 4044 1190 4109 ad
1211 4045 1388 4130 praefatam
1409 4043 1528 4111 Britta-

428 4191 447 4223 ι.
468 4175 579 4223 ltnrehsrt
596 4178 622 4223 C.
690 4175 712 4221 h.
736 4194 793 4221 corr.
809 4179 831 4221 is
848 4175 929 4223 offatm
947 4179 972 4223 C.
1036 4190 1055 4223 o.
1076 4194 1135 4223 corr.
1150 4179 1173 4223 a'e
1190 4175 1348 4223 exhortatione
1359 4180 1386 4225 C.
1449 4178 1472 4223 d
1487 4190 1530 4237 per

359 4265 394 4299 eu
408 4258 496 4301 deletum
514 4258 536 4301 o'o
555 4258 580 4301 C.
655 4270 674 4301 e.
696 4272 739 4299 om.
757 4259 789 4301 M.
862 4255 878 4301 1.
901 4274 958 4301 corr.
974 4258 995 4301 r'n
1013 4256 1123 4315 sospitem
1141 4258 1167 4302 C.
1237 4269 1259 4312 g.
1281 4275 1338 4303 corr.
1354 4260 1376 4303 in
1392 4258 1486 4303 iusserit
1502 4260 1528 4305 C.

360 4334 384 4379 h.
405 4336 430 4381 ad
444 4334 579 4395 portandum
597 4352 654 4379 corr.
671 4337 693 4379 in
710 4332 875 4393 apportandum
894 4338 919 4381 C.
998 4335 1013 4381 i.
1034 4352 1091 4380 corr.
1108 4334 1273 4381 miletensis
1291 4340 1316 4383 C.

428 4430 451 4485 1.
469 4428 710 4497 wirziburgensis.
801 4430 826 4483 2.
852 4426 892 4483 Oi.
912 4426 975 4483 hot.
994 4432 1082 4499 apost.
1097 4429 1179 4498 9,15.
1269 4430 1295 4484 3.
1319 4428 1415 4483 blech.
1428 4430 1528 4499 25‚34.

360 4516 389 4570 4.
410 4516 448 4573 tr.
465 4534 508 4588 ep.
520 4519 557 4573 42
575 4532 659 4587 supra
675 4532 702 4587 p.
718 4518 782 4573 114:
802 4517 889 4587 „Quia
910 4516 1033 4587 synodus
1056 4522 1086 4572 et
1108 4518 1254 4587 aecclesia,
1276 4519 1304 4573 in
1327 4532 1383 4586 qua
1401 4523 1482 4573 natus
1500 4522 1529 4573 et

363 4606 473 4661 sumtus
490 4606 562 4663 r'ni“.
621 4608 647 4662 5.
673 4606 894 4675 archiepiscopus
912 4606 1127 4661 Brittanniarum
1145 4606 1381 4675 (Cautuariensis).
1439 4610 1466 4661 6.
1484 4622 1528 4677 ep.

363 4692 499 4751 Rcdeuais.
587 4696 612 4750 7.
636 4694 754 4763 archiep.
774 4694 987 4749 (lantoniensis.
1071 4698 1098 4751 8.
1123 4695 1242 4765 archiep.
1260 4694 1474 4763 Cantuariensis,
1493 4695 1529 4750 de

364 4794 418 4849 quo
433 4782 465 4837 ot
483 4784 576 4839 Bedae
594 4784 665 4839 Hist.
684 4782 750 4838 eccl.
763 4782 803 4839 IV
821 4797 846 4837 o.
861 4782 885 4851 1,
904 4781 973 4850 Opp.
986 4782 1029 4838 ed.
1043 4782 1210 4839 (iilealllt.
1282 4784 1308 4838 9.
1331 4784 1379 4839 die
1394 4785 1430 4838 26
1447 4783 1527 4838 llart.

365 4868 417 4923 668
432 4886 448 4925 a
463 4872 598 4929 Vitaliauo
615 4886 696 4943 papa
723 4871 757 4928 V.
777 4872 898 4941 Regesta
914 4872 1089 4941 perithon.
1107 4888 1135 4942 p.
1151 4872 1211 4927 165.
