4342 6034
691 748 758 819 596
1106 764 1187 815 mus
1208 762 1404 815 muneram
1424 764 1451 815 n

601 920 672 976 1140
799 908 1046 994 Muneribusque
1069 909 1168 991 daha,
1190 906 1281 974 donis
1304 912 1337 975 et
1358 908 1518 993 utrimque
1539 910 1676 997 reoeptis,

800 1025 908 1113 presul
931 1044 1028 1091 ovans
1050 1026 1161 1109 rediit,
1187 1023 1350 1109 oondiguis
1372 1023 1468 1091 rebus
1491 1025 1622 1112 adeptis.

846 1140 944 1208 Cuius
966 1142 1000 1207 in
1023 1142 1194 1209 adventum
1217 1140 1324 1227 prodit
1346 1139 1489 1209 oolleotio
1511 1140 1597 1227 oleri,

798 1263 927 1345 oeperat
948 1264 981 1325 et
1001 1257 1138 1345 populus
1161 1256 1335 1341 gaudenter
1357 1256 1397 1323 ab
1419 1257 1498 1323 urbe
1520 1258 1651 1340 moveri;

729 1392 777 1439 eoo
799 1374 890 1458 signa
911 1373 1041 1440 trahunt
1064 1372 1133 1457 alii,
1158 1372 1261 1439 olorns
1284 1387 1356 1439 oum
1378 1372 1472 1459 plebe
1495 1373 1634 1459 canebat,

798 1490 924 1578 presule
945 1510 1004 1577 pro
1026 1489 1158 1574 reduce,
1182 1488 1308 1556 Christo
1332 1490 1387 1574 qui
1409 1494 1485 1556 rota
1506 1490 1634 1557 ferebat

797 1605 910 1674 Limen
933 1611 965 1673 et
986 1604 1137 1671 eoolesiae
1159 1610 1268 1691 postor
1291 1605 1363 1692 pius
1385 1606 1602 1691 ingrediendo,

797 1717 939 1811 pulpita¹
960 1720 1157 1805 oonsoendit,
1182 1740 1262 1806 quae
1284 1720 1378 1787 iussit
1399 1742 1486 1809 papa
1502 1721 1672 1808 ·loquendo;

796 1839 849 1905 bio
871 1843 903 1904 et
926 1836 1092 1924 apostolici
1115 1836 1198 1903 clero
1220 1837 1372 1923 patefecit
1393 1855 1544 1923 amorem,

730 1973 776 2021 eoo
797 1955 883 2021 illius
907 1953 1058 2020 eoolesiae
1080 1954 1135 2038 qui
1158 1952 1227 2019 vult
1249 1972 1364 2037 augere
1387 1954 1542 2021 decorem.

798 2069 885 2137 Haeo
907 2071 962 2153 ait,
986 2075 1019 2137 et
1040 2070 1131 2152 signo
1154 2068 1256 2135 oruois
1280 2073 1420 2137 astantes
1442 2070 1619 2151 benedixit3

798 2193 831 2253 et
850 2185 957 2253 verbis
980 2185 1096 2251 hilares
1120 2185 1257 2269 dimisit,
1279 2190 1317 2252 ut
1339 2186 1447 2252 omnia
1467 2186 1560 2253 dixit.

1063 2388 1221 2469 QUINTA
1243 2388 1488 2458 DISTINGTIO.

523 2538 679 2595 114o1141
799 2532 879 2599 (lum
903 2530 1085 2597 oatbedram
1107 2536 1247 2616 regeret,
1270 2504 1344 2599 oum'
1365 2538 1475 2619 pastor
1497 2532 1579 2601 ovile
1601 2538 1714 2601 teneret

800 2649 884 2733 regis
905 2647 1120 2729 A(delhertus)
1144 2648 1288 2715 eoelestis
1311 2668 1405 2736 preoo
1429 2648 1576 2736 disertus,

731 2784 777 2830 suo
799 2752 893 2831 rebus
915 2763 1095 2847 inherebat,
1118 2762 1186 2830 hori
1210 2784 1288 2849 quas
1310 2785 1396 2853 papa
1416 2764 1561 2849 iubebat3

799 2886 832 2948 et
854 2879 937 2966 quod
960 2898 1064 2946 sermo
1087 2886 1194 2966 sonat,
1219 2880 1274 2965 qui
1295 2880 1383 2948 iussa
1405 2881 1546 2949 salubria
1570 2882 1664 2973 (louet

798 2996 882 3064 uude
904 2996 990 3063 salus
1012 2996 1101 3063 nasei
1123 2995 1204 3063 solet
1226 2998 1258 3063 et
1279 3016 1368 3095 mens
1391 2998 1520 3065 oreduls
1541 3000 1639 3086 pasti,

800 3134 881 3199 quae
902 3112 1026 3179 iuvenis
1048 3112 1142 3196 legit,
1167 3132 1224 3179 evo
1248 3114 1404 3180 maturior
1426 3114 1500 3198 egit

800 3228 938 3313 Legibus
962 3226 1096 3295 afflictos
1117 3228 1225 3315 pravis
1249 3234 1281 3296 et
1303 3248 1428 3297 oaroere
1451 3231 1578 3299 striotos

735 3365 782 3413 mo
804 3345 916 3430 solvit,
939 3350 973 3412 et
993 3345 1135 3429 algentes
1158 3343 1268 3430 vestit,
1292 3345 1377 3412 oibat
1399 3347 1584 3432 esurientes,

801 3463 920 3529 visere·
942 3462 1145 3546 languentes,
1168 3478 1312 3528 recreare
1334 3462 1465 3529 studens
1488 3464 1644 3549 sitientes,

801 3578 916 3665 hospes
940 3596 1126 3662 egenorum,
1150 3596 1260 3644 turam
1282 3578 1361 3645 bene
1384 3580 1483 3663 gessit
1504 3598 1623 3647 eorum.

802 3694 886 3773 Quos
908 3698 1015 3760 tumor
1037 3692 1176 3777 inflavit,
1199 3692 1333 3761 humiles
1356 3694 1414 3761 hos
1437 3716 1506 3763 osse
1529 3696 1661 3781 rogavit,

802 3810 941 3877 divinam
965 3830 1074 3876 vooem
1097 3829 1274 3896 penemque
1297 3810 1436 3879 timendo
1459 3812 1607 3898 femeom,

735 3943 781 3990 eoo
803 3946 918 4012 penam
940 3931 1138 4012 torquentem
1161 3945 1286 4010 vooom,
1310 3932 1469 3995 tormenta
1489 3934 1676 3996 monentem

803 4040 856 4108 Sie
877 4042 978 4109 bonus
1001 4048 1122 4125 orator,
1146 4043 1270 4128 patriae
1292 4051 1400 4130 pater,
1424 4044 1512 4113 urbis
1535 4050 1666 4129 amator,

802 4158 950 4243 quioquid
973 4158 1014 4224 ad
1036 4157 1180 4225 effoetum
1202 4161 1396 4247 perduxerat
1416 4160 1510 4245 utile,
1533 4168 1664 4247 reatum,

804 4278 837 4339 et
858 4272 937 4340 bene
961 4274 1044 4359 quod
1065 4274 1156 4360 feeit,
1181 4276 1221 4342 ad
1244 4278 1419 4363 proiectum
1442 4276 1593 4363 pateieoit

803 4388 889 4477 plebi
911 4388 1084 4475 suhieotae,
1109 4392 1244 4459 suadens
1267 4393 1349 4459 hano
1370 4393 1478 4459 vivere
1498 4398 1593 4508 rqota

737 4522 783 4570 eso
805 4504 866 4585 Qui
887 4504 982 4589 bene,
1006 4508 1160 4594 susceptis
1183 4528 1203 4574 a
1225 4508 1350 4575 Christo
1374 4509 1512 4595 quinque
1533 4510 1671 4596 talentis,

804 4626 854 4689 est
874 4626 923 4688 tot
944 4619 1115 4708 lueratus¹,
1138 4624 1309 4711 prudenter
1331 4624 1365 4691 in
1388 4624 1437 4691 his
1460 4631 1619 4712 operatus.

765 4786 787 4819 ι.
806 4772 1169 4823 eioutrisoereeometmln
1186 4775 1273 4823 mdiu.

765 4868 790 4922 1.
814 4866 967 4924 ambonem
1056 4869 1083 4924 2.
1105 4868 1201 4925 blattb.
1214 4870 1257 4945 25,
1270 4868 1315 4925 ilo.
