4342 6034
648 756 715 823 412
988 772 1176 821 namronan
1197 770 1426 820 moeusrnmn
1448 770 1480 817 ca
1905 643 1911 866 Α

551 922 620 979 1183
646 914 765 983 illustri
786 912 1000 980 Romanorum
1030 913 1216 1000 imperatori
1243 915 1278 979 et
1303 930 1430 999 semper
1456 916 1590 996 augusto
1618 911 1714 996 longo
1738 917 1810 979 tem·
1904 877 1910 944 ἶ

540 997 627 1058 εφη
646 1050 724 1119 pore
752 1027 918 1113 magnifice
945 1029 1128 1097 servivisset
1155 1035 1189 1095 et
1215 1034 1334 1095 contra,
1351 1026 1449 1094 officii
1476 1029 1526 1095 sni
1548 1026 1692 1095 debitum
1713 1047 1810 1095 excas
1904 951 1909 1126 l

647 1151 741 1213 usse
762 1146 796 1211 in
819 1145 943 1229 multis,
973 1164 1045 1212 curn
1067 1144 1282 1211 Romanorum
1304 1142 1485 1231 perfidiam,
1514 1144 1570 1229 qui
1591 1143 1809 1231 patrimonium
1907 1137 1908 1186 l

647 1262 797 1330 ecclesiae
819 1260 976 1327 hostiliter
999 1261 1198 1327 devastantes
1221 1259 1436 1327 Tusculanum
1456 1260 1602 1345 nequiter
1623 1260 1810 1345 obsidebant

647 1378 739 1445 aliter
761 1378 969 1463 comprimere
989 1395 1054 1442 non
1071 1395 1247 1463 possemus,
1270 1375 1405 1444 eundem
1420 1375 1693 1463 arehiepiscopum
1708 1376 1749 1443 ad
1762 1376 1813 1443 ob-

648 1494 791 1579 sequium
806 1492 956 1560 ecclesiae
971 1492 1221 1559 convocavimus.
1252 1490 1324 1578 Ipse
1339 1510 1423 1576 vero,
1436 1490 1539 1559 iactus
1555 1490 1706 1559 obediens
1720 1510 1815 1577 nsque
1903 1523 1908 1568 τ

647 1610 687 1677 ad
709 1614 843 1675 mortem
852 1604 870 1693 ¹,
894 1614 939 1693 ut,
963 1608 1045 1675 nont
1064 1612 1160 1674 anus
1172 1606 1360 1675 exhibuerat
1372 1606 1515 1674 membra
1528 1606 1817 1692 suainiquitatisd

645 1726 855 1811 iniquitatem,
879 1725 925 1791 ita
947 1744 981 1791 se
1004 1728 1036 1790 et
1058 1742 1133 1789 suos
1155 1722 1317 1791 exhiberet
1338 1723 1379 1789 ud
1401 1722 1601 1790 serviendum
1623 1722 1767 1790 iustitiae
1783 1724 1816 1791 in

646 1835 942 1908 sanctificationem¹
957 1840 1051 1925 vitoe,
1075 1838 1159 1905 aeris
1175 1839 1397 1926 intemperiem
1410 1839 1504 1925 parvi
1516 1838 1669 1926 pendens,
1692 1838 1736 1907 ad
1749 1858 1817 1907 suo

646 1956 835 2025 currendum
857 1955 1007 2023 mobsiae
1027 1954 1194 2022 fluctuanti
1215 1974 1287 2021 cum
1308 1954 1431 2039 ingenti
1444 1956 1603 2022 exereitus
1616 1954 1820 2025 multitudine

645 2072 838 2161 properavit
872 2070 1067 2158 Factumque
1089 2077 1154 2157 est,
1181 2070 1306 2138 volente
1326 2070 1479 2156 Domino,
1507 2072 1591 2156 qnod
1612 2071 1751 2139 Romani
1773 2073 1820 2141 bis

646 2189 687 2257 ad
709 2188 807 2255 solius
829 2188 966 2255 nominis
990 2189 1056 2255 eius
1079 2189 1234 2255 terrorem
1255 2187 1425 2271 fugierunt
1459 2186 1517 2254 lllo
1540 2192 1647 2255 autem
1667 2189 1819 2257 Tuscula·

644 2324 722 2373 num
743 2304 898 2388 ingresso,
920 2323 1028 2370 muros
1050 2303 1189 2370 deiude
1210 2303 1274 2369 ium
1296 2302 1440 2389 predicte
1458 2303 1615 2390 collapsos
1628 2324 1689 2391 pro
1702 2326 1819 2389 magna

644 2425 737 2507 parte
758 2440 816 2508 per
839 2418 924 2485 illius
946 2418 1110 2503 auxilium,
1133 2424 1301 2503 anteqmm
1318 2416 1493 2504 decederet„
1515 2418 1648 2487 fecimus
1662 2423 1817 2509 reparari

645 2535 787 2603 Tandem
809 2534 965 2601 Dominus
987 2536 1136 2601 misertus
1157 2534 1269 2621 ipsius,
1296 2540 1333 2601 ut
1354 2516 1522 2603 salubriter
1542 2534 1693 2623 impleret
1711 2538 1751 2605 in
1772 2558 1818 2623 eo,

646 2652 730 2739 quod
751 2651 882 2736 legitur:
905 2651 968 2717 Ubi
988 2664 1017 2717 te
1038 2655 1196 2733 insevere,
1220 2652 1268 2717 tbi
1287 2664 1317 2717 te
1337 2653 1496 2734 iudicabo,
1519 2650 1617 2719 febris
1639 2672 1714 2719 eum
1736 2654 1818 2738 egri·

644 2768 753 2835 tudine
780 2766 966 2852 flagellavit,
995 2767 1086 2833 iuxta
1114 2767 1198 2853 quod
1219 2766 1375 2853 scripturn
1396 2772 1463 2835 est:
1494 2768 1594 2851 Quem
1614 2770 1726 2857 ddsgic
1746 2772 1816 2839 Do-

644 2888 764 2967 minae,
796 2886 946 2971 corripit5
965 2884 1113 2971 flopcllat
1141 2896 1246 2949 cm
1273 2906 1396 2951 omnem
1408 2885 1532 2969 filiurn,
1563 2906 1655 2972 quem
1675 2882 1814 2975 recips't'.

645 3000 735 3067 Unde
761 3000 847 3083 idem
874 2999 1130 3086 archiepiscopus
1151 2998 1186 3065 in
1208 3018 1284 3066 vera
1305 2998 1501 3067 confessione
1523 3005 1556 3068 et
1575 3000 1679 3069 multa
1699 3004 1814 3070 conui-
1914 3059 1916 3064 .

643 3117 729 3183 tione
752 3116 866 3199 cordis,
889 3116 1021 3183 servicio
1045 3115 1130 3182 beati
1149 3114 1236 3182 Petri
1257 3120 1291 3181 et
1304 3114 1465 3183 &manae
1486 3114 1637 3185 ecclesiae
1657 3122 1748 3186 totus
1768 3121 1814 3187 in·

643 3232 792 3315 tendens,
827 3237 991 3319 assumpta
1024 3250 1116 3297 eruce
1150 3237 1183 3298 et
1215 3232 1384 3315 resignatis
1412 3232 1619 3317 dignitatibus
1646 3234 1811 3317 universis,

644 3354 754 3414 octavo
782 3346 941 3414 Kalendas
969 3345 1165 3432 Septembris
1198 3347 1283 3415 diem
1313 3347 1428 3415 clausit
1459 3353 1645 3415 extremm,
1736 3350 1811 3431 Quin

644 3468 751 3530 autem
779 3462 913 3529 multum
941 3466 1086 3530 tenemur
1114 3463 1154 3531 de
1180 3462 1266 3531 illius
1292 3463 1395 3530 salute
1417 3484 1486 3531 esse
1507 3464 1651 3550 solliciti,
1679 3467 1735 3551 qui
1755 3486 1810 3553 pro

644 3580 774 3647 servitio
797 3578 985 3646 universalis
1007 3578 1158 3647 ecclesiae
1180 3580 1262 3646 mori
1284 3600 1347 3646 non
1369 3581 1538 3665 recusavit,
1561 3586 1593 3649 et
1614 3602 1655 3649 ex
1670 3579 1733 3649 fine
1746 3582 1809 3649 eius

644 3714 791 3780 magnam
814 3695 972 3782 possimus
995 3694 1035 3762 de
1056 3696 1196 3763 remedio
1219 3694 1364 3763 fiduciam
1388 3695 1540 3782 obtinere,
1562 3717 1727 3765 monemus
1743 3698 1810 3763 nni·

643 3814 828 3881 versitatem
856 3814 1009 3895 vestram,
1039 3810 1204 3878 hortamur
1231 3812 1266 3878 in
1288 3810 1425 3878 Domino
1453 3817 1487 3879 et
1506 3811 1709 3881 mandamus:
1736 3833 1809 3899 qus·

643 3934 735 3995 tenus
765 3926 899 3995 eundem
927 3927 1214 4014 archiepiscopum,
1241 3926 1426 3994 memoriam
1455 3928 1523 3995 eius
1549 3930 1585 3995 in
1606 3930 1720 3999 vestris
1741 3950 1808 3996 ora·

642 4044 781 4113 tionibus
804 4044 964 4129 iacientes,
987 4044 1102 4112 vestris
1124 4044 1209 4131 apud
1230 4042 1403 4111 Dominum
1424 4044 1701 4113 intercessionibus
1723 4044 1808 4113 adin·

641 4162 733 4245 vetis,
757 4165 789 4227 et
810 4160 845 4226 in
868 4160 1012 4228 omnibus
1036 4158 1295 4227 conventualibus
1318 4160 1458 4228 ecclesiis
1480 4160 1685 4229 tricenarium
1701 4181 1755 4250 pro
1768 4180 1807 4227 eo

641 4282 674 4345 et
697 4278 948 4344 anniversarium
969 4276 1109 4358 faciatis3
1132 4281 1169 4342 nt
1190 4274 1341 4361 meoniae,
1364 4296 1445 4361 quae
1466 4276 1516 4343 illi
1531 4276 1571 4345 de
1585 4278 1719 4345 terrenis
1734 4296 1806 4344 con-

640 4394 734 4478 tagiis
762 4392 987 4477 adhaeserunt,
1018 4392 1127 4459 divina
1148 4390 1316 4459 clementia
1336 4391 1499 4477 indulgeat
1521 4398 1554 4461 et
1575 4394 1747 4479 abstergat,
1771 4397 1806 4459 et
1914 4469 1915 4472 Ἴ

641 4530 696 4577 vos
719 4508 758 4577 de
781 4530 876 4597 opere
898 4508 1025 4596 pietatis
1048 4506 1230 4576 indeficiens
1253 4508 1439 4575 mereamini
1462 4510 1633 4578 aDomino
1654 4509 1803 4599 premium

641 4626 791 4695 obtinere.
826 4624 946 4692 Datum
970 4623 1098 4708 Signiae
1119 4626 1142 4690 4
1162 4624 1244 4691 Non.
1268 4622 1474 4711 Septembris.

713 4759 738 4811 1.
762 4756 877 4826 rnurpp.
890 4756 954 4826 us.
1044 4757 1070 4811 a
1094 4756 1211 4826 seno,
1224 4756 1268 4811 19.
1356 4757 1383 4811 s.
1406 4755 1491 4813 noer.
1505 4758 1586 4827 sac.
