4342 6034
681 760 870 811 sunnonis
890 760 1119 811 mocuuumrsn
1143 760 1174 808 so
1446 742 1511 809 329

360 904 486 993 plurimi,
508 922 638 971 snorum
657 904 743 971 tacta
764 903 949 971 doooraront
969 902 1079 987 lingna
1099 903 1208 969 natira
1229 937 1270 949 -—
1293 920 1426 988 quorum
1447 902 1512 969 iarn
1530 912 1620 971 suso

358 1020 541 1087 uoluminum
576 1020 670 1087 dictis
696 1018 849 1087 fluctuans
882 1020 1098 1105 cognoscimus
1133 1018 1286 1085 mundum
1314 1054 1356 1065 —
1385 1022 1513 1085 nostras

357 1138 442 1204 otiam
465 1141 569 1203 socias
590 1136 883 1223 probatissimorum
905 1136 1044 1203 uirorum
1066 1134 1151 1202 iacta
1172 1134 1360 1217 laudabant,
1387 1132 1513 1201 Iuvonci

355 1253 493 1319 Aratoris
521 1250 686 1319 Prudentii
718 1256 974 1336 matsuorumqua
1006 1249 1194 1334 multorum,
1228 1251 1283 1337 qui
1315 1270 1373 1317 sus
1404 1249 1514 1334 lingua

355 1368 434 1435 dicta
454 1373 487 1435 at
507 1367 662 1435 miracula
680 1366 797 1435 Christi
819 1366 967 1434 dacontsr
988 1365 1157 1448 omahant3
1180 1386 1238 1433 nos
1260 1386 1346 1450 voro,
1369 1366 1513 1452 quamvis

356 1483 456 1551 oudam
478 1480 541 1551 fido
561 1484 732 1569 sadmnqua
752 1484 855 1567 gratio
869 1482 1015 1549 instructi
1033 1482 1210 1547 divinorum
1225 1482 1393 1549 vorborum
1409 1480 1513 1571 splon·

356 1598 456 1667 doram
478 1598 689 1667 clarissimum
711 1598 853 1686 profsrro
875 1598 1004 1686 propria
1022 1596 1142 1681 lingua,
1165 1597 1310 1665 dicabant
1324 1598 1512 1685 pigrascsra.

357 1716 416 1783 lloo
436 1716 511 1783 dum
534 1735 644 1783 sorum
666 1716 791 1782 canuti
809 1715 991 1801 importuna
1005 1714 1084 1779 mihi
1099 1713 1229 1779 instanti
1244 1732 1360 1797 osgaro
1374 1712 1513 1799 nsquivi,

357 1832 425 1916 laci,
448 1851 512 1898 non
534 1831 625 1916 quasi
649 1832 770 1919 papitus
793 1830 849 1897 sod
870 1830 1011 1897 fratorna
1031 1830 1184 1917 potitiono
1206 1834 1342 1897 coactus.

437 1946 559 2035 Scripsi
581 1966 727 2033 namquo,
751 1966 859 2013 sorum
880 1964 1011 2032 procum
1026 1942 1172 2011 suffultus
1187 1945 1356 2029 iuvamino,
1380 1964 1515 2029 suange-

355 2064 461 2131 liorum
483 2071 608 2150 partam
621 2064 790 2130 Francicus
811 2062 1029 2149 compositam,
1051 2061 1211 2127 interdum
1233 2060 1389 2147 spiritalia
1411 2082 1514 2129 mora·

355 2180 451 2266 haquo
472 2180 571 2247 rurba
590 2180 800 2267 parmiscons3
822 2184 869 2263 ut,
892 2178 946 2264 qui
967 2179 1002 2244 in
1022 2176 1087 2244 illis
1105 2176 1226 2244 alianae
1240 2176 1367 2261 linguas
1382 2176 1516 2245 difficul-

354 2302 446 2363 tstom
467 2296 633 2381 horrescit,
655 2296 708 2363 hic
728 2296 859 2383 propria
878 2294 988 2379 lingua
1007 2300 1177 2377 cognoscat
1190 2292 1391 2361 sanctissima
1404 2294 1514 2377 vcrba3

355 2414 471 2501 hoiqns
491 2415 595 2498 legam
617 2432 676 2479 sua
701 2412 811 2496 lingua
838 2410 1039 2494 intollsgons‚
1067 2410 1142 2475 inda
1171 2430 1205 2475 so
1233 2409 1283 2476 vsl
1304 2429 1419 2495 pamm
1441 2410 1517 2495 quid

356 2531 491 2615 doriars,
520 2535 627 2597 manto
653 2527 784 2615 propria
810 2528 1023 2614 pertimescat
1114 2524 1234 2612 Scripsi
1262 2526 1367 2611 itaquo
1394 2527 1429 2591 in
1450 2527 1516 2613 pri·

355 2648 409 2713 nis
437 2652 472 2713 at
497 2647 532 2712 in
554 2644 675 2711 ultimis
696 2643 790 2709 huius
811 2642 885 2709 libri
907 2642 1067 2729 partibus,
1095 2640 1179 2707 inter
1201 2646 1335 2726 quatuor
1358 2640 1517 2726 suangoli-

356 2770 414 2830 stas
436 2762 588 2829 inccdens
609 2760 743 2844 modius,
766 2764 802 2825 ut
824 2758 917 2825 modo
940 2757 1016 2842 quid
1037 2757 1098 2823 ists
1115 2756 1229 2841 quidus
1244 2756 1324 2823 alius
1339 2758 1516 2842 castsriqus

357 2878 533 2962 scriboront,
556 2876 733 2944 interillos
756 2874 937 2957 ordinatim,
958 2879 1056 2960 prout
1077 2872 1175 2959 potui,
1199 2872 1325 2959 ponitus
1347 2892 1429 2959 psus
1452 2872 1517 2941 dio-

356 2996 425 3061 tari.
468 2995 505 3061 ln
526 2993 630 3061 modio
653 3011 739 3073 voro,
761 3010 802 3057 na
823 2990 963 3074 graviter
984 2989 1066 3055 torto
1087 3008 1147 3075 pro
1171 2986 1384 3075 superfluitats
1406 2988 1517 3057 vorbo-

358 3131 423 3177 rum
443 3110 566 3177 famant
586 3110 741 3194 legonus,
763 3105 865 3172 multa
886 3110 919 3173 at
939 3103 1164 3192 parabolarum
1186 3102 1305 3171 Christi
1328 3109 1360 3171 st
1381 3104 1517 3171 miracu·

358 3224 453 3293 lorum
477 3227 607 3311 ciusqno
629 3224 808 3307 doctrinas,
836 3220 980 3307 quamvis
1002 3220 1068 3285 iam
1089 3220 1208 3305 fossus,
1237 3218 1277 3286 oh
1299 3220 1516 3287 nocosdtatsm

360 3348 461 3411 unm
482 3342 678 3429 praedictam
700 3338 881 3427 pratsrmisi
902 3338 1037 3417 inritus3
1066 3341 1099 3403 ot
1120 3356 1184 3401 non
1205 3336 1270 3401 iam
1291 3336 1461 3403 ordinatim
1481 3342 1519 3404 ut

359 3478 517 3547 caoparam
539 3456 706 3545 procurari
727 3454 865 3538 dictura,
887 3453 943 3520 sod
966 3452 1102 3537 qualitor
1123 3471 1213 3519 moso
1235 3470 1352 3538 parvae
1375 3472 1518 3521 occurro-

360 3580 427 3643 ront
447 3574 629 3642 momoriae.

440 3690 595 3758 Volumcn
616 3706 754 3774 namque
774 3686 861 3753 istud
881 3686 916 3751 in
938 3685 1077 3771 quinquo
1090 3682 1188 3750 libros
1203 3681 1344 3749 distinxi.
1379 3682 1518 3763 Quorum

361 3808 474 3893 primus
495 3806 695 3873 nativitatum
717 3802 836 3870 Christi
857 3805 1026 3881 momorat3
1049 3798 1144 3867 finam
1166 3798 1244 3866 lacit
1264 3798 1421 3885 baptismo
1444 3800 1518 3868 doc-

362 3923 498 4009 trinsqus
520 3920 678 3989 Iohannis.
717 3916 890 4001 Secundus,
912 3916 977 3982 iam
1000 3916 1159 3983 accersitis
1183 3914 1250 3981 sius
1272 3914 1445 4002 discipulis,
1468 3936 1518 3983 rs-

362 4037 426 4123 fart,
447 4038 603 4125 quomodo
626 4058 661 4104 so
684 4042 717 4103 ct
739 4034 925 4121 quibusdam
949 4031 1048 4117 signis
1072 4036 1105 4097 at
1127 4030 1270 4096 doctrina
1284 4050 1343 4097 sna
1356 4032 1519 4119 prasclara

362 4155 470 4221 mundo
495 4154 643 4221 innotuit
690 4152 816 4219 Tortius
843 4150 1005 4233 signorum
1033 4146 1253 4213 claritudinem
1283 4151 1315 4213 st
1342 4147 1517 4215 doctrinam

364 4269 520 4339 adludoos
543 4267 772 4355 aliquantulum
793 4272 913 4333 narrat.
948 4264 1084 4344 Quartus
1107 4263 1171 4329 iam
1187 4262 1331 4348 qualitor,
1355 4284 1430 4331 suas
1444 4284 1518 4351 pus-

365 4384 437 4452 aioni
462 4386 695 4475 propinquans,
728 4402 788 4471 pro
821 4382 912 4448 nohis
939 4386 1073 4447 mortom
1101 4383 1213 4465 sponts
1239 4378 1406 4466 pertulerit
1432 4364 1543 4446 dicits

365 4498 487 4578 Quintus
514 4502 583 4569 aius
610 4500 888 4582 commotionum,
916 4516 987 4565 cnm
1014 4494 1177 4583 discipulis
1200 4514 1290 4561 suam
1312 4500 1423 4581 postca
1445 4516 1518 4563 con·

366 4614 558 4702 lomfionsm,
586 4616 802 4685 mammonam
829 4620 862 4683 at
887 4614 972 4681 dam
999 4612 1109 4679 iudicii
1136 4615 1299 4678 memorat
1389 4610 1454 4679 Hos
1483 4618 1519 4679 ut

367 4730 425 4799 dixi
444 4736 477 4801 in
499 4735 654 4821 quinquo,
677 4732 822 4819 quamuis
844 4729 1079 4815 euangeliorum
1100 4726 1174 4794 libri
1195 4730 1328 4812 quatuor
1350 4727 1424 4813 sint,
1447 4728 1517 4796 idco

368 4844 496 4936 dimi,
518 4851 595 4939 q1¹i⁸
616 4868 724 4918 corum
748 4848 904 4936 quadrata
917 4844 1092 4933 aequalitas
1107 4847 1217 4909 sancta
1230 4846 1410 4911 nostrorum
1426 4843 1518 4931 quin·
