4342 6034
784 773 864 820 mus
886 773 1081 820 manamaur
1102 773 1129 820 11
1476 758 1541 824 587

529 914 585 982 Set
605 921 712 1001 preter
734 913 888 1000 reliquos,
912 933 991 998 quos
1015 930 1121 980 seeum
1145 915 1253 999 duxit,
1276 917 1395 983 amieos

416 1051 461 1098 eru
483 1031 635 1118 prodigus
656 1031 711 1096 ille
734 1031 825 1096 dator
847 1049 905 1098 neo
926 1029 1017 1098 fietus
1040 1029 1144 1097 laudis
1166 1037 1290 1098 amator

482 1147 573 1214 duxit
595 1147 781 1231 honoratos,
805 1147 946 1232 equitum
969 1145 1008 1212 de
1031 1148 1184 1231 sunguine
1205 1155 1308 1232 natos,

482 1263 710 1346 Frauoigenas‚
733 1268 861 1329 tenerae
882 1262 976 1348 pubis
1000 1263 1053 1347 qui
1075 1261 1154 1331 flore
1174 1263 1264 1330 fuero

481 1381 577 1464 inque
599 1381 681 1446 nivis
704 1366 792 1444 more
814 1377 919 1445 uultus
941 1378 1065 1444 nituere
1088 1379 1217 1461 ‹looore;

484 1515 561 1581 quos
583 1495 705 1562 meritis
728 1501 855 1581 patrum
879 1495 929 1562 vel
952 1495 991 1562 ob
1015 1503 1086 1562 aeta
1107 1495 1244 1563 eelebn'a
1266 1501 1404 1562 matrum

415 1630 462 1676 aso
483 1611 620 1678 miliciae
642 1631 731 1677 more
753 1611 933 1698 procinetus
957 1612 1053 1678 donet
1074 1611 1203 1696 bonore,

484 1727 637 1794 nobilium
660 1727 744 1794 natis
767 1727 845 1794 (lans
870 1749 959 1795 arma
981 1727 1125 1795 decentia
1146 1727 1256 1811 gratis.

484 1843 510 1909 0
535 1843 629 1909 deous
651 1843 858 1910 immensuml
893 1843 1017 1911 Dextra
1039 1844 1117 1910 (lens
1140 1843 1238 1910 divite
1260 1861 1399 1926 oensum,

485 1978 585 2042 gazas
606 1959 769 2046 expendis,
792 1959 896 2026 inhias
919 1979 978 2027 neo
1001 1959 1097 2028 rebus
1119 1957 1281 2026 habendis.

484 2073 616 2140 Munera
638 2076 794 2161 sparsisti,
817 2075 971 2142 tironibus
994 2096 1083 2142 arma
1105 2074 1231 2159 denso,

416 2209 462 2256 suu
484 2195 592 2278 posset
613 2197 649 2257 nt
670 2191 729 2258 hoo
751 2211 847 2278 opere
870 2191 982 2259 melius
1005 2199 1061 2258 tua
1082 2192 1169 2258 fama
1189 2191 1302 2257 nitere.

529 2307 683 2393 Tempore
707 2307 844 2393 dumque
866 2309 955 2376 bravi
977 2309 1026 2376 vir
1049 2309 1210 2390 honestus,
1234 2305 1336 2372 adhue
1356 2305 1445 2372 rudis
1461 2307 1522 2391 evi,

484 2429 629 2509 tempora
651 2423 792 2490 ducendo
815 2431 973 2511 perstaret
994 2425 1029 2490 in
1051 2423 1130 2490 urbe
1151 2422 1319 2505 manendo,

485 2543 534 2606 est
557 2559 596 2605 ex
617 2537 799 2607 fluminibus
823 2559 903 2624 quae
925 2561 1040 2606 nomen
1064 2539 1180 2626 adepta
1201 2537 1323 2605 duobus
1344 2571 1388 2586 -

484 2653 613 2722 flumine
635 2675 710 2722 nam
732 2655 851 2742 duplici
872 2657 972 2722 fertur
994 2655 1159 2739 Moguntia
1181 2649 1262 2721 dioi¹
1276 2689 1319 2701 -

416 2789 464 2836 sao
487 2771 560 2837 dum
576 2772 659 2838 toret
680 2772 741 2855 bio,
764 2771 904 2856 inquam,
927 2791 991 2838 non
1013 2771 1114 2838 mouit
1136 2770 1177 2836 ad
1199 2789 1313 2856 aspera
1333 2769 1474 2854 lingnam

486 2888 598 2972 iurgia,
621 2907 680 2954 neo
701 2887 806 2954 uerbis
828 2889 946 2954 famam
970 2888 1112 2974 eorrupit
1132 2885 1264 2953 acerbis.

488 3002 543 3070 Set
564 3004 592 3069 si
615 3003 695 3070 torte
717 3005 823 3087 grauis
847 3001 1042 3070 sermonibus
1066 3001 1154 3068 editu
1174 3002 1282 3088 prauis

487 3119 674 3186 innumero
697 3119 773 3186 oleri
796 3120 949 3188 dissensio
973 3118 1058 3205 oepit
1079 3117 1200 3202 baberi,
1294 3159 1298 3167 ·

487 3235 569 3303 bano
590 3235 690 3302 bonus
713 3243 820 3302 orator
842 3237 991 3323 paeisque
1013 3234 1167 3321 repressit
1189 3237 1325 3317 amator3

418 3371 465 3418 sss
488 3373 508 3419 a
529 3353 618 3419 violis
641 3371 739 3439 puros
762 3353 929 3420 ostendens
952 3371 1021 3418 esse
1043 3351 1167 3418 tuturos

486 3470 570 3535 eires
592 3467 751 3536 ooelorum
774 3488 831 3556 per
853 3488 992 3553 congrua
1012 3467 1121 3535 federa
1142 3487 1277 3553 morum,

488 3590 519 3651 et
542 3585 617 3669 quia
638 3583 762 3672 paeiiiei
784 3585 891 3652 diuino
913 3603 1043 3651 munere
1066 3585 1129 3651 diei

486 3701 555 3768 iure
577 3699 638 3767 Dei
660 3697 746 3766 nati*
768 3701 892 3788 possint
914 3701 982 3767 sine
1004 3701 1060 3768 lite
1082 3701 1195 3785 notati,

488 3823 519 3884 et
541 3817 616 3902 quia
637 3822 769 3884 usnmra
791 3819 834 3884 sit
856 3817 999 3884 sontibus
1022 3817 1100 3884 ultio
1124 3817 1212 3901 oure,

416 3951 464 3998 seo
486 3933 540 4017 qui
563 3937 672 4000 eontra
694 3933 787 4000 mites
810 3933 928 4000 audent
948 3935 1108 4000 insumere
1130 3934 1213 4001 lites.

487 4047 642 4116 Monstrat
665 4054 706 4132 et„
729 4049 872 4133 ingentes
896 4069 995 4136 penas
1017 4049 1185 4136 plerosque
1207 4052 1357 4116 nooentes

485 4165 568 4232 iuste
589 4183 750 4252 passuros,
774 4172 822 4233 set
843 4185 942 4250 regna
963 4165 1062 4232 bonos
1084 4165 1257 4233 habituros.

488 4279 544 4348 Set
565 4302 667 4366 neque
690 4283 865 4369 scripturas
885 4281 1000 4349 eelauit
1021 4283 1089 4349 sive
1109 4279 1238 4366 figuras,

487 4404 552 4464 tem
576 4399 804 4485 seripturarum
827 4417 921 4483 quam
943 4417 1050 4466 rerum
1071 4398 1138 4463 rim
1160 4399 1339 4485 tipiearum.

449 4609 473 4664 1.
498 4605 583 4664 Simili
608 4609 689 4664 modo
707 4607 832 4664 Serarius
850 4611 1095 4680 (Mogontiaosmm
1113 4623 1203 4664 rerum
1221 4608 1280 4664 LI
1297 4609 1388 4678 nupt
1404 4624 1432 4678 p.
1450 4607 1492 4672 14)
1509 4621 1545 4662 ex

376 4695 463 4752 mnus
480 4697 560 4766 equis
578 4697 674 4752 urbem
692 4699 861 4754 nominatam
880 4714 940 4754 esse
959 4699 1091 4754 somniat:
1112 4713 1147 4753 ex
1165 4698 1275 4752 Moeno
1292 4696 1389 4767 fluvio,
1408 4701 1437 4752 et
1454 4696 1546 4752 Gonu

377 4791 405 4840 at
423 4785 483 4841 Cia
501 4785 596 4852 (hodie
619 4787 703 4858 Zey)
722 4788 825 4843 rivulis.
915 4790 941 4843 2.
964 4785 1059 4844 Moab.
1073 4787 1143 4857 5‚9:
1163 4785 1263 4856 „Beati
1280 4785 1397 4858 panifici,
1415 4787 1544 4859 quoniam
1644 4805 1648 4812 ·

376 4872 423 4930 filii
441 4874 493 4930 Dei
510 4874 711 4932 vocabuntur“.
