4342 6034
564 779 770 827 murreum
791 780 871 827 urna
895 778 1265 830 s.norrrau110n1›.1r
1433 764 1500 831 439
1539 775 1541 780 '

337 942 368 991 se
391 920 617 1009 presbiteratus
646 921 746 1006 gradu
774 921 977 1008 proveheret,
1011 923 1091 1005 iam,
1123 927 1276 1005 regnante
1303 922 1375 991 Ine·
1397 920 1501 991 West·

336 1058 481 1105 suenum
507 1058 581 1123 rege
590 1034 608 1121 ¹,
637 1038 802 1105 subitanea
830 1038 985 1123 quaedam
1012 1038 1214 1122 incubuerat,
1252 1058 1337 1105 nora
1364 1039 1501 1125 quadam

335 1154 481 1223 seditione
512 1158 638 1239 exorta,
666 1154 854 1237 necessitas3
889 1158 922 1221 et
949 1154 1057 1220 statim
1087 1153 1238 1240 synodale
1267 1174 1287 1220 a
1311 1154 1500 1241 primatibus

335 1270 548 1337 aecclesiarum
576 1290 649 1337 cum
676 1270 806 1337 consilio
834 1270 969 1357 predicti
996 1269 1080 1354 regis
1111 1286 1275 1336 serrorum
1297 1268 1359 1336 Dei
1381 1270 1501 1337 iactum

333 1392 377 1455 est
396 1386 573 1453 concilium.
608 1386 913 1472 Moxque-omuibus
936 1386 970 1451 iu
992 1406 1091 1451 unum
1113 1385 1388 1470 accedentibus,
1415 1386 1500 1453 salu-

332 1502 464 1570 berrima
492 1503 531 1569 de
558 1502 617 1569 hac
640 1502 759 1571 recenti
782 1502 976 1569 dissensione
998 1500 1123 1568 consilii
1146 1502 1268 1586 questio
1290 1501 1374 1568 inter
1397 1521 1500 1569 sacer-

332 1618 446 1685 dctales
469 1619 693 1688 aecclesiastici
716 1618 835 1685 ordinis
858 1618 975 1702 godus
998 1618 1159 1705 sapienter
1181 1618 1331 1685 exoritur.
1365 1616 1410 1685 Et
1423 1637 1500 1705 pru·

331 1734 460 1801 dentiori
482 1735 561 1801 inito
584 1734 739 1818 consultu,
763 1733 871 1801 fideles
893 1734 927 1800 in
943 1733 1080 1801 Domino
1096 1733 1217 1817 legatos
1234 1734 1274 1800 ad
1290 1733 1501 1821 archiepisco·

329 1871 399 1937 pum
423 1850 614 1917 Cautuariae
635 1850 783 1934 civitatis,
806 1850 934 1917 nomine
955 1844 1261 1933 nerecnwddum⁶2
1283 1850 1499 1917 distinandcs·

329 1966 533 2053 deputarunt3
555 1986 595 2033 ue
617 1986 726 2033 eorum
748 1965 999 2052 praesumptioni
1022 1970 1077 2031 aut
1099 1964 1289 2032 temeritati‘
1305 1965 1499 2033 adscribere-

329 2083 385 2166 tur,
412 2082 438 2149 si
464 2082 541 2168 quid
563 2084 631 2149 sine
647 2082 729 2148 tenti
743 2080 902 2167 pontificis
918 2086 1047 2165 agerent
1062 2080 1204 2147 consilio.
1239 2080 1381 2167 cumque
1396 2084 1499 2149 omnis

329 2203 451 2265 anetus
481 2204 515 2265 et
541 2200 707 2265 universus
730 2198 914 2265 clericerum
938 2197 1031 2281 crdo,
1061 2202 1127 2263 tam
1149 2198 1348 2285 providenti·
1369 2203 1500 2285 peracta

328 2314 518 2399 conlatione,
548 2316 776 2399 consentirent,
801 2312 967 2381 confestim
988 2332 1046 2379 rex
1069 2317 1199 2379 euncbs
1221 2313 1342 2380 Christi
1362 2314 1498 2382 famulos

329 2430 488 2497 adlocutus
511 2436 560 2497 est
583 2436 628 2515 et,
656 2431 706 2498 cui
729 2430 821 2499 huius
843 2429 985 2517 praelate
1006 2428 1174 2512 legationis
1196 2430 1343 2496 nuntium
1365 2431 1499 2518 inpone-

327 2552 407 2631 rent,
437 2546 636 2615 sciscitaret'.
673 2547 772 2613 Turn⁸
793 2550 924 2633 repente
950 2566 1093 2612 summus
1114 2546 1149 2611 in
1171 2544 1298 2612 Christo
1321 2547 1519 2615 archimen-⁴

328 2662 406 2730 drits
434 2664 491 2751 qui
517 2663 678 2751 praedicto
700 2667 849 2749 praeerat
870 2661 1061 2728 monasterio
1083 2662 1211 2728 nomine
1227 2661 1435 2749 Wynberchl,
1467 2667 1500 2731 et

327 2775 467 2847 wintra·
484 2780 539 2864 qui
560 2778 752 2846 monasterio
776 2778 860 2867 quod
880 2777 996 2844 dicitur
1010 2773 1224 2863 Dyssesburg¹
1237 2775 1248 2807 ⁴
1262 2779 1497 2865 praecedebat,

327 2907 355 2963 et
367 2890 569 2965 Becrvrald¹‘
585 2894 640 2981 qui
662 2894 771 2960 divina
792 2892 977 2960 coenobium
1000 2892 1227 2977 gubernatione
1249 2893 1332 2978 quod
1354 2895 1499 2981 antiquo-

326 3032 391 3079 rum
414 3016 619 3099 nuncupatur
640 3010 792 3077 vocabulo
809 3008 1053 3093 Glestingaburg
1074 3008 1214 3093 regebat,
1238 3028 1297 3076 uec
1317 3030 1381 3076 non
1396 3014 1429 3077 et
1443 3010 1499 3081 alii

326 3128 413 3195 multi
435 3128 530 3195 huius
553 3127 655 3195 sancti
676 3126 833 3214 propositi
854 3129 961 3214 patres
982 3128 1128 3191 sanctum
1144 3124 1228 3193 huuc
1241 3125 1345 3191 virum
1362 3127 1498 3193 accitum

327 3244 524 3311 adduxerunt
550 3244 591 3311 ad
617 3262 736 3327 regem.
774 3240 834 3309 Oui
863 3247 895 3309 et
922 3242 1069 3309 nuntium
1091 3260 1149 3307 rex
1172 3246 1205 3307 et
1225 3240 1392 3325 legationis
1413 3243 1498 3309 noti·

326 3359 398 3425 tiam
420 3360 565 3447 inposuit
586 3364 628 3444 et,
652 3358 801 3425 adhibitis
823 3378 930 3427 secum
954 3358 1057 3442 sociis,
1081 3357 1199 3424 direxit
1220 3378 1293 3423 cum
1314 3378 1402 3445 pace.
1436 3357 1498 3437 Qui

327 3476 428 3560 edam,
451 3476 565 3542 nuntio
587 3474 649 3541 sibi
670 3476 818 3562 inposito,
840 3476 932 3541 iuxta
953 3474 1138 3541 mandatum
1161 3474 1322 3540 seniorum
1344 3494 1497 3561 prospero

325 3590 467 3659 itenere¹²
484 3590 629 3677 pervenit
650 3592 691 3657 ad
713 3590 820 3674 benc,
845 3595 877 3657 et
900 3590 1136 3676 archiepiscopo
1158 3590 1274 3655 summi
1295 3590 1496 3677 pontificatus

325 3706 422 3775 infula
444 3708 590 3795 praedito
613 3706 772 3793 sapienter
794 3712 922 3791 cuncta,
947 3705 1211 3791 quemadmodum
1233 3704 1363 3773 edoctus
1386 3711 1497 3773 erata

326 3842 405 3908 rege,
428 3844 488 3912 per
509 3824 650 3890 ordinem
665 3822 826 3889 revelarit.
860 3822 904 3889 Et
919 3822 974 3907 sio,
999 3826 1173 3909 spontanec
1190 3826 1317 3909 accepto
1331 3842 1494 3909 responso,

393 4034 415 4067 a.
439 4022 486 4067 im
506 4020 614 4077 regnante
725 4016 838 4065 suenum
853 4020 886 4074 A,
910 4018 949 4064 etr·
967 4020 1023 4065 inm
1046 4020 1156 4077 taguma
1175 4027 1198 4064 cs
1217 4017 1331 4083 Saxonum
1350 4036 1435 4065 ram
1454 4028 1495 4066 aas.

326 4098 347 4145 b.
368 4100 554 4147 Bereehrrsldum
570 4102 596 4155 F,
615 4096 796 4145 Berehtualdunr
812 4101 845 4155 A,
866 4096 1048 4144 Berethrrulduru
1063 4100 1092 4145 B.
1204 4110 1224 4143 c.
1248 4096 1397 4145 destinandos
1411 4100 1447 4155 A,
1465 4100 1495 4145 B.

327 4178 347 4225 d.
366 4178 553 4239 praesumptlcne
571 4178 611 4225 aut
624 4176 753 4225 teneritate
769 4180 799 4235 F,
819 4176 999 4237 praesumptioni
1015 4178 1054 4224 eut
1068 4176 1193 4225 meritati
1208 4180 1241 4234 A,
1260 4178 1441 4237 praesumptioni
1455 4179 1496 4225 aut

327 4260 428 4307 temerari
443 4262 473 4307 B.
550 4273 571 4305 a.
592 4257 692 4305 evidenti
707 4260 735 4305 B.
813 4258 829 4305 t.
850 4257 981 4304 sciscitatus
996 4259 1033 4303 est
1047 4260 1076 4313 A,
1092 4256 1237 4305 sciscitareut
1249 4259 1280 4305 B.
1356 4270 1379 4315 g.
1396 4256 1451 4305 dum
1464 4260 1494 4305 B.

327 4336 490 4398 hWynberht
505 4340 533 4394 A,
548 4336 665 4398 Wyuberh
680 4339 708 4384 B.
786 4337 802 4383 i.
823 4336 964 4396 Tyssesburg
979 4338 1008 4393 A,
1024 4336 1158 4396 Tyuaburch
1167 4340 1195 4385 B.
1272 4336 1295 4381 k.
1316 4354 1371 4383 corr.
1388 4340 1412 4383 ia
1427 4350 1492 4397 pne·

328 4418 413 4465 ridebat
426 4422 456 4467 A.
534 4414 550 4463 l.
570 4416 688 4464 Beronuld
704 4418 731 4463 B.
810 4430 840 4463 m.
860 4416 941 4464 itinere
957 4420 986 4473 A,
1002 4418 1030 4463 B.
1107 4430 1130 4463 u.
1150 4416 1222 4463 duent
1236 4418 1265 4473 A,
1282 4415 1342 4462 (ient
1356 4418 1385 4463 B.

395 4524 419 4577 1.
438 4521 594 4577 688-725.
670 4522 695 4575 2.
714 4520 868 4575 esa-731.
940 4520 966 4575 3.
993 4518 1118 4590 ,wintra
1134 4518 1242 4577 abbas“
1262 4523 1291 4574 et
1310 4520 1494 4588 ,Becmwald

329 4608 431 4666 abbas“
452 4612 613 4679 comparent
630 4609 658 4665 iu
675 4608 741 4664 Inue
758 4610 832 4679 regis
849 4608 944 4665 tabula
962 4608 1029 4663 dd.
1044 4609 1222 4665 seruaret
1239 4624 1283 4679 sp.
1295 4608 1413 4663 Kemble
1424 4608 1492 4665 Ocd.

329 4698 389 4769 dipl.
407 4700 470 4757 aevi
488 4698 617 4755 Saxonici
627 4698 641 4754 1
652 4698 763 4754 bl-bb
780 4701 810 4753 et
827 4714 871 4769 ap.
884 4697 994 4768 Thcrpe
1010 4698 1237 4768 Diplomatarium
1256 4698 1319 4754 aevi
1330 4696 1395 4753 Sex.
1406 4714 1435 4768 p.
1448 4699 1491 4753 13.

330 4786 353 4840 l.
375 4788 448 4857 quod
471 4792 571 4858 putant
593 4802 655 4843 esse
672 4786 793 4858 lisbury
814 4788 843 4842 in
859 4786 1028 4871 Wssussioe,
1051 4785 1236 4859 aSoleabury
1254 4785 1292 4842 ad
1312 4786 1491 4842 occidentem.

330 4874 353 4927 b.
375 4876 409 4931 de
426 4892 481 4947 quc
497 4894 525 4933 v.
544 4892 628 4947 supra
644 4891 671 4945 p.
684 4877 720 4932 48
737 4894 765 4931 u.
777 4878 804 4932 3.
