4342 6034
648 768 716 850 460
875 786 1080 833 wmnmannr
1102 786 1182 831 vrrs
1204 769 1595 833 anomianorum

558 937 629 993 742?
647 934 769 995 torum·
796 927 946 1011 triginta*
969 927 1175 994 sacerdotum·
1189 928 1355 994 conventio
1377 925 1510 995 Eutioeu
1529 926 1805 1013 Consnntinopcli·

646 1049 739 1111 tanae
762 1042 849 1111 urbis
872 1043 1019 1111 abbatom
1041 1050 1073 1111 et
1096 1044 1284 1111 Dicsccrum
1311 1042 1508 1110 defensorem
1535 1044 1620 1127 eius,
1646 1042 1806 1110 catholiam

647 1158 721 1247 fidei
744 1161 778 1225 in
793 1160 932 1226 unitate⁸
947 1158 1147 1243 rebellantes,
1168 1159 1260 1226 iuxta
1274 1157 1473 1245 praefinitam
1488 1164 1614 1246 patrum
1629 1160 1806 1225 sententiam

647 1270 956 1357 anathematizavit¹3
991 1276 1037 1341 ita
1065 1275 1209 1360 equidem
1238 1274 1323 1362 apud
1350 1274 1534 1358 Franciam,
1562 1275 1649 1341 omni
1674 1274 1807 1341 maditus

647 1392 805 1458 eradicata
831 1390 1040 1458 hereticorum
1064 1389 1198 1478 pertidia
1219 1396 1253 1457 et
1273 1391 1451 1477 exstirpata
1471 1391 1653 1475 iniquorum
1674 1392 1808 1457 coniura-

645 1508 740 1591 tione,
763 1507 842 1591 legis
864 1507 970 1574 divine
993 1506 1202 1590 augerentur‘
1225 1507 1421 1574 incrementa
1442 1511 1475 1573 et
1491 1506 1664 1597 ¹synodales
1685 1526 1808 1591 gencra-

644 1622 722 1689 lium
750 1622 954 1689 conciliorum
984 1642 1121 1689 canones
1148 1623 1389 1709 reciperentur·,
1418 1622 1642 1708 synodalisque
1664 1622 1809 1709 spiritalis

645 1738 768 1805 consilii
796 1740 1016 1825 cpiscoporum
1043 1738 1245 1822 congregatio
1273 1738 1364 1803 iuxta
1392 1737 1591 1824 praefinitam
1620 1738 1809 1805 autlienticac
1898 1779 1899 1782 =

646 1854 877 1922 constitutionis
900 1852 1121 1921 diffinitionem
1143 1854 1265 1941 pariter
1285 1853 1489 1921 conveniret'.

733 1969 820 2049 Quae
848 1970 888 2036 cb
916 1970 1104 2037 cottidianas
1132 1969 1287 2037 bellorum
1309 1970 1504 2056 suspiciones
1532 1976 1566 2038 et
1586 1964 1739 2037 infestam
1753 1972 1810 2037 cir·

645 2086 902 2153 cumvallantium
924 2085 1149 2152 barbararum⁸
1169 2086 1313 2169 gentium
1334 2084 1537 2170 seditionem,
1566 2107 1629 2171 qua
1649 2093 1809 2153 exhaneo·

644 2223 715 2269 rum
744 2202 839 2269 alieni
861 2200 1029 2267 Franciam
1057 2201 1247 2288 populorum
1275 2202 1450 2288 praedones
1477 2202 1626 2268 atrociter
1648 2202 1810 2268 demolire*
1898 2199 1899 2272 ἐ

644 2318 848 2401 conabantur,
871 2316 923 2385 vel
944 2316 1075 2387 minime
1095 2317 1183 2383 facta
1203 2322 1253 2383 est
1273 2317 1324 2384 vel
1344 2318 1441 2384 ctiam
1460 2323 1552 2385 taum
1565 2324 1635 2385 erat
1648 2317 1809 2385 oblivione¹

645 2432 772 2516 tradita,
796 2438 841 2515 ut,
865 2432 951 2499 cunni
973 2432 1099 2518 penitus
1122 2432 1305 2500 oblitterata
1325 2434 1539 2520 praesentium
1558 2434 1734 2501 seculorum
1748 2454 1811 2500 mc·
1898 2427 1899 2518 j

644 2548 755 2632 moria,
777 2548 841 2614 iam
864 2547 953 2615 nulla
974 2549 1202 2615 essctratione
1224 2549 1359 2631 cognita
1405 2548 1506 2627 Quia*
1528 2550 1665 2616 muudus
1687 2550 1810 2617 cottidie
1898 2629 1899 2632 Ἴ

642 2664 677 2730 in
710 2684 745 2730 se
772 2663 960 2730 naturaliter
987 2664 1037 2731 sui
1065 2664 1291 2731 detrimentum
1319 2664 1541 2732 diminutionis
1565 2664 1689 2750 saltim,
1718 2666 1810 2733 etism
1898 2665 1899 2692 ³

642 2782 864 2865 recuperatus,
900 2778 1035 2866 patitur3
1068 2799 1133 2846 ncn
1160 2786 1329 2846 renovatus
1358 2781 1504 2866 quidem,
1537 2800 1596 2868 per
1622 2782 1730 2848 omnia
1756 2800 1810 2847 suc
1898 2787 1899 2792 ’

644 2896 802 2962 evanescit
824 2894 989 2991 dispendio
1013 2902 1046 2965 et
1068 2896 1108 2962 ad
1132 2896 1395 2983 praedistinatum
1418 2896 1594 2964 anhelando
1615 2896 1712 2964 finem
1725 2896 1808 2964 iesti-
1898 2881 1899 2892 ¹

643 3015 708 3077 nat
743 3010 958 3099 Quapropter,
988 3012 1016 3077 si
1045 3032 1126 3096 quae
1150 3013 1185 3077 in
1207 3012 1266 3079 hac
1288 3013 1415 3078 mortali
1437 3013 1531 3079 huius
1551 3012 1809 3099 peregrinationis
1898 3083 1899 3094 χ

643 3126 711 3193 vita
737 3127 778 3194 ad
806 3146 1004 3194 communem
1031 3129 1066 3193 in
1094 3128 1153 3194 hcc
1179 3128 1297 3194 mundo
1324 3126 1553 3195 infirmantium
1575 3129 1751 3216 profectam
1772 3126 1808 3193 ab

644 3243 840 3330 spiritalibus
869 3242 1100 3311 medicinaliter
1127 3249 1202 3311 sunt
1228 3248 1381 3330 conperta
1408 3245 1604 3329 accontus,
1633 3251 1668 3312 et
1694 3242 1806 3311 iamsi

644 3359 831 3445 quandoque
852 3358 998 3425 humanis
1021 3358 1141 3425 inserta
1161 3360 1281 3427 fuerint
1301 3359 1470 3447 mentibus,
1493 3381 1610 3445 magna
1623 3367 1698 3427 sunt
1711 3359 1806 3427 muni-

643 3474 738 3541 tionis
771 3472 956 3541 fortitudine
990 3494 1010 3540 a
1037 3474 1199 3543 catholicis
1227 3475 1444 3545 conservanda
1470 3483 1503 3543 et
1530 3475 1672 3564 praefixa
1699 3474 1805 3543 mentis

642 3590 863 3657 immobilitate
884 3590 1035 3671 tenenda3
1058 3608 1099 3656 ne
1121 3590 1173 3656 rel
1195 3591 1310 3658 oblivio
1331 3591 1471 3658 humana
1492 3592 1625 3680 obrepat
1645 3593 1697 3660 rel
1717 3592 1805 3660 etiam

643 3705 821 3775 mundanae
850 3704 1067 3773 oblectationis
1090 3705 1285 3775 inlecebrosa
1307 3706 1472 3775 delectatio
1495 3708 1620 3777 diabolo
1642 3708 1805 3793 instigante

643 3822 851 3909 praepediat'.
885 3821 988 3901 Quam
1011 3820 1051 3889 ob
1074 3842 1201 3889 causam
1223 3829 1351 3889 sanctus
1374 3823 1426 3889 hic
1444 3822 1574 3891 Domini
1589 3825 1731 3908 antistes,
1751 3822 1804 3888 hac

643 3938 880 4005 sollertissimas
908 3936 1128 4005 sollicitudinis
1157 3959 1233 4005 cura
1253 3938 1444 4026 inspiratus,
1473 3938 1597 4027 plebem
1622 3962 1642 4009 a
1663 3938 1804 4029 pestifera

643 4054 777 4121 tortuosi
791 4054 946 4141 serpentis
965 4053 1168 4141 persuasione
1183 4054 1306 4141 eripere
1320 4056 1453 4140 curavit,
1474 4061 1507 4123 et
1521 4056 1801 4125 Obarlcmaauum'

714 4281 735 4314 ι
755 4284 811 4315 corr.
827 4271 851 4314 ts
866 4267 958 4314 domati
973 4268 1002 4315 A.
1077 4268 1100 4315 b.
1121 4266 1168 4315 ot.
1182 4267 1252 4315 m.
1267 4269 1294 4313 F.
1365 4280 1386 4314 c.
1405 4268 1516 4316 amatre
1531 4273 1595 4327 lu.
1657 4272 1680 4319 d.
1699 4266 1800 4329 metn-

642 4350 680 4395 tar
694 4350 722 4395 A.
795 4362 815 4395 c.
837 4346 1004 4407 recipiebantur
1019 4350 1048 4395 A.
1119 4345 1136 4393 t.
1156 4346 1306 4395 conveniebat
1319 4351 1349 4395 A.
1418 4362 1440 4406 y.
1459 4348 1579 4397 urbm
1595 4353 1621 4397 F.
1690 4350 1714 4397 h
1732 4349 1800 4395 aeno

641 4427 679 4475 liii
694 4431 722 4475 A.
818 4428 834 4475 i.
857 4428 933 4474 tantae
954 4428 1003 4473 srst
1023 4426 1132 4473 obhvioai
1146 4429 1175 4473 A.
1271 4426 1295 4473 k
1319 4427 1360 4487 qui
1373 4430 1401 4485 F,
1421 4429 1476 4489 quis
1491 4433 1519 4477 A.
1611 4429 1627 4475 l.
1647 4429 1766 4491 prsepsdst
1777 4427 1800 4472 l*-

642 4521 672 4557 m.
692 4506 864 4557 dorlomsnnum
880 4510 908 4555 A.

714 4612 738 4667 1.
762 4610 860 4667 Isidori
877 4611 923 4665 Et.
941 4610 959 4664 l.
971 4610 1003 4664 l.:
1024 4608 1149 4679 ,Quarta
1165 4610 1290 4682 synodus
1307 4611 1537 4672 Chalcedonensis
1556 4618 1744 4669 sexcentorum
1757 4606 1797 4665 tri·

642 4700 720 4770 ginta
736 4698 909 4755 sacerdotum
920 4698 990 4753 -in
1008 4712 1063 4768 qua
1073 4698 1219 4770 Eutychen
1230 4698 1561 4773 constantinopolitanum
1579 4700 1715 4772 abbatem
1731 4694 1797 4755 verbi

641 4788 695 4845 Dei
718 4792 747 4843 et
769 4788 859 4844 earnis
879 4802 962 4841 unam
979 4791 1106 4844 mmmm
1122 4788 1361 4860 pronunciantem,
1384 4794 1414 4845 et
1430 4790 1490 4847 eius
1507 4788 1681 4848 defensorem
1696 4790 1794 4847 Diem

641 4893 702 4933 rum
720 4906 753 4917 -
772 4892 828 4932 uus
844 4880 953 4946 patrum
971 4878 1109 4933 sanantis
1124 4876 1363 4948 praedamnarat
