4342 6034
693 740 883 789 muscosus
905 741 952 789 on
975 741 1002 789 s.
1019 741 1151 790 snvnao
1439 724 1506 792 509

348 882 462 949 Christo
488 882 641 969 propitio,
671 880 768 949 elias¹
790 880 967 969 disputabo.
1002 881 1144 970 Cumque
1171 884 1251 951 nihil
1279 884 1353 951 inde
1381 885 1460 951 certi
1488 904 1507 951 a

347 1017 492 1083 quoquam
516 998 679 1084 percipere
701 999 891 1085 potuissem,
914 1018 978 1065 non
1000 999 1174 1084 modicum,
1196 1001 1314 1083 luteor,
1338 1001 1505 1066 contrista·

346 1119 390 1179 tus
414 1132 494 1179 sum.
530 1111 593 1179 Sed
614 1114 717 1197 Deus,
744 1114 934 1181 merentium
957 1114 1152 1199 consolator,
1181 1116 1360 1182 consolatus
1384 1120 1433 1181 est
1454 1134 1505 1182 me

344 1249 395 1313 per
419 1227 577 1312 quendam
604 1229 808 1312 monachum,
837 1229 890 1314 qui
913 1229 953 1295 de
974 1232 1166 1297 monasterio
1189 1232 1358 1297 eorundem
1382 1237 1506 1297 sancto-

344 1364 405 1409 rum
427 1344 462 1408 in
485 1344 644 1411 civitatem
669 1344 790 1412 obierat
804 1381 845 1391 —
863 1345 962 1411 distat
984 1346 1067 1411 enim
1091 1345 1150 1412 hoc
1172 1348 1398 1413 monesterium
1422 1346 1505 1413 haud

343 1459 462 1545 procul·
477 1460 517 1527 ab
538 1460 617 1528 urbe
632 1459 805 1527 Ravemna
815 1496 858 1507 -
871 1461 1024 1545 quosdam
1045 1462 1163 1528 amieos
1181 1482 1255 1529 snos
1269 1462 1419 1529 visitandi
1434 1482 1507 1545 gru-

343 1576 390 1641 tia
425 1575 524 1654 Quem
548 1596 616 1659 ego,
639 1576 679 1642 de
696 1578 823 1642 civitate
840 1576 880 1641 ad
895 1578 1121 1643 monasterium
1136 1584 1357 1661 revertentem,
1381 1578 1507 1663 conspi-

342 1691 420 1757 ciem
447 1692 595 1773 conueni3
625 1698 720 1777 atque
749 1693 832 1758 iuter
861 1697 985 1758 caetera
1012 1693 1227 1761 collocutionis
1254 1700 1382 1760 nostrae
1409 1693 1507 1761 verba

342 1806 456 1891 aliquid
477 1806 557 1873 mibi
579 1808 619 1873 de
633 1808 701 1873 vita
714 1812 906 1889 sanctornm,
931 1808 959 1873 si
974 1809 1050 1893 quid
1063 1815 1181 1892 nosset,
1205 1810 1322 1876 referre
1337 1808 1505 1895 postulavi.

341 1922 381 1989 At
400 1922 471 1990 ille:
495 1923 642 1989 &aetina
662 1923 774 2008 inquid
796 1926 848 1989 die
865 1930 938 1990 oeni
951 1928 995 1990 od
1008 1930 1232 1993 monendomum
1246 1938 1397 2005 nomm,
1422 1938 1451 1991 et
1462 1924 1510 1991 iba·

341 2063 430 2127 caper
451 2042 511 2106 deo
529 2044 567 2105 're
588 2043 655 2105 voti
675 2062 802 2127 conopeo
826 2041 979 2125 officim
1013 2042 1085 2127 Epo
1109 2046 1191 2107 enim
1214 2042 1430 2108 denomtrubo
1451 2042 1510 2107 cibi
1574 2076 1576 2081 .

341 2159 449 2237 mm,
474 2159 532 2243 qui
551 2156 626 2221 civo
646 2178 720 2221 ooee
741 2158 885 2221 indicare
899 2160 1025 2243 potnit,
1050 2160 1138 2243 quod
1153 2162 1289 2244 quoerie.
1324 2156 1404 2223 Erat
1419 2176 1508 2222 nam-

342 2290 396 2357 que
422 2271 462 2337 de
484 2270 608 2337 Galliae
628 2270 788 2357 pertibus,
816 2270 931 2338 Latino
954 2272 1077 2357 eloquio
1101 2274 1278 2359 exprimere
1301 2292 1365 2338 non
1388 2272 1508 2355 valens,

342 2388 420 2471 qnod
441 2386 537 2453 uolui.
624 2386 710 2453 Idem
733 2406 857 2471 qnoque
878 2388 997 2472 retulit,
1021 2388 1126 2455 sebio
1149 2408 1280 2457 numero
1304 2388 1343 2455 ab
1366 2388 1508 2455 hostibus

341 2508 474 2589 captum,
497 2521 561 2569 una
583 2503 710 2587 quidem
725 2504 794 2569 vice
809 2524 829 2569 a
843 2502 943 2569 Danis
958 2505 991 2569 in
1007 2502 1121 2588 Gallie,
1145 2504 1246 2571 altera
1260 2524 1334 2571 vero
1349 2504 1383 2569 in
1399 2503 1508 2570 eodem

341 2619 528 2685 monasterio
551 2618 591 2685 ab
606 2620 764 2702 Agaronis
786 2619 1052 2705 conprehensum
1076 2619 1133 2685 sed
1155 2640 1212 2706 per
1227 2620 1287 2687 Dei
1310 2620 1444 2703 gratiam
1469 2618 1509 2686 ob
1610 2613 1611 2617 ’

340 2736 477 2820 utrisque
499 2734 677 2801 liberatum.
1031 2722 1037 2734 '

426 2849 578 2935 Sequenti
598 2851 707 2935 itaquo
729 2850 781 2915 die
801 2848 889 2915 illins
911 2848 1182 2935 pollicitationem,
1205 2856 1311 2917 utrum
1329 2870 1404 2917 vera
1426 2857 1510 2917 esset

340 2985 396 3032 nec
421 2986 478 3049 ne,
507 2966 675 3052 explorare
697 2965 806 3031 volens
828 2984 960 3050 meoque
982 2964 1138 3038 desiderio
1163 2966 1344 3032 satisfecere
1366 2968 1508 3053 cupiens,

340 3082 463 3167 perrexi
496 3081 537 3147 ad
570 3081 815 3165 monesterium,
848 3100 912 3146 non
946 3100 1063 3167 paucos
1098 3080 1216 3147 habens
1247 3082 1370 3149 itineris
1399 3082 1507 3149 sotios.

341 3194 465 3264 Fratres
499 3202 604 3263 autem
639 3196 724 3263 illius
753 3196 814 3263 loci
841 3216 899 3263 nos
929 3196 1063 3280 benigne
1091 3196 1299 3283 suscipientes
1327 3196 1446 3283 usqueb
1475 3198 1508 3263 in

340 3314 550 3399 praesentiam
576 3312 700 3381 abbatis
729 3312 798 3379 sui'
821 3312 1046 3399 perduxerunt
1082 3314 1113 3379 A
1136 3333 1197 3398 quo
1224 3314 1321 3379 etiam
1343 3312 1508 3380 oemtctiue

341 3429 484 3516 suscepti,
507 3450 617 3496 omnes
638 3430 673 3495 in
695 3430 886 3497 monasterio
908 3449 973 3495 una
995 3449 1066 3495 cum
1087 3428 1143 3495 illo
1167 3428 1375 3513 consedimus,
1398 3448 1509 3495 conse-

342 3542 483 3611 dentibus
511 3564 635 3631 quoque
665 3544 846 3612 nobiseum⁰
867 3545 1045 3611 numerosis
1077 3544 1217 3613 eiusdem
1246 3544 1308 3611 loci
1334 3542 1506 3613 monachis.

342 3658 460 3729 Deinde
480 3661 663 3747 requisitus,
685 3661 770 3728 unde
791 3680 892 3729 essem
910 3660 962 3728 vel
977 3661 1017 3728 ob
1032 3661 1109 3747 quid
1124 3660 1179 3727 illo
1195 3661 1362 3744 venissem,
1386 3666 1509 3727 utrum·

343 3794 400 3859 que
419 3796 527 3844 coram
549 3778 695 3845 omnibus
718 3778 861 3864 exposui.
893 3776 982 3843 Tunc
1002 3796 1084 3842 uuus
1108 3796 1148 3843 ex
1170 3776 1347 3861 monachis,
1375 3778 1430 3862 qui
1451 3796 1509 3842 no·

342 3889 458 3959 biscum
480 3894 672 3979 residebant,
698 3895 848 3960 innuente
870 3892 932 3961 sibi
954 3892 1077 3975 abbate,
1101 3892 1183 3959 hanc
1203 3892 1283 3959 mihi
1305 3890 1419 3959 Latino
1442 3912 1509 3959 ser·

343 4026 431 4075 mone
451 4008 591 4076 reddidit
610 4009 805 4077 racionem⁶t

426 4125 576 4194 severum
589 4125 759 4211 inquiens‘,
781 4129 871 4191 mom
886 4124 936 4191 ιιι*
949 4129 1048 4191 mm
1062 4128 1143 4191 seire
1157 4126 1346 4207 desiderw,
1366 4148 1430 4191 ooo
1436 4125 1510 4211 fuit

344 4246 462 4324 mane,
485 4244 541 4308 sed
563 4243 731 4327 consecrer.
761 4240 937 4329 Deniqoel,
962 4226 1055 4328 leupo
1070 4254 1208 4327 tompore
1222 4245 1257 4307 c'n
1273 4242 1387 4307 las'oole‘
1400 4242 1509 4307 habebut

346 4362 537 4440 menum,
565 4362 665 4424 citam
688 4380 864 4446 pauperem
890 4360 925 4423 io
953 4357 1023 4423 boc'
1051 4358 1129 4423 orbe
1158 4357 1311 4423 Ravenna
1339 4358 1508 4423 uomendum

410 4512 431 4546 a.
450 4498 512 4547 band
526 4500 606 4559 procul
622 4516 666 4546 on.
681 4500 718 4545 ed.
790 4498 814 4545 b.
836 4514 879 4545 om.
894 4498 931 4545 ed.
1007 4512 1027 4545 e
1046 4510 1137 4558 quoqne
1152 4498 1271 4545 uobiscum
1287 4514 1329 4543 om.
1341 4516 1360 4543 c.
1432 4497 1455 4543 d.
1475 4498 1509 4543 itu

345 4574 449 4639 Upim
464 4580 524 4627 add.
533 4580 570 4626 ed.
632 4594 654 4626 e.
673 4582 697 4625 br
711 4581 814 4642 nur5iae
828 4580 882 4625 cod.
892 4580 978 4626 addito
991 4588 1057 4625 aaut:
1072 4577 1345 4638 momentanearum.
1361 4577 1378 4625 l.
1440 4576 1457 4624 i.
1472 4577 1508 4623 in·

346 4658 420 4714 quiens
439 4670 460 4705 ee
479 4662 505 4706 tn
524 4662 590 4707 lineis
611 4660 727 4706 subductis
747 4666 857 4704 convotur
878 4659 950 4705 deleri
967 4660 1050 4714 subsit,¹
1071 4658 1290 4717 moderamen.
1367 4670 1389 4715 g.
1411 4672 1467 4702 corr.
1485 4659 1507 4702 br

347 4733 474 4787 Moeram
489 4740 542 4786 cod.
619 4738 643 4785 b.
662 4736 706 4785 fflo
721 4752 802 4799 nempe
818 4738 854 4784 ed
931 4736 947 4785 i.
968 4738 1009 4784 nl
1025 4737 1069 4785 hae
1084 4738 1145 4784 linco
1159 4740 1237 4797 posita
1253 4746 1287 4784 nt
1302 4740 1325 4785 io
1341 4736 1393 4784 cod.

410 4836 435 4890 1.
456 4835 491 4893 V.
508 4830 588 4892 infra.
