<?xml version="1.0" encoding="UTF-8"?>
<!DOCTYPE html PUBLIC "-//W3C//DTD XHTML 1.0 Transitional//EN"
    "http://www.w3.org/TR/xhtml1/DTD/xhtml1-transitional.dtd">
<html xmlns="http://www.w3.org/1999/xhtml" xml:lang="en" lang="en">
 <head>
  <title>
</title>
<meta http-equiv="Content-Type" content="text/html;charset=utf-8" />
  <meta name='ocr-system' content='tesseract 3.04.00' />
  <meta name='ocr-capabilities' content='ocr_page ocr_carea ocr_par ocr_line ocrx_word'/>
</head>
<body>
  <div class='ocr_page' id='page_1' title='image "./monumentamogunt00lulgoog/monumentamogunt00lulgoog_0286.png"; bbox 0 0 4342 6034; ppageno 0'>
   <div class='ocr_carea' id='block_1_1' title="bbox 649 765 1618 831">
    <p class='ocr_par' dir='ltr' id='par_1_1' title="bbox 649 765 1618 831">
     <span class='ocr_line' id='line_1_1' title="bbox 649 765 1618 831; baseline -0.006 0"><span class='ocrx_word' id='word_1_1' title='bbox 649 765 714 831; x_wconf 77' lang='lat'><strong>268</strong></span> <span class='ocrx_word' id='word_1_2' title='bbox 860 782 1080 830; x_wconf 67' lang='grc'><strong>1101111111</strong></span> <span class='ocrx_word' id='word_1_3' title='bbox 1102 784 1146 829; x_wconf 82' lang='lat' dir='ltr'><strong>ur</strong></span> <span class='ocrx_word' id='word_1_4' title='bbox 1168 782 1271 829; x_wconf 82' lang='grc'><strong>111111</strong></span> <span class='ocrx_word' id='word_1_5' title='bbox 1291 781 1479 830; x_wconf 75' lang='lat' dir='ltr'><strong>amaretur</strong></span> <span class='ocrx_word' id='word_1_6' title='bbox 1503 780 1556 827; x_wconf 85' lang='lat' dir='ltr'><strong>ace.</strong></span> <span class='ocrx_word' id='word_1_7' title='bbox 1573 780 1618 826; x_wconf 86' lang='lat' dir='ltr'><strong>rao</strong></span> 
     </span>
    </p>
   </div>
   <div class='ocr_carea' id='block_1_2' title="bbox 480 922 1825 3791">
    <p class='ocr_par' dir='ltr' id='par_1_2' title="bbox 480 922 1825 3791">
     <span class='ocr_line' id='line_1_2' title="bbox 534 922 1824 1010; baseline 0.002 -23"><span class='ocrx_word' id='word_1_8' title='bbox 534 934 586 987; x_wconf 73' lang='lat'><strong>755</strong></span> <span class='ocrx_word' id='word_1_9' title='bbox 649 926 820 992; x_wconf 76' lang='lat' dir='ltr'><strong>fraternam</strong></span> <span class='ocrx_word' id='word_1_10' title='bbox 845 924 1060 1009; x_wconf 91' lang='lat' dir='ltr'><strong>dilectionem,</strong></span> <span class='ocrx_word' id='word_1_11' title='bbox 1091 944 1186 1009; x_wconf 90' lang='lat' dir='ltr'><strong>quam</strong></span> <span class='ocrx_word' id='word_1_12' title='bbox 1216 925 1298 989; x_wconf 89' lang='lat' dir='ltr'><strong>iuter</strong></span> <span class='ocrx_word' id='word_1_13' title='bbox 1320 944 1378 989; x_wconf 91' lang='lat' dir='ltr'><strong>uos</strong></span> <span class='ocrx_word' id='word_1_14' title='bbox 1401 924 1576 990; x_wconf 91' lang='lat' dir='ltr'><strong>communis</strong></span> <span class='ocrx_word' id='word_1_15' title='bbox 1599 926 1691 1010; x_wconf 87' lang='lat' dir='ltr'><strong>pater</strong></span> <span class='ocrx_word' id='word_1_16' title='bbox 1714 922 1824 989; x_wconf 87' lang='lat' dir='ltr'><strong>beatae</strong></span> 
     </span>
     <span class='ocr_line' id='line_1_3' title="bbox 480 1009 1824 1107; baseline -0.004 0"><span class='ocrx_word' id='word_1_17' title='bbox 480 1009 877 1107; x_wconf 70' lang='lat' dir='ltr'><strong>exeuntemnorecordationis</strong></span> <span class='ocrx_word' id='word_1_18' title='bbox 908 1046 940 1107; x_wconf 91' lang='lat' dir='ltr'><strong>et</strong></span> <span class='ocrx_word' id='word_1_19' title='bbox 968 1043 1096 1105; x_wconf 87' lang='lat' dir='ltr'><strong>sanctae</strong></span> <span class='ocrx_word' id='word_1_20' title='bbox 1126 1040 1297 1105; x_wconf 80' lang='lat' dir='ltr'>memoriae</span> <span class='ocrx_word' id='word_1_21' title='bbox 1319 1038 1496 1106; x_wconf 82' lang='lat' dir='ltr'><strong>Bonifatius</strong></span> <span class='ocrx_word' id='word_1_22' title='bbox 1519 1039 1639 1105; x_wconf 80' lang='lat' dir='ltr'>Christi</span> <span class='ocrx_word' id='word_1_23' title='bbox 1665 1042 1824 1103; x_wconf 89' lang='lat' dir='ltr'><strong>annuente</strong></span> 
     </span>
     <span class='ocr_line' id='line_1_4' title="bbox 651 1154 1824 1239; baseline -0.003 -16"><span class='ocrx_word' id='word_1_24' title='bbox 651 1158 782 1223; x_wconf 87' lang='lat' dir='ltr'><strong>caritate</strong></span> <span class='ocrx_word' id='word_1_25' title='bbox 801 1156 898 1222; x_wconf 92' lang='lat' dir='ltr'><strong>sacris</strong></span> <span class='ocrx_word' id='word_1_26' title='bbox 915 1154 1096 1223; x_wconf 88' lang='lat' dir='ltr'><strong>conciliavit</strong></span> <span class='ocrx_word' id='word_1_27' title='bbox 1109 1154 1225 1239; x_wconf 85' lang='lat' dir='ltr'><strong>verbis,</strong></span> <span class='ocrx_word' id='word_1_28' title='bbox 1244 1155 1336 1221; x_wconf 90' lang='lat' dir='ltr'><strong>almis</strong></span> <span class='ocrx_word' id='word_1_29' title='bbox 1351 1157 1462 1221; x_wconf 84' lang='lat' dir='ltr'><strong>uuauit</strong></span> <span class='ocrx_word' id='word_1_30' title='bbox 1476 1156 1621 1239; x_wconf 88' lang='lat' dir='ltr'><strong>oraculis,</strong></span> <span class='ocrx_word' id='word_1_31' title='bbox 1640 1174 1706 1220; x_wconf 92' lang='lat' dir='ltr'><strong>uou</strong></span> <span class='ocrx_word' id='word_1_32' title='bbox 1720 1159 1824 1220; x_wconf 68' lang='lat' dir='ltr'><strong>bans</strong></span> 
     </span>
     <span class='ocr_line' id='line_1_5' title="bbox 649 1270 1825 1348; baseline -0.002 -11"><span class='ocrx_word' id='word_1_33' title='bbox 649 1273 744 1339; x_wconf 89' lang='lat' dir='ltr'><strong>itoria</strong></span> <span class='ocrx_word' id='word_1_34' title='bbox 773 1272 828 1338; x_wconf 93' lang='lat' dir='ltr'><strong>sed</strong></span> <span class='ocrx_word' id='word_1_35' title='bbox 856 1270 921 1337; x_wconf 85' lang='lat' dir='ltr'><strong>fixa</strong></span> <span class='ocrx_word' id='word_1_36' title='bbox 941 1271 1159 1337; x_wconf 73' lang='lat' dir='ltr'><strong>recordatione</strong></span> <span class='ocrx_word' id='word_1_37' title='bbox 1180 1276 1237 1337; x_wconf 90' lang='lat' dir='ltr'><strong>tua</strong></span> <span class='ocrx_word' id='word_1_38' title='bbox 1259 1271 1428 1337; x_wconf 86' lang='lat' dir='ltr'><strong>recondas·</strong></span> <span class='ocrx_word' id='word_1_39' title='bbox 1451 1272 1485 1337; x_wconf 91' lang='lat' dir='ltr'><strong>iu</strong></span> <span class='ocrx_word' id='word_1_40' title='bbox 1505 1272 1609 1338; x_wconf 89' lang='lat' dir='ltr'><strong>corde.</strong></span> <span class='ocrx_word' id='word_1_41' title='bbox 1644 1270 1728 1348; x_wconf 80' lang='lat' dir='ltr'><strong>Quia</strong></span> <span class='ocrx_word' id='word_1_42' title='bbox 1747 1270 1825 1335; x_wconf 87' lang='lat' dir='ltr'><strong>mihi</strong></span> 
     </span>
     <span class='ocr_line' id='line_1_6' title="bbox 651 1387 1825 1473; baseline -0.003 -19"><span class='ocrx_word' id='word_1_43' title='bbox 651 1394 682 1455; x_wconf 91' lang='lat' dir='ltr'><strong>et</strong></span> <span class='ocrx_word' id='word_1_44' title='bbox 705 1388 763 1454; x_wconf 93' lang='lat' dir='ltr'><strong>tibi</strong></span> <span class='ocrx_word' id='word_1_45' title='bbox 786 1387 878 1453; x_wconf 86' lang='lat' dir='ltr'><strong>valde</strong></span> <span class='ocrx_word' id='word_1_46' title='bbox 901 1387 1102 1473; x_wconf 88' lang='lat' dir='ltr'><strong>profuturum</strong></span> <span class='ocrx_word' id='word_1_47' title='bbox 1126 1388 1213 1452; x_wconf 93' lang='lat' dir='ltr'><strong>omni</strong></span> <span class='ocrx_word' id='word_1_48' title='bbox 1241 1387 1448 1470; x_wconf 76' lang='lat' dir='ltr'><strong>ambiguitate</strong></span> <span class='ocrx_word' id='word_1_49' title='bbox 1477 1387 1656 1473; x_wconf 88' lang='lat' dir='ltr'><strong>postposita</strong></span> <span class='ocrx_word' id='word_1_50' title='bbox 1685 1387 1769 1469; x_wconf 90' lang='lat' dir='ltr'><strong>scio,</strong></span> <span class='ocrx_word' id='word_1_51' title='bbox 1798 1387 1825 1451; x_wconf 82' lang='lat' dir='ltr'><strong>ai</strong></span> 
     </span>
     <span class='ocr_line' id='line_1_7' title="bbox 649 1501 1825 1588; baseline -0.003 -18"><span class='ocrx_word' id='word_1_52' title='bbox 649 1509 716 1570; x_wconf 90' lang='lat' dir='ltr'><strong>tam</strong></span> <span class='ocrx_word' id='word_1_53' title='bbox 739 1504 857 1587; x_wconf 86' lang='lat' dir='ltr'><strong>egregii</strong></span> <span class='ocrx_word' id='word_1_54' title='bbox 878 1503 1014 1568; x_wconf 92' lang='lat' dir='ltr'><strong>doctoris</strong></span> <span class='ocrx_word' id='word_1_55' title='bbox 1030 1506 1201 1588; x_wconf 90' lang='lat' dir='ltr'><strong>praecepta</strong></span> <span class='ocrx_word' id='word_1_56' title='bbox 1215 1502 1349 1588; x_wconf 92' lang='lat' dir='ltr'><strong>implere</strong></span> <span class='ocrx_word' id='word_1_57' title='bbox 1364 1522 1524 1569; x_wconf 79' lang='lat' dir='ltr'><strong>conamur.</strong></span> <span class='ocrx_word' id='word_1_58' title='bbox 1559 1501 1702 1587; x_wconf 61' lang='lat' dir='ltr'><strong>Manet,</strong></span> <span class='ocrx_word' id='word_1_59' title='bbox 1723 1502 1825 1567; x_wconf 91' lang='lat' dir='ltr'><strong>omni-</strong></span> 
     </span>
     <span class='ocr_line' id='line_1_8' title="bbox 650 1618 1825 1703; baseline -0.001 -19"><span class='ocrx_word' id='word_1_60' title='bbox 650 1640 703 1685; x_wconf 93' lang='lat' dir='ltr'><strong>um</strong></span> <span class='ocrx_word' id='word_1_61' title='bbox 732 1619 867 1684; x_wconf 84' lang='lat' dir='ltr'><strong>fratrum</strong></span> <span class='ocrx_word' id='word_1_62' title='bbox 890 1624 1016 1684; x_wconf 92' lang='lat' dir='ltr'><strong>tuorum</strong></span> <span class='ocrx_word' id='word_1_63' title='bbox 1040 1618 1207 1683; x_wconf 89' lang='lat' dir='ltr'><strong>minimum</strong></span> <span class='ocrx_word' id='word_1_64' title='bbox 1230 1618 1265 1683; x_wconf 93' lang='lat' dir='ltr'><strong>iu</strong></span> <span class='ocrx_word' id='word_1_65' title='bbox 1287 1619 1426 1703; x_wconf 90' lang='lat' dir='ltr'><strong>meritis,</strong></span> <span class='ocrx_word' id='word_1_66' title='bbox 1455 1618 1597 1685; x_wconf 87' lang='lat' dir='ltr'><strong>fraterna</strong></span> <span class='ocrx_word' id='word_1_67' title='bbox 1618 1618 1755 1685; x_wconf 89' lang='lat' dir='ltr'><strong>caritate</strong></span> <span class='ocrx_word' id='word_1_68' title='bbox 1777 1619 1825 1683; x_wconf 93' lang='lat' dir='ltr'><strong>iu·</strong></span> 
     </span>
     <span class='ocr_line' id='line_1_9' title="bbox 650 1733 1825 1821; baseline -0.002 -20"><span class='ocrx_word' id='word_1_69' title='bbox 650 1740 788 1818; x_wconf 88' lang='lat' dir='ltr'><strong>struere,</strong></span> <span class='ocrx_word' id='word_1_70' title='bbox 819 1734 916 1799; x_wconf 88' lang='lat' dir='ltr'><strong>sacris</strong></span> <span class='ocrx_word' id='word_1_71' title='bbox 945 1734 1085 1799; x_wconf 63' lang='grc' dir='ltr'><strong>1111111111ε</strong></span> <span class='ocrx_word' id='word_1_72' title='bbox 1115 1734 1309 1819; x_wconf 80' lang='lat' dir='ltr'><strong>praeceptis,</strong></span> <span class='ocrx_word' id='word_1_73' title='bbox 1339 1733 1430 1821; x_wconf 88' lang='lat' dir='ltr'><strong>almis</strong></span> <span class='ocrx_word' id='word_1_74' title='bbox 1460 1734 1655 1800; x_wconf 91' lang='lat' dir='ltr'><strong>orationibus</strong></span> <span class='ocrx_word' id='word_1_75' title='bbox 1681 1733 1825 1816; x_wconf 72' lang='lat' dir='ltr'><strong>fulcire‘,</strong></span> 
     </span>
     <span class='ocr_line' id='line_1_10' title="bbox 650 1848 1825 1935; baseline -0.003 -18"><span class='ocrx_word' id='word_1_76' title='bbox 650 1872 667 1916; x_wconf 93' lang='lat' dir='ltr'><strong>o</strong></span> <span class='ocrx_word' id='word_1_77' title='bbox 692 1851 909 1917; x_wconf 83' lang='lat' dir='ltr'><strong>amantissime</strong></span> <span class='ocrx_word' id='word_1_78' title='bbox 932 1849 1048 1935; x_wconf 89' lang='lat' dir='ltr'><strong>presul,</strong></span> <span class='ocrx_word' id='word_1_79' title='bbox 1072 1870 1135 1914; x_wconf 93' lang='lat' dir='ltr'><strong>nou</strong></span> <span class='ocrx_word' id='word_1_80' title='bbox 1159 1850 1269 1935; x_wconf 91' lang='lat' dir='ltr'><strong>pigiat.</strong></span> <span class='ocrx_word' id='word_1_81' title='bbox 1310 1848 1400 1915; x_wconf 89' lang='lat' dir='ltr'><strong>Unde</strong></span> <span class='ocrx_word' id='word_1_82' title='bbox 1421 1850 1524 1915; x_wconf 88' lang='lat' dir='ltr'><strong>fateor</strong></span> <span class='ocrx_word' id='word_1_83' title='bbox 1546 1856 1579 1916; x_wconf 91' lang='lat' dir='ltr'><strong>et</strong></span> <span class='ocrx_word' id='word_1_84' title='bbox 1599 1849 1665 1915; x_wconf 91' lang='lat' dir='ltr'><strong>fida</strong></span> <span class='ocrx_word' id='word_1_85' title='bbox 1687 1850 1825 1935; x_wconf 91' lang='lat' dir='ltr'><strong>promis-</strong></span> 
     </span>
     <span class='ocr_line' id='line_1_11' title="bbox 649 1964 1825 2053; baseline -0.002 -20"><span class='ocrx_word' id='word_1_86' title='bbox 649 1968 753 2033; x_wconf 73' lang='lat' dir='ltr'><strong>sioue‘</strong></span> <span class='ocrx_word' id='word_1_87' title='bbox 777 1966 926 2053; x_wconf 88' lang='lat' dir='ltr'><strong>spondeo,</strong></span> <span class='ocrx_word' id='word_1_88' title='bbox 950 1965 1064 2031; x_wconf 87' lang='lat' dir='ltr'><strong>vestris</strong></span> <span class='ocrx_word' id='word_1_89' title='bbox 1088 1965 1309 2031; x_wconf 85' lang='lat' dir='ltr'><strong>sincerissimis</strong></span> <span class='ocrx_word' id='word_1_90' title='bbox 1326 1965 1517 2031; x_wconf 92' lang='lat' dir='ltr'><strong>iussionibus</strong></span> <span class='ocrx_word' id='word_1_91' title='bbox 1531 1966 1623 2031; x_wconf 78' lang='lat' dir='ltr'><strong>iuxta</strong></span> <span class='ocrx_word' id='word_1_92' title='bbox 1637 1964 1825 2049; x_wconf 80' lang='lat' dir='ltr'><strong>qualitatem</strong></span> 
     </span>
     <span class='ocr_line' id='line_1_12' title="bbox 648 2080 1825 2162; baseline -0.001 -14"><span class='ocrx_word' id='word_1_93' title='bbox 648 2084 764 2149; x_wconf 78' lang='lat' dir='ltr'><strong>virium</strong></span> <span class='ocrx_word' id='word_1_94' title='bbox 787 2082 821 2147; x_wconf 92' lang='lat' dir='ltr'><strong>iu</strong></span> <span class='ocrx_word' id='word_1_95' title='bbox 845 2081 989 2147; x_wconf 85' lang='lat' dir='ltr'><strong>omuibus</strong></span> <span class='ocrx_word' id='word_1_96' title='bbox 1011 2080 1147 2146; x_wconf 83' lang='lat' dir='ltr'><strong>libenter</strong></span> <span class='ocrx_word' id='word_1_97' title='bbox 1169 2100 1220 2145; x_wconf 93' lang='lat' dir='ltr'><strong>me</strong></span> <span class='ocrx_word' id='word_1_98' title='bbox 1244 2100 1313 2147; x_wconf 86' lang='lat' dir='ltr'><strong>esse</strong></span> <span class='ocrx_word' id='word_1_99' title='bbox 1336 2086 1534 2162; x_wconf 85' lang='lat' dir='ltr'><strong>secuturum3</strong></span> <span class='ocrx_word' id='word_1_100' title='bbox 1558 2088 1590 2147; x_wconf 91' lang='lat' dir='ltr'><strong>et</strong></span> <span class='ocrx_word' id='word_1_101' title='bbox 1610 2080 1706 2147; x_wconf 86' lang='lat' dir='ltr'><strong>firma</strong></span> <span class='ocrx_word' id='word_1_102' title='bbox 1728 2080 1825 2147; x_wconf 89' lang='lat' dir='ltr'><strong>dilec-</strong></span> 
     </span>
     <span class='ocr_line' id='line_1_13' title="bbox 648 2196 1825 2283; baseline -0.001 -19"><span class='ocrx_word' id='word_1_103' title='bbox 648 2199 735 2264; x_wconf 90' lang='lat' dir='ltr'><strong>tione</strong></span> <span class='ocrx_word' id='word_1_104' title='bbox 757 2197 852 2263; x_wconf 85' lang='lat' dir='ltr'><strong>fidem</strong></span> <span class='ocrx_word' id='word_1_105' title='bbox 878 2197 1065 2279; x_wconf 88' lang='lat' dir='ltr'><strong>amicitiam,</strong></span> <span class='ocrx_word' id='word_1_106' title='bbox 1096 2216 1190 2279; x_wconf 89' lang='lat' dir='ltr'><strong>quam</strong></span> <span class='ocrx_word' id='word_1_107' title='bbox 1214 2196 1269 2261; x_wconf 93' lang='lat' dir='ltr'><strong>diu</strong></span> <span class='ocrx_word' id='word_1_108' title='bbox 1292 2197 1423 2283; x_wconf 89' lang='lat' dir='ltr'><strong>spiritus</strong></span> <span class='ocrx_word' id='word_1_109' title='bbox 1446 2196 1503 2262; x_wconf 92' lang='lat' dir='ltr'><strong>hos</strong></span> <span class='ocrx_word' id='word_1_110' title='bbox 1526 2198 1610 2281; x_wconf 90' lang='lat' dir='ltr'><strong>regit</strong></span> <span class='ocrx_word' id='word_1_111' title='bbox 1631 2202 1720 2263; x_wconf 88' lang='lat' dir='ltr'><strong>artus</strong></span> <span class='ocrx_word' id='word_1_112' title='bbox 1744 2198 1825 2263; x_wconf 81' lang='lat' dir='ltr'><strong>vita-</strong></span> 
     </span>
     <span class='ocr_line' id='line_1_14' title="bbox 648 2312 1825 2399; baseline 0 -19"><span class='ocrx_word' id='word_1_113' title='bbox 648 2314 749 2399; x_wconf 89' lang='lat' dir='ltr'><strong>lisque</strong></span> <span class='ocrx_word' id='word_1_114' title='bbox 779 2312 872 2379; x_wconf 85' lang='lat' dir='ltr'><strong>flatus</strong></span> <span class='ocrx_word' id='word_1_115' title='bbox 902 2312 950 2377; x_wconf 93' lang='lat' dir='ltr'><strong>his</strong></span> <span class='ocrx_word' id='word_1_116' title='bbox 974 2312 1169 2377; x_wconf 86' lang='lat' dir='ltr'><strong>moribundis</strong></span> <span class='ocrx_word' id='word_1_117' title='bbox 1192 2313 1350 2379; x_wconf 86' lang='lat' dir='ltr'><strong>inhabitat</strong></span> <span class='ocrx_word' id='word_1_118' title='bbox 1371 2312 1539 2396; x_wconf 89' lang='lat' dir='ltr'><strong>membris,</strong></span> <span class='ocrx_word' id='word_1_119' title='bbox 1567 2319 1672 2379; x_wconf 83' lang='lat' dir='ltr'><strong>tecum</strong></span> <span class='ocrx_word' id='word_1_120' title='bbox 1696 2334 1825 2380; x_wconf 84' lang='lat' dir='ltr'><strong>servare</strong></span> 
     </span>
     <span class='ocr_line' id='line_1_15' title="bbox 649 2427 1825 2513; baseline 0 -18"><span class='ocrx_word' id='word_1_121' title='bbox 649 2430 763 2495; x_wconf 86' lang='lat' dir='ltr'><strong>intima</strong></span> <span class='ocrx_word' id='word_1_122' title='bbox 791 2428 924 2495; x_wconf 88' lang='lat' dir='ltr'><strong>caritate</strong></span> <span class='ocrx_word' id='word_1_123' title='bbox 947 2427 1015 2494; x_wconf 92' lang='lat' dir='ltr'><strong>Deo</strong></span> <span class='ocrx_word' id='word_1_124' title='bbox 1044 2432 1124 2493; x_wconf 89' lang='lat' dir='ltr'><strong>teste</strong></span> <span class='ocrx_word' id='word_1_125' title='bbox 1152 2427 1302 2513; x_wconf 88' lang='lat' dir='ltr'><strong>profiteor</strong></span> <span class='ocrx_word' id='word_1_126' title='bbox 1330 2434 1363 2494; x_wconf 91' lang='lat' dir='ltr'><strong>et</strong></span> <span class='ocrx_word' id='word_1_127' title='bbox 1391 2427 1467 2493; x_wconf 90' lang='lat' dir='ltr'><strong>totis</strong></span> <span class='ocrx_word' id='word_1_128' title='bbox 1495 2427 1615 2494; x_wconf 91' lang='lat' dir='ltr'><strong>viribus</strong></span> <span class='ocrx_word' id='word_1_129' title='bbox 1638 2428 1825 2495; x_wconf 86' lang='lat' dir='ltr'><strong>medullitus</strong></span> 
     </span>
     <span class='ocr_line' id='line_1_16' title="bbox 650 2542 1823 2631; baseline 0.002 -21"><span class='ocrx_word' id='word_1_130' title='bbox 650 2544 818 2610; x_wconf 84' lang='lat' dir='ltr'><strong>admodum</strong></span> <span class='ocrx_word' id='word_1_131' title='bbox 843 2548 973 2630; x_wconf 86' lang='lat' dir='ltr'><strong>exopt03</strong></span> <span class='ocrx_word' id='word_1_132' title='bbox 997 2548 1033 2609; x_wconf 93' lang='lat' dir='ltr'><strong>ut</strong></span> <span class='ocrx_word' id='word_1_133' title='bbox 1055 2542 1112 2608; x_wconf 91' lang='lat' dir='ltr'><strong>fiat</strong></span> <span class='ocrx_word' id='word_1_134' title='bbox 1129 2543 1254 2609; x_wconf 85' lang='lat' dir='ltr'><strong>Christo</strong></span> <span class='ocrx_word' id='word_1_135' title='bbox 1278 2543 1459 2627; x_wconf 79' lang='lat' dir='ltr'><strong>tribuente‘,</strong></span> <span class='ocrx_word' id='word_1_136' title='bbox 1482 2544 1566 2629; x_wconf 91' lang='lat' dir='ltr'><strong>quod</strong></span> <span class='ocrx_word' id='word_1_137' title='bbox 1587 2545 1742 2631; x_wconf 90' lang='lat' dir='ltr'><strong>scriptum</strong></span> <span class='ocrx_word' id='word_1_138' title='bbox 1759 2552 1823 2612; x_wconf 88' lang='lat' dir='ltr'><strong>est:</strong></span> 
     </span>
     <span class='ocr_line' id='line_1_17' title="bbox 649 2655 1825 2745; baseline 0.001 -18"><span class='ocrx_word' id='word_1_139' title='bbox 649 2663 754 2727; x_wconf 64' lang='lat' dir='ltr'><strong>Erant</strong></span> <span class='ocrx_word' id='word_1_140' title='bbox 776 2662 842 2725; x_wconf 69' lang='lat' dir='ltr'><strong>illae</strong></span> <span class='ocrx_word' id='word_1_141' title='bbox 866 2664 972 2725; x_wconf 78' lang='lat' dir='ltr'><strong>omnio</strong></span> <span class='ocrx_word' id='word_1_142' title='bbox 996 2664 1174 2725; x_wconf 69' lang='lat' dir='ltr'><strong>ceremonia</strong></span> <span class='ocrx_word' id='word_1_143' title='bbox 1182 2655 1199 2723; x_wconf 88' lang='lat'><strong>¹.</strong></span> <span class='ocrx_word' id='word_1_144' title='bbox 1241 2658 1303 2726; x_wconf 88' lang='lat' dir='ltr'><strong>Sed</strong></span> <span class='ocrx_word' id='word_1_145' title='bbox 1326 2660 1403 2726; x_wconf 90' lang='lat' dir='ltr'><strong>baec</strong></span> <span class='ocrx_word' id='word_1_146' title='bbox 1426 2661 1542 2743; x_wconf 87' lang='lat' dir='ltr'><strong>omnia,</strong></span> <span class='ocrx_word' id='word_1_147' title='bbox 1566 2670 1662 2745; x_wconf 80' lang='lat' dir='ltr'><strong>quae⁸</strong></span> <span class='ocrx_word' id='word_1_148' title='bbox 1684 2661 1825 2728; x_wconf 87' lang='lat' dir='ltr'><strong>breviter</strong></span> 
     </span>
     <span class='ocr_line' id='line_1_18' title="bbox 650 2774 1823 2863; baseline 0.003 -22"><span class='ocrx_word' id='word_1_149' title='bbox 650 2798 669 2841; x_wconf 94' lang='lat' dir='ltr'><strong>a</strong></span> <span class='ocrx_word' id='word_1_150' title='bbox 690 2776 781 2842; x_wconf 92' lang='lat' dir='ltr'><strong>uobis</strong></span> <span class='ocrx_word' id='word_1_151' title='bbox 806 2776 890 2841; x_wconf 85' lang='lat' dir='ltr'><strong>dicta</strong></span> <span class='ocrx_word' id='word_1_152' title='bbox 912 2780 995 2860; x_wconf 83' lang='lat' dir='ltr'><strong>suut,</strong></span> <span class='ocrx_word' id='word_1_153' title='bbox 1019 2776 1046 2841; x_wconf 92' lang='lat' dir='ltr'><strong>si</strong></span> <span class='ocrx_word' id='word_1_154' title='bbox 1062 2774 1149 2841; x_wconf 87' lang='lat' dir='ltr'><strong>Deus</strong></span> <span class='ocrx_word' id='word_1_155' title='bbox 1173 2776 1371 2862; x_wconf 90' lang='lat' dir='ltr'><strong>omnipotens</strong></span> <span class='ocrx_word' id='word_1_156' title='bbox 1389 2796 1577 2862; x_wconf 89' lang='lat' dir='ltr'><strong>prosperum</strong></span> <span class='ocrx_word' id='word_1_157' title='bbox 1592 2776 1738 2843; x_wconf 85' lang='lat' dir='ltr'><strong>concedit</strong></span> <span class='ocrx_word' id='word_1_158' title='bbox 1751 2778 1823 2863; x_wconf 89' lang='lat' dir='ltr'><strong>iter,</strong></span> 
     </span>
     <span class='ocr_line' id='line_1_19' title="bbox 648 2890 1824 2978; baseline 0.001 -20"><span class='ocrx_word' id='word_1_159' title='bbox 648 2913 706 2977; x_wconf 91' lang='lat' dir='ltr'><strong>per</strong></span> <span class='ocrx_word' id='word_1_160' title='bbox 729 2890 854 2975; x_wconf 88' lang='lat' dir='ltr'><strong>gerulos</strong></span> <span class='ocrx_word' id='word_1_161' title='bbox 882 2892 1015 2957; x_wconf 89' lang='lat' dir='ltr'><strong>istarum</strong></span> <span class='ocrx_word' id='word_1_162' title='bbox 1047 2891 1226 2958; x_wconf 80' lang='lat' dir='ltr'><strong>litterarum</strong></span> <span class='ocrx_word' id='word_1_163' title='bbox 1249 2892 1375 2978; x_wconf 90' lang='lat' dir='ltr'><strong>plenius</strong></span> <span class='ocrx_word' id='word_1_164' title='bbox 1399 2897 1431 2958; x_wconf 90' lang='lat' dir='ltr'><strong>et</strong></span> <span class='ocrx_word' id='word_1_165' title='bbox 1452 2892 1634 2959; x_wconf 81' lang='lat' dir='ltr'><strong>verbialiter</strong></span> <span class='ocrx_word' id='word_1_166' title='bbox 1656 2892 1717 2959; x_wconf 92' lang='lat' dir='ltr'><strong>tibi</strong></span> <span class='ocrx_word' id='word_1_167' title='bbox 1739 2894 1824 2960; x_wconf 91' lang='lat' dir='ltr'><strong>iudi·</strong></span> 
     </span>
     <span class='ocr_line' id='line_1_20' title="bbox 648 3006 1823 3097; baseline 0.003 -24"><span class='ocrx_word' id='word_1_168' title='bbox 648 3028 720 3074; x_wconf 89' lang='lat' dir='ltr'><strong>care</strong></span> <span class='ocrx_word' id='word_1_169' title='bbox 743 3008 860 3074; x_wconf 86' lang='lat' dir='ltr'><strong>curari.</strong></span> <span class='ocrx_word' id='word_1_170' title='bbox 951 3006 1096 3074; x_wconf 88' lang='lat' dir='ltr'><strong>Misimus</strong></span> <span class='ocrx_word' id='word_1_171' title='bbox 1119 3012 1264 3094; x_wconf 87' lang='lat' dir='ltr'><strong>preterea</strong></span> <span class='ocrx_word' id='word_1_172' title='bbox 1284 3027 1385 3094; x_wconf 86' lang='lat' dir='ltr'><strong>parra</strong></span> <span class='ocrx_word' id='word_1_173' title='bbox 1407 3007 1603 3092; x_wconf 88' lang='lat' dir='ltr'><strong>munuscula,</strong></span> <span class='ocrx_word' id='word_1_174' title='bbox 1628 3028 1710 3093; x_wconf 89' lang='lat' dir='ltr'><strong>quae</strong></span> <span class='ocrx_word' id='word_1_175' title='bbox 1732 3016 1823 3097; x_wconf 88' lang='lat' dir='ltr'><strong>opta-</strong></span> 
     </span>
     <span class='ocr_line' id='line_1_21' title="bbox 649 3123 1824 3210; baseline 0.003 -21"><span class='ocrx_word' id='word_1_176' title='bbox 649 3144 719 3189; x_wconf 91' lang='lat' dir='ltr'><strong>mus</strong></span> <span class='ocrx_word' id='word_1_177' title='bbox 742 3129 778 3189; x_wconf 91' lang='lat' dir='ltr'><strong>ut</strong></span> <span class='ocrx_word' id='word_1_178' title='bbox 801 3124 856 3189; x_wconf 72' lang='lat' dir='ltr'><strong>eah</strong></span> <span class='ocrx_word' id='word_1_179' title='bbox 880 3124 1047 3190; x_wconf 90' lang='lat' dir='ltr'><strong>dilectione</strong></span> <span class='ocrx_word' id='word_1_180' title='bbox 1070 3124 1243 3210; x_wconf 89' lang='lat' dir='ltr'><strong>accipiatis,</strong></span> <span class='ocrx_word' id='word_1_181' title='bbox 1267 3144 1330 3209; x_wconf 88' lang='lat' dir='ltr'><strong>qua</strong></span> <span class='ocrx_word' id='word_1_182' title='bbox 1345 3144 1365 3189; x_wconf 85' lang='lat' dir='ltr'><strong>a</strong></span> <span class='ocrx_word' id='word_1_183' title='bbox 1378 3124 1470 3190; x_wconf 90' lang='lat' dir='ltr'><strong>nobis</strong></span> <span class='ocrx_word' id='word_1_184' title='bbox 1484 3123 1552 3191; x_wconf 91' lang='lat' dir='ltr'><strong>Deo</strong></span> <span class='ocrx_word' id='word_1_185' title='bbox 1567 3130 1649 3191; x_wconf 87' lang='lat' dir='ltr'><strong>teste</strong></span> <span class='ocrx_word' id='word_1_186' title='bbox 1664 3125 1824 3193; x_wconf 81' lang='lat' dir='ltr'><strong>destinata</strong></span> 
     </span>
     <span class='ocr_line' id='line_1_22' title="bbox 650 3236 1823 3325; baseline 0.003 -20"><span class='ocrx_word' id='word_1_187' title='bbox 650 3245 732 3305; x_wconf 91' lang='lat' dir='ltr'><strong>suut.</strong></span> <span class='ocrx_word' id='word_1_188' title='bbox 814 3236 959 3305; x_wconf 84' lang='lat' dir='ltr'><strong>Vestram</strong></span> <span class='ocrx_word' id='word_1_189' title='bbox 984 3239 1194 3323; x_wconf 90' lang='lat' dir='ltr'><strong>dilectionem,</strong></span> <span class='ocrx_word' id='word_1_190' title='bbox 1217 3259 1276 3325; x_wconf 90' lang='lat' dir='ltr'><strong>pro</strong></span> <span class='ocrx_word' id='word_1_191' title='bbox 1298 3240 1415 3305; x_wconf 91' lang='lat' dir='ltr'><strong>uostris</strong></span> <span class='ocrx_word' id='word_1_192' title='bbox 1431 3240 1610 3307; x_wconf 86' lang='lat' dir='ltr'><strong>excessibus</strong></span> <span class='ocrx_word' id='word_1_193' title='bbox 1625 3242 1823 3309; x_wconf 89' lang='lat' dir='ltr'><strong>interceden-</strong></span> 
     </span>
     <span class='ocr_line' id='line_1_23' title="bbox 647 3354 1184 3439; baseline 0 -18"><span class='ocrx_word' id='word_1_194' title='bbox 647 3361 728 3439; x_wconf 91' lang='lat' dir='ltr'><strong>tem,</strong></span> <span class='ocrx_word' id='word_1_195' title='bbox 752 3354 895 3421; x_wconf 84' lang='lat' dir='ltr'><strong>Ohristus</strong></span> <span class='ocrx_word' id='word_1_196' title='bbox 918 3360 1006 3420; x_wconf 90' lang='lat' dir='ltr'><strong>tuere</strong></span> <span class='ocrx_word' id='word_1_197' title='bbox 1029 3354 1184 3438; x_wconf 83' lang='lat' dir='ltr'><strong>dignetur.</strong></span> 
     </span>
     <span class='ocr_line' id='line_1_24' title="bbox 737 3469 1821 3561; baseline 0.006 -26"><span class='ocrx_word' id='word_1_198' title='bbox 737 3469 868 3537; x_wconf 91' lang='lat' dir='ltr'><strong>Librum</strong></span> <span class='ocrx_word' id='word_1_199' title='bbox 892 3470 1025 3557; x_wconf 87' lang='lat' dir='ltr'><strong>pyrpyri</strong></span> <span class='ocrx_word' id='word_1_200' title='bbox 1047 3471 1142 3536; x_wconf 91' lang='lat' dir='ltr'><strong>metri</strong></span> <span class='ocrx_word' id='word_1_201' title='bbox 1163 3470 1234 3536; x_wconf 92' lang='lat' dir='ltr'><strong>ideo</strong></span> <span class='ocrx_word' id='word_1_202' title='bbox 1256 3489 1320 3536; x_wconf 91' lang='lat' dir='ltr'><strong>nou</strong></span> <span class='ocrx_word' id='word_1_203' title='bbox 1343 3470 1433 3555; x_wconf 88' lang='lat' dir='ltr'><strong>misi,</strong></span> <span class='ocrx_word' id='word_1_204' title='bbox 1462 3473 1538 3556; x_wconf 91' lang='lat' dir='ltr'><strong>quia</strong></span> <span class='ocrx_word' id='word_1_205' title='bbox 1559 3470 1733 3540; x_wconf 89' lang='lat' dir='ltr'><strong>Gutbertus</strong></span> <span class='ocrx_word' id='word_1_206' title='bbox 1755 3475 1821 3561; x_wconf 91' lang='lat' dir='ltr'><strong>epi·</strong></span> 
     </span>
     <span class='ocr_line' id='line_1_25' title="bbox 649 3581 1460 3673; baseline -0.001 -21"><span class='ocrx_word' id='word_1_207' title='bbox 649 3581 782 3673; x_wconf 78' lang='lat' dir='ltr'><strong>scopus’</strong></span> <span class='ocrx_word' id='word_1_208' title='bbox 806 3584 908 3661; x_wconf 87' lang='lat' dir='ltr'><strong>adhuc</strong></span> <span class='ocrx_word' id='word_1_209' title='bbox 930 3586 1061 3652; x_wconf 88' lang='lat' dir='ltr'><strong>reddere</strong></span> <span class='ocrx_word' id='word_1_210' title='bbox 1084 3586 1216 3651; x_wconf 90' lang='lat' dir='ltr'><strong>distulit.</strong></span> <span class='ocrx_word' id='word_1_211' title='bbox 1262 3586 1460 3653; x_wconf 83' lang='lat' dir='ltr'><strong>Emmanuel.</strong></span> 
     </span>
     <span class='ocr_line' id='line_1_26' title="bbox 647 3700 1818 3791; baseline 0.001 -23"><span class='ocrx_word' id='word_1_212' title='bbox 647 3701 832 3789; x_wconf 87' lang='lat' dir='ltr'><strong>Epistola</strong></span> <span class='ocrx_word' id='word_1_213' title='bbox 854 3700 1013 3768; x_wconf 89' lang='lat' dir='ltr'><strong>Milredi</strong></span> <span class='ocrx_word' id='word_1_214' title='bbox 1037 3702 1216 3787; x_wconf 90' lang='lat' dir='ltr'><strong>episcopi</strong></span> <span class='ocrx_word' id='word_1_215' title='bbox 1239 3701 1597 3769; x_wconf 86' lang='lat' dir='ltr'><strong>offerendaLullae</strong></span> <span class='ocrx_word' id='word_1_216' title='bbox 1619 3704 1818 3791; x_wconf 89' lang='lat' dir='ltr'><strong>episcopo.</strong></span> 
     </span>
    </p>
   </div>
   <div class='ocr_carea' id='block_1_3' title="bbox 1127 3836 1341 3845">
    <p class='ocr_par' dir='ltr' id='par_1_3' title="bbox 1127 3836 1341 3845">
     <span class='ocr_line' id='line_1_27' title="bbox 1127 3836 1341 3845; baseline 0.009 -2"><span class='ocrx_word' id='word_1_217' title='bbox 1127 3836 1341 3845; x_wconf 68' lang='lat'><strong>—..-—-—--·-</strong></span> 
     </span>
    </p>
   </div>
   <div class='ocr_carea' id='block_1_4' title="bbox 652 3914 1819 4233">
    <p class='ocr_par' dir='ltr' id='par_1_4' title="bbox 652 3914 1819 4233">
     <span class='ocr_line' id='line_1_28' title="bbox 652 3914 1817 4005; baseline 0.001 -22"><span class='ocrx_word' id='word_1_218' title='bbox 652 3914 736 3984; x_wconf 90' lang='lat'>110.</span> <span class='ocrx_word' id='word_1_219' title='bbox 759 3914 969 3981; x_wconf 82' lang='lat' dir='ltr'><strong>Cinedeordaa</strong></span> <span class='ocrx_word' id='word_1_220' title='bbox 992 3919 1155 4002; x_wconf 80' lang='lat' dir='ltr'><strong>episcopas</strong></span> <span class='ocrx_word' id='word_1_221' title='bbox 1174 3916 1383 3982; x_wconf 73' lang='lat' dir='ltr'><strong>Viatooa&#39;enaala</strong></span> <span class='ocrx_word' id='word_1_222' title='bbox 1398 3918 1495 3984; x_wconf 68' lang='lat' dir='ltr'><strong>lello</strong></span> <span class='ocrx_word' id='word_1_223' title='bbox 1518 3922 1665 4005; x_wconf 78' lang='lat' dir='ltr'><strong>episcopo</strong></span> <span class='ocrx_word' id='word_1_224' title='bbox 1685 3940 1817 4005; x_wconf 78' lang='lat' dir='ltr'><strong>respua-</strong></span> 
     </span>
     <span class='ocr_line' id='line_1_29' title="bbox 759 4034 1819 4121; baseline 0.005 -25"><span class='ocrx_word' id='word_1_225' title='bbox 759 4034 811 4097; x_wconf 85' lang='lat' dir='ltr'><strong>det</strong></span> <span class='ocrx_word' id='word_1_226' title='bbox 832 4034 871 4097; x_wconf 87' lang='lat' dir='ltr'><strong>de</strong></span> <span class='ocrx_word' id='word_1_227' title='bbox 893 4035 1008 4097; x_wconf 78' lang='lat' dir='ltr'><strong>matois</strong></span> <span class='ocrx_word' id='word_1_228' title='bbox 1027 4034 1265 4119; x_wconf 73' lang='lat' dir='ltr'><strong>precationibus</strong></span> <span class='ocrx_word' id='word_1_229' title='bbox 1288 4046 1318 4098; x_wconf 80' lang='lat' dir='ltr'><strong>et</strong></span> <span class='ocrx_word' id='word_1_230' title='bbox 1335 4034 1495 4098; x_wconf 75' lang='lat' dir='ltr'><strong>aabaa’da‘ab.</strong></span> <span class='ocrx_word' id='word_1_231' title='bbox 1532 4035 1648 4121; x_wconf 70' lang='lat' dir='ltr'><strong>Rogat,</strong></span> <span class='ocrx_word' id='word_1_232' title='bbox 1673 4049 1711 4101; x_wconf 84' lang='lat' dir='ltr'><strong>at</strong></span> <span class='ocrx_word' id='word_1_233' title='bbox 1725 4036 1819 4101; x_wconf 78' lang='lat' dir='ltr'><strong>libros</strong></span> 
     </span>
     <span class='ocr_line' id='line_1_30' title="bbox 759 4148 1818 4233; baseline 0.006 -22"><span class='ocrx_word' id='word_1_234' title='bbox 759 4148 822 4213; x_wconf 71' lang='lat' dir='ltr'><strong>aibr·</strong></span> <span class='ocrx_word' id='word_1_235' title='bbox 842 4150 953 4213; x_wconf 82' lang='lat' dir='ltr'><strong>mittat.</strong></span> <span class='ocrx_word' id='word_1_236' title='bbox 1001 4149 1139 4213; x_wconf 79' lang='lat' dir='ltr'><strong>Munera</strong></span> <span class='ocrx_word' id='word_1_237' title='bbox 1160 4148 1274 4214; x_wconf 69' lang='lat' dir='ltr'><strong>addat</strong></span> <span class='ocrx_word' id='word_1_238' title='bbox 1413 4148 1448 4229; x_wconf 90' lang='lat' dir='ltr'><strong>(S</strong></span> <span class='ocrx_word' id='word_1_239' title='bbox 1466 4150 1518 4232; x_wconf 80' lang='lat'><strong>74,</strong></span> <span class='ocrx_word' id='word_1_240' title='bbox 1542 4148 1582 4215; x_wconf 89' lang='lat' dir='ltr'>W</span> <span class='ocrx_word' id='word_1_241' title='bbox 1599 4152 1673 4233; x_wconf 78' lang='lat'><strong>115,</strong></span> <span class='ocrx_word' id='word_1_242' title='bbox 1698 4148 1818 4230; x_wconf 85' lang='lat' dir='ltr'>G104)</span> 
     </span>
    </p>
   </div>
   <div class='ocr_carea' id='block_1_5' title="bbox 478 4279 1819 4602">
    <p class='ocr_par' dir='ltr' id='par_1_5' title="bbox 478 4279 1819 4602">
     <span class='ocr_line' id='line_1_31' title="bbox 478 4279 1819 4370; baseline 0.008 -30"><span class='ocrx_word' id='word_1_243' title='bbox 478 4301 501 4340; x_wconf 88' lang='lat' dir='ltr'><strong>e.</strong></span> <span class='ocrx_word' id='word_1_244' title='bbox 516 4286 636 4341; x_wconf 77' lang='lat'>755-756</span> <span class='ocrx_word' id='word_1_245' title='bbox 735 4279 871 4346; x_wconf 91' lang='lat' dir='ltr'><strong>Domino</strong></span> <span class='ocrx_word' id='word_1_246' title='bbox 895 4280 1077 4364; x_wconf 88' lang='lat' dir='ltr'><strong>dignissime</strong></span> <span class='ocrx_word' id='word_1_247' title='bbox 1099 4281 1280 4347; x_wconf 86' lang='lat' dir='ltr'><strong>venerando</strong></span> <span class='ocrx_word' id='word_1_248' title='bbox 1303 4287 1335 4348; x_wconf 92' lang='lat' dir='ltr'><strong>et</strong></span> <span class='ocrx_word' id='word_1_249' title='bbox 1356 4282 1468 4349; x_wconf 88' lang='lat' dir='ltr'><strong>merito</strong></span> <span class='ocrx_word' id='word_1_250' title='bbox 1491 4282 1608 4366; x_wconf 80' lang='lat' dir='ltr'><strong>insigni</strong></span> <span class='ocrx_word' id='word_1_251' title='bbox 1623 4302 1661 4349; x_wconf 91' lang='lat' dir='ltr'><strong>ac</strong></span> <span class='ocrx_word' id='word_1_252' title='bbox 1674 4290 1819 4370; x_wconf 87' lang='lat' dir='ltr'><strong>prestan-</strong></span> 
     </span>
     <span class='ocr_line' id='line_1_32' title="bbox 647 4396 1818 4485; baseline 0.004 -24"><span class='ocrx_word' id='word_1_253' title='bbox 647 4396 779 4480; x_wconf 89' lang='lat' dir='ltr'><strong>tissimo,</strong></span> <span class='ocrx_word' id='word_1_254' title='bbox 803 4396 896 4480; x_wconf 86' lang='lat' dir='ltr'><strong>longe</strong></span> <span class='ocrx_word' id='word_1_255' title='bbox 919 4396 1043 4481; x_wconf 87' lang='lat' dir='ltr'><strong>lateque</strong></span> <span class='ocrx_word' id='word_1_256' title='bbox 1060 4416 1118 4483; x_wconf 94' lang='lat' dir='ltr'><strong>pro</strong></span> <span class='ocrx_word' id='word_1_257' title='bbox 1136 4396 1326 4464; x_wconf 87' lang='lat' dir='ltr'><strong>christianae</strong></span> <span class='ocrx_word' id='word_1_258' title='bbox 1342 4398 1503 4482; x_wconf 88' lang='lat' dir='ltr'><strong>religionis</strong></span> <span class='ocrx_word' id='word_1_259' title='bbox 1518 4399 1733 4485; x_wconf 85' lang='lat' dir='ltr'><strong>praedicanda</strong></span> <span class='ocrx_word' id='word_1_260' title='bbox 1747 4400 1818 4467; x_wconf 86' lang='lat' dir='ltr'><strong>doc·</strong></span> 
     </span>
     <span class='ocr_line' id='line_1_33' title="bbox 645 4510 1817 4602; baseline 0.004 -25"><span class='ocrx_word' id='word_1_261' title='bbox 645 4512 730 4577; x_wconf 87' lang='lat' dir='ltr'><strong>trina</strong></span> <span class='ocrx_word' id='word_1_262' title='bbox 758 4510 919 4579; x_wconf 85' lang='lat' dir='ltr'><strong>diffamato</strong></span> <span class='ocrx_word' id='word_1_263' title='bbox 949 4517 981 4579; x_wconf 89' lang='lat' dir='ltr'><strong>et</strong></span> <span class='ocrx_word' id='word_1_264' title='bbox 1010 4532 1068 4599; x_wconf 91' lang='lat' dir='ltr'><strong>pro</strong></span> <span class='ocrx_word' id='word_1_265' title='bbox 1097 4514 1336 4581; x_wconf 85' lang='lat' dir='ltr'><strong>couversatione</strong></span> <span class='ocrx_word' id='word_1_266' title='bbox 1365 4515 1448 4581; x_wconf 87' lang='lat' dir='ltr'><strong>vitae</strong></span> <span class='ocrx_word' id='word_1_267' title='bbox 1471 4514 1716 4602; x_wconf 88' lang='lat' dir='ltr'><strong>probatissimae</strong></span> <span class='ocrx_word' id='word_1_268' title='bbox 1738 4516 1817 4583; x_wconf 87' lang='lat' dir='ltr'><strong>cele-</strong></span> 
     </span>
    </p>
   </div>
   <div class='ocr_carea' id='block_1_6' title="bbox 718 4654 1816 4717">
    <p class='ocr_par' dir='ltr' id='par_1_6' title="bbox 718 4654 1816 4717">
     <span class='ocr_line' id='line_1_34' title="bbox 718 4654 1816 4717; baseline 0.006 -18"><span class='ocrx_word' id='word_1_269' title='bbox 718 4668 738 4699; x_wconf 71' lang='grc'><strong>11</strong></span> <span class='ocrx_word' id='word_1_270' title='bbox 758 4654 864 4700; x_wconf 86' lang='lat' dir='ltr'><strong>recondis</strong></span> <span class='ocrx_word' id='word_1_271' title='bbox 883 4655 910 4701; x_wconf 77' lang='lat' dir='ltr'><strong>V.</strong></span> <span class='ocrx_word' id='word_1_272' title='bbox 988 4654 1010 4701; x_wconf 89' lang='lat' dir='ltr'><strong>b.</strong></span> <span class='ocrx_word' id='word_1_273' title='bbox 1031 4668 1105 4715; x_wconf 85' lang='lat' dir='ltr'><strong>neque</strong></span> <span class='ocrx_word' id='word_1_274' title='bbox 1124 4656 1150 4702; x_wconf 82' lang='lat' dir='ltr'><strong>V.</strong></span> <span class='ocrx_word' id='word_1_275' title='bbox 1229 4670 1249 4702; x_wconf 88' lang='lat' dir='ltr'><strong>c.</strong></span> <span class='ocrx_word' id='word_1_276' title='bbox 1271 4657 1358 4703; x_wconf 81' lang='lat' dir='ltr'><strong>munire</strong></span> <span class='ocrx_word' id='word_1_277' title='bbox 1375 4658 1402 4703; x_wconf 72' lang='lat'><strong>7.</strong></span> <span class='ocrx_word' id='word_1_278' title='bbox 1475 4657 1499 4703; x_wconf 81' lang='lat' dir='ltr'><strong>d.</strong></span> <span class='ocrx_word' id='word_1_279' title='bbox 1518 4658 1605 4705; x_wconf 81' lang='lat' dir='ltr'><strong>fulcera</strong></span> <span class='ocrx_word' id='word_1_280' title='bbox 1623 4659 1651 4706; x_wconf 74' lang='lat' dir='ltr'><strong>V.</strong></span> <span class='ocrx_word' id='word_1_281' title='bbox 1724 4674 1745 4706; x_wconf 78' lang='lat' dir='ltr'><strong>a.</strong></span> <span class='ocrx_word' id='word_1_282' title='bbox 1764 4672 1816 4717; x_wconf 87' lang='lat' dir='ltr'><strong>pro·</strong></span> 
     </span>
    </p>
   </div>
   <div class='ocr_carea' id='block_1_7' title="bbox 643 4733 1816 4872">
    <p class='ocr_par' dir='ltr' id='par_1_7' title="bbox 643 4733 1816 4872">
     <span class='ocr_line' id='line_1_35' title="bbox 644 4733 1816 4795; baseline 0.004 -16"><span class='ocrx_word' id='word_1_283' title='bbox 644 4734 740 4780; x_wconf 86' lang='lat' dir='ltr'><strong>misione</strong></span> <span class='ocrx_word' id='word_1_284' title='bbox 755 4734 782 4780; x_wconf 72' lang='lat'><strong>7.</strong></span> <span class='ocrx_word' id='word_1_285' title='bbox 844 4734 860 4779; x_wconf 87' lang='lat' dir='ltr'><strong>f.</strong></span> <span class='ocrx_word' id='word_1_286' title='bbox 882 4733 991 4781; x_wconf 83' lang='lat' dir='ltr'><strong>tribuenti</strong></span> <span class='ocrx_word' id='word_1_287' title='bbox 1006 4735 1033 4783; x_wconf 86' lang='lat' dir='ltr'><strong>V.</strong></span> <span class='ocrx_word' id='word_1_288' title='bbox 1096 4748 1118 4793; x_wconf 81' lang='lat' dir='ltr'><strong>g.</strong></span> <span class='ocrx_word' id='word_1_289' title='bbox 1138 4736 1178 4795; x_wconf 82' lang='lat' dir='ltr'><strong>qui</strong></span> <span class='ocrx_word' id='word_1_290' title='bbox 1193 4737 1221 4782; x_wconf 81' lang='lat' dir='ltr'><strong>V.</strong></span> <span class='ocrx_word' id='word_1_291' title='bbox 1282 4736 1305 4783; x_wconf 83' lang='lat' dir='ltr'><strong>la</strong></span> <span class='ocrx_word' id='word_1_292' title='bbox 1325 4738 1391 4784; x_wconf 65' lang='lat' dir='ltr'><strong>aar.</strong></span> <span class='ocrx_word' id='word_1_293' title='bbox 1454 4737 1470 4782; x_wconf 92' lang='lat' dir='ltr'><strong>i.</strong></span> <span class='ocrx_word' id='word_1_294' title='bbox 1490 4754 1520 4783; x_wconf 76' lang='lat' dir='ltr'><strong>es</strong></span> <span class='ocrx_word' id='word_1_295' title='bbox 1532 4738 1556 4785; x_wconf 85' lang='lat' dir='ltr'><em>V</em></span> <span class='ocrx_word' id='word_1_296' title='bbox 1561 4738 1688 4785; x_wconf 77' lang='lat' dir='ltr'><strong>48-48a.</strong></span> <span class='ocrx_word' id='word_1_297' title='bbox 1712 4742 1816 4786; x_wconf 72' lang='lat' dir='ltr'><strong>lanu.-</strong></span> 
     </span>
     <span class='ocr_line' id='line_1_36' title="bbox 643 4812 846 4872; baseline 0 -13"><span class='ocrx_word' id='word_1_298' title='bbox 643 4812 747 4872; x_wconf 73' lang='lat' dir='ltr'><strong>Epiatoln</strong></span> <span class='ocrx_word' id='word_1_299' title='bbox 760 4812 846 4859; x_wconf 84' lang='lat' dir='ltr'><strong>Lullae.</strong></span> 
     </span>
    </p>
   </div>
   <div class='ocr_carea' id='block_1_8' title="bbox 718 4906 1568 4982">
    <p class='ocr_par' dir='ltr' id='par_1_8' title="bbox 718 4906 1568 4982">
     <span class='ocr_line' id='line_1_37' title="bbox 718 4906 1568 4982; baseline 0.004 -19"><span class='ocrx_word' id='word_1_300' title='bbox 718 4909 742 4963; x_wconf 91' lang='lat'><strong>1.</strong></span> <span class='ocrx_word' id='word_1_301' title='bbox 766 4906 829 4964; x_wconf 85' lang='lat' dir='ltr'><strong>Act.</strong></span> <span class='ocrx_word' id='word_1_302' title='bbox 848 4912 936 4979; x_wconf 89' lang='lat' dir='ltr'><strong>apost.</strong></span> <span class='ocrx_word' id='word_1_303' title='bbox 954 4908 1037 4979; x_wconf 81' lang='lat'><strong>4,32.</strong></span> <span class='ocrx_word' id='word_1_304' title='bbox 1128 4912 1154 4966; x_wconf 81' lang='grc'><strong>2.</strong></span> <span class='ocrx_word' id='word_1_305' title='bbox 1179 4910 1393 4982; x_wconf 82' lang='lat' dir='ltr'><strong>cantuariensis,</strong></span> <span class='ocrx_word' id='word_1_306' title='bbox 1412 4912 1465 4967; x_wconf 73' lang='lat'><strong>740</strong></span> <span class='ocrx_word' id='word_1_307' title='bbox 1472 4912 1568 4968; x_wconf 77' lang='lat' dir='ltr'><strong>-taa</strong></span> 
     </span>
    </p>
   </div>
   <div class='ocr_carea' id='block_1_9' title="bbox 0 0 2176 6034">
    <p class='ocr_par' dir='ltr' id='par_1_9' title="bbox 0 0 2176 6034">
     <span class='ocr_line' id='line_1_38' title="bbox 0 0 2176 6034; baseline 0 0"><span class='ocrx_word' id='word_1_308' title='bbox 0 0 2176 6034; x_wconf 95' lang='lat' dir='ltr'><strong> </strong></span> 
     </span>
    </p>
   </div>
  </div>
 </body>
</html>
