4342 6034
771 782 888 831 resero
911 782 939 830 s.
955 782 1131 831 somam
1469 762 1533 831 477

374 925 488 1009 tiruque
517 924 558 991 ad
585 946 639 991 eos
666 944 836 991 conversus
857 924 1023 1010 episeopus
1045 924 1171 1008 inquid:
1200 924 1358 991 Iormubt
1396 924 1442 991 At
1469 923 1534 991 illi:

375 1041 549 1106 Iurooe‘mue
575 1040 732 1124 inquiunt
766 1039 809 1105 Et
837 1040 882 1105 ait
908 1040 949 1105 ad
970 1040 1137 1105 maiorem:
1161 1039 1258 1105 Ursae
1281 1053 1309 1107 te
1330 1044 1366 1106 iu
1387 1044 1534 1128 prouvino

373 1158 504 1234 ocdddr
525 1154 567 1221 ad
587 1155 743 1221 iuniorem
765 1175 839 1221 vero
862 1156 922 1221 ait:
945 1156 1129 1242 Numquam
1152 1178 1189 1221 ea
1208 1171 1260 1223 tuo
1281 1160 1397 1223 sensim
1416 1157 1535 1222 uidetis

365 1272 466 1355 filetum
488 1284 545 1337 aar
557 1273 673 1355 filiam.
708 1270 797 1349 Quod
819 1276 987 1355 utrumque
1010 1276 1139 1337 euentus
1163 1272 1210 1337 rei
1232 1271 1387 1359 probavit
1424 1271 1468 1337 Et
1490 1271 1536 1337 sic

372 1386 500 1453 ecelesia
521 1386 606 1453 beati
627 1385 767 1472 llurtyni
789 1386 939 1453 traditam
962 1386 1024 1453 sibi
1044 1385 1253 1453 hereditatem
1276 1387 1422 1475 optinuit
1526 1474 1529 1491 Ι

370 1590 546 1669 Qualiter
566 1589 722 1657 Lullum
747 1590 923 1657 omnibus
950 1589 1216 1657 orientalibus
1240 1592 1534 1659 commendavit.

456 1731 513 1799 Vir
536 1738 641 1799 autem
664 1732 740 1815 Dei,
771 1732 879 1797 divina
899 1731 1074 1817 inspirante
1098 1733 1214 1816 gratia
1244 1733 1359 1817 ubique
1381 1733 1536 1817 gestiebat

368 1847 454 1914 uerbi
468 1848 531 1914 Dei
554 1849 675 1915 semina
696 1846 877 1934 pullulasse.
912 1845 1029 1913 Gentes
1051 1847 1154 1913 adbuc
1175 1848 1346 1915 indomitus
1365 1849 1536 1915 destinavit

369 1963 454 2030 adire
475 1962 666 2045 Fresonum3
695 1969 741 2046 ut,
764 1964 829 2029 ritu
851 1964 1073 2048 supersticiose
1097 1963 1257 2048 derelicto,
1280 1963 1404 2031 eultura
1426 1963 1534 2051 ydolo-

368 2100 435 2146 rum
457 2078 613 2165 deposita
635 2098 746 2146 rorum
768 2079 907 2145 omnium
930 2084 1103 2145 creatorem
1125 2078 1230 2145 Deum
1252 2079 1399 2147 colerent.
1435 2078 1535 2165 Syno-

368 2194 430 2261 deli
458 2195 646 2261 auctoritate
673 2200 705 2261 et
726 2213 879 2261 consensu
901 2194 1054 2281 principis
1076 2186 1205 2281 Pippini
1227 2192 1354 2261 Lullum
1376 2192 1535 2278 Mogontie

368 2310 541 2395 ordinarit,
568 2330 674 2377 secum
702 2310 849 2396 primitus
877 2310 919 2377 ad
941 2310 1152 2393 Thuringeam
1180 2310 1311 2377 deduxit
1337 2316 1369 2377 et
1389 2312 1534 2380 omnibus

366 2426 399 2492 in
419 2426 476 2493 illa
498 2428 627 2510 regione
648 2425 806 2492 nobilibus
827 2426 919 2492 illum
940 2426 1181 2509 commendavit,
1204 2426 1304 2493 unde·
1326 2424 1400 2493 fidei
1422 2426 1534 2493 katbo·
1664 2432 1665 2436 ’

366 2541 423 2608 lice
446 2542 671 2629 astipulatores
693 2542 724 2608 ei
746 2543 938 2608 assisterent
974 2540 1152 2607 Novissime
1175 2546 1281 2609 autem
1304 2547 1453 2628 precepto
1475 2540 1537 2607 Ro-

366 2659 451 2724 mani
478 2656 638 2745 pontilicis
661 2663 694 2723 et
714 2658 844 2724 consilio
867 2656 1040 2723 venerandi
1061 2656 1214 2743 principis
1237 2656 1366 2745 Pippini
1389 2662 1421 2723 et
1443 2678 1536 2744 syno-

366 2774 445 2840 dalis
473 2774 673 2840 auctoritatis
700 2773 828 2839 licentia
855 2779 887 2839 et
915 2772 1055 2837 omnium
1084 2755 1303 2859 episcoporum
1332 2779 1365 2839 et
1386 2773 1535 2840 abbatum

365 2910 423 2957 nee
443 2910 511 2956 non
533 2889 753 2955 canonicorum
776 2894 808 2954 et
828 2888 1054 2953 monachorum
1074 2887 1277 2972 omniumque
1292 2887 1533 2955 christianorum

367 3006 405 3072 ad
432 3025 526 3073 auam
553 3004 704 3071 diocesim
725 3004 967 3090 pertinentium,
993 3003 1152 3089 proiectus
1176 3008 1233 3069 est.
1269 3001 1332 3069 Sed
1354 3009 1386 3069 et
1408 3002 1535 3071 Lullum

367 3128 438 3189 aute
451 3122 632 3188 iuramento
646 3120 845 3202 constrinxit
863 3119 984 3186 dicens:
1008 3121 1069 3185 Est
1083 3121 1209 3206 poldon
1224 3122 1341 3201 animo,
1360 3121 1533 3207 proflabat,

367 3260 562 3325 pauoremque
582 3260 632 3303 me
652 3240 763 3302 diebus
783 3240 891 3323 pretio
912 3238 1049 3323 diripere
1070 3237 1214 3301 uoluerit.
1252 3236 1349 3301 Nune
1370 3249 1474 3303 cutm
1491 3238 1535 3303 du

360 3355 466 3438 fidem,
491 3367 537 3435 ut,
560 3354 746 3439 mumque
769 3354 908 3434 obierim,
931 3375 1034 3417 meum
1056 3374 1170 3439 corpus
1193 3354 1237 3417 ud
1258 3354 1414 3418 cadmea
1432 3364 1534 3421 bune-

358 3470 460 3554 feraa.
496 3466 541 3534 Et
565 3468 620 3535 ille
649 3468 775 3553 quidem
803 3466 988 3553 spopondit,
1017 3488 1051 3534 se
1074 3467 1195 3551 omnia,
1224 3472 1318 3553 prout
1340 3466 1532 3554 possibilitas

367 3584 495 3668 sineret,
517 3583 683 3651 custodire.

419 3789 475 3856 De
504 3788 795 3874 disceptatione
821 3787 901 3853 viri
928 3786 1000 3853 Dei
1027 3806 1111 3853 cum
1140 3786 1338 3876 Stephano
1368 3807 1479 3874 papa

452 3931 576 3999 Eodem
589 3936 732 4017 tempore
747 3930 888 4013 contigit,
902 3928 1061 3995 Romanu
1076 3929 1226 3997 domnum
1243 3930 1450 4017 apostolicum
1463 3929 1532 3997 Ste-

367 4042 523 4133 pbanum¹
537 4052 570 4113 et
591 4046 760 4113 servitores
782 4045 882 4111 sancti
897 4043 983 4111 Petri
1005 4046 1187 4131 insolenter,
1209 4051 1246 4112 ut
1265 4066 1334 4112 mos
1350 4066 1458 4113 eorum
1473 4050 1531 4129 est,

366 4164 526 4231 infestae.
559 4162 603 4229 Et
628 4160 687 4229 obb
708 4161 769 4227 boc
791 4166 917 4247 arrepto
938 4162 1066 4247 itinere,
1096 4162 1203 4229 inseiis
1226 4160 1305 4247 illis,
1334 4167 1459 4247 sumpto
1482 4182 1531 4228 se-

368 4298 438 4346 cum
460 4278 576 4364 gladio,
598 4278 686 4345 venit
706 4278 740 4343 in
755 4276 919 4343 Frautiam
941 4277 982 4342 ad
1002 4277 1216 4364 supradictum
1231 4277 1408 4364 principem
1423 4276 1531 4363 Pippi-
1550 4292 1602 4345 754

369 4416 458 4480 num,
487 4394 664 4481 patrocinia
685 4412 832 4479 posocus;
863 4412 900 4459 eo
921 4383 1036 4478 modo,¹
1054 4399 1090 4459 ut
1112 4414 1183 4459 cum
1205 4392 1326 4459 duobus
1348 4392 1531 4478 presbiteris
1551 4364 1598 4411 ¹²⁰¹

369 4512 561 4598 totidemque
583 4510 765 4577 diaconibus
786 4510 873 4575 intra
893 4508 1040 4577 wnclare
1061 4510 1155 4575 unius
1178 4508 1307 4575 oratorii
1329 4509 1363 4573 in
1385 4507 1482 4574 cilitio
1500 4512 1532 4575 et

370 4629 473 4695 cinere
504 4647 570 4694 una
599 4646 672 4693 cum
700 4624 866 4691 antedictis
893 4625 1077 4711 presbiteris
1107 4630 1139 4692 et
1167 4624 1359 4711 dyaeonibus
1386 4624 1420 4688 in
1447 4629 1532 4690 terra

370 4742 494 4813 iaceret
527 4742 571 4811 Et
591 4762 649 4831 per
670 4742 816 4808 nuntium
837 4760 945 4825 regem
967 4741 1008 4808 ad
1030 4761 1064 4808 ao
1085 4741 1241 4808 inritavit
1275 4739 1323 4809 Eo
1342 4759 1464 4827 quoque
1480 4760 1532 4807 ve·

440 4874 537 4931 LIII.
735 4897 843 4931 tunc.
920 4882 1028 4930 bebo.
