4342 6034
670 734 697 783 e.
714 734 890 783 nomem
912 736 956 783 nn
977 736 1080 785 nonu
1103 736 1290 785 nensnonnn
1520 723 1562 789 15

478 874 643 942 Editionee
669 879 804 945 utacum
832 880 1050 965 epistolatum,
1080 902 1160 967 qnae
1185 880 1297 965 plenae
1319 882 1559 965 nauatam,

389 1003 452 1057 tree
482 1013 596 1079 eaeque
622 995 668 1058 eie
688 1008 937 1080 perdoceant,
969 1009 1005 1061 ut
1025 1000 1198 1064 noouoima
1219 1018 1362 1083 quaeqae
1382 1002 1563 1085 praeminet

383 1110 587 1193 pcaoueime.

478 1225 626 1291 Pm'mum
648 1225 786 1292 utonem
808 1230 884 1293 ectio
907 1228 982 1293 bene
1000 1234 1125 1315 pereqit
1146 1228 1301 1295 Nicolauo
1319 1228 1479 1311 Senoniae,
1504 1231 1563 1295 loc

389 1339 480 1405 titulo
508 1362 601 1405 teeue:
629 1342 820 1429 „sputolce
849 1342 885 1409 S.
906 1344 1062 1429 Bonifaai
1088 1340 1265 1431 maayeu“
1297 1358 1351 1411 cet.
1376 1346 1563 1432 Moauntiae

389 1454 478 1521 1605
488 1450 505 1519 ¹.
541 1454 575 1521 Ie
593 1460 793 1545 principium
807 1462 941 1545 canopeit
955 1484 976 1525 a
992 1463 1096 1527 codice
1115 1460 1356 1541 Vindobonenei,
1380 1466 1470 1527 cuiue
1483 1484 1561 1548 pro·

384 1574 502 1657 poentio
518 1572 683 1659 capitibus,
709 1596 747 1641 ea·
764 1577 868 1641 codice
883 1576 1131 1662 Inqoletadienei
1144 1579 1289 1663 imprimi
1303 1580 1456 1657 minuit,
1482 1600 1563 1663 quae

388 1689 494 1753 decem
515 1688 748 1757 Vindobonenoi
768 1694 864 1769 oidit3
887 1696 993 1779 eicque
1005 1692 1136 1777 factum
1158 1706 1212 1773 eet,
1234 1706 1270 1758 ut
1292 1692 1351 1757 leae
1372 1695 1409 1757 in
1429 1695 1563 1759 editione

387 1807 542 1871 maiorem
564 1807 768 1893 maeatarum
790 1811 914 1895 copiam
937 1806 985 1895 (p.
1003 1808 1152 1889 1-162)
1174 1822 1323 1895 nequatur
1341 1808 1479 1873 collectio
1500 1812 1562 1875 mi·

386 1942 449 1985 nor
471 1918 754 2007 (p.163-230).
795 1923 916 2005 Quidue
938 1947 1010 1991 cero
1034 1925 1225 2011 tempotibue
1247 1924 1392 2011 oinaulae
1414 1924 1564 2011 epietolae

386 2040 528 2123 emptae
550 2052 658 2119 eeeent,
685 2037 834 2105 Senoniae
857 2062 922 2105 uon
945 2044 1076 2107 curauit.

478 2153 625 2219 Alteram
652 2156 818 2221 editionem
844 2156 1029 2242 Mequutiae
1056 2155 1252 2221 ann01789
1272 2155 1357 2240 fecit
1380 2154 1560 2242 Stcplanue

387 2270 576 2335 Alexander
598 2270 807 2337 Wicdteoein:
831 2272 1017 2359 „Emutoloe
1041 2271 1077 2338 S.
1094 2272 1263 2357 Bonifacii
1283 2272 1515 2358 accliepiecopi
1536 2285 1564 2337 et

386 2382 573 2473 mantycie“.
616 2386 681 2468 Qui
708 2389 844 2453 codicem
872 2400 946 2453 tuuc
973 2388 1198 2475 Mequntinum
1224 2388 1317 2453 lodie
1344 2388 1565 2453 Monaceneem

388 2503 501 2569 tatuit
528 2524 585 2568 nec
612 2516 692 2569 reete
721 2504 881 2581 adtitutu
910 2506 1026 2570 cadicio
1056 2502 1289 2569 Cacletulenono
1319 2507 1418 2569 emim
1447 2506 1566 2590 conniti

387 2620 562 2685 nonnullae
585 2631 706 2685 tantum
728 2622 772 2685 ad
788 2622 947 2706 poeta-ine
971 2634 1092 2707 tempus
1109 2622 1301 2707 nannenten
1324 2621 1472 2707 epietolaa
1485 2642 1563 2707 pro-

389 2736 520 2802 tulitin
543 2736 725 2821 appmdice.
761 2736 867 2801 Huiue
890 2738 984 2803 editio
1006 2738 1166 2802 cedundat
1187 2736 1367 2802 lectioniluo
1383 2738 1564 2823 depravatio

389 2855 595 2937 ordinemque
622 2854 762 2938 capitum
788 2853 919 2935 mirifice
941 2857 1108 2939 punacio,
1137 2866 1174 2918 nt
1194 2874 1250 2917 nec
1272 2864 1393 2938 tmcpue
1414 2874 1486 2917 cere
1509 2852 1563 2917 ab·

387 2980 529 3035 eandum
550 2990 606 3033 nec
629 2969 771 3033 codicum
793 2970 934 3054 diaeotio.

479 3084 556 3151 Sita
577 3096 621 3149 eet
642 3086 678 3148 iu
701 3084 920 3149 Wiicdtueinii
941 3072 1076 3151 editione
1098 3086 1193 3150 editio
1219 3081 1335 3152 Gileeii
1350 3080 1482 3163 (Sancti
1495 3082 1563 3148 Bo·

388 3202 508 3287 m'sacii
529 3222 659 3287 opetum
677 3200 784 3281 coll,
809 3200 952 3266 Londini
966 3200 1080 3282 1844),
1106 3204 1246 3266 omnium
1261 3202 1438 3265 detemima.
1477 3196 1563 3266 dite-

388 3320 454 3383 eiue
484 3320 569 3383 enim
594 3318 708 3381 menda
731 3316 1000 3383 Wirdtooeiniaua
1022 3340 1086 3383 non
1109 3316 1236 3383 euetulit
1256 3318 1311 3381 eed
1333 3319 1439 3392 aucit3
1468 3318 1564 3380 immo

389 3433 520 3520 einqula
546 3446 746 3499 monumenta
774 3437 863 3499 cuiae
892 3436 972 3498 anni
998 3436 1077 3513 eint,
1108 3454 1179 3497 cum
1200 3434 1316 3519 abique
1328 3432 1404 3518 fere
1426 3434 1468 3496 eit
1489 3454 1564 3496 con·

381 3548 593 3633 fidentissime
621 3552 832 3636 aucupum,
864 3552 964 3617 editor
990 3553 1058 3636 enee
1083 3552 1201 3614 mitum
1223 3562 1344 3635 quanta
1366 3550 1566 3613 accuratione

390 3666 519 3732 teauee
547 3680 749 3752 pcaunonet,
785 3680 821 3733 ut
853 3646 982 3733 caueant
1015 3668 1178 3752 apponitoe
1211 3687 1368 3731 annocum
1400 3686 1565 3741 nemetae,-

387 3796 560 3870 propterea
583 3784 669 3868 quod
689 3785 752 3847 ieta
772 3804 912 3869 parmae
934 3785 1123 3847 eommieetit
1144 3782 1315 3847 calliditati
1335 3774 1537 3867 typotldae'.

478 3897 577 3964 Hanc
604 3900 769 3965 editionem
796 3901 945 3986 inptimie
972 3900 1016 3964 ad
1037 3898 1238 3965 Monaceneie
1262 3896 1331 3978 (M)
1355 3910 1385 3963 et
1406 3896 1564 3962 Vindobo-

462 4136 488 4190 1.
513 4134 607 4189 Editio
619 4133 764 4191 Serenam
781 4136 897 4205 repetite
915 4138 959 4189 eet
975 4134 1003 4189 in
1014 4134 1111 4191 Novae
1128 4132 1310 4189 bibliothecae
1320 4137 1446 4189 veterum
1456 4136 1565 4202 petrum

391 4223 517 4289 (Parisiis
537 4224 620 4293 1639)
638 4224 671 4279 Τ.
689 4224 716 4279 ΙΙ
738 4225 882 4295 48-121;
910 4224 987 4279 cuiue
1016 4224 1083 4279 tomi
1111 4220 1311 4293 exemplaribus
1337 4237 1393 4277 non
1418 4220 1566 4276 divenditis

390 4317 490 4383 postea
515 4312 630 4367 effeetus
653 4318 696 4368 eet
717 4314 834 4383 Magnae
857 4310 1037 4369 bibliothecae
1060 4316 1183 4367 veterum
1202 4312 1315 4365 Petrum
1334 4310 1460 4377 (Parisiis
1479 4311 1565 4378 1654)

391 4406 483 4457 tomus
502 4400 579 4458 XVI
611 4400 736 4456 Eandem
755 4400 855 4457 Serarii
877 4402 1025 4456 editionem
1049 4402 1153 4471 reperis
1171 4400 1254 4454 etiem
1271 4399 1300 4454 in
1317 4398 1453 4453 Maxime
1470 4397 1566 4454 biblio·

391 4488 488 4546 thecae
510 4494 620 4559 petrum
639 4490 782 4560 (Lugduni
801 4492 886 4557 1677)
905 4491 937 4546 Τ.
951 4490 1018 4545 XIII
1031 4491 1166 4546 70-140.
1256 4490 1282 4544 2.
1300 4488 1336 4545 V.
1355 4487 1452 4557 Opp.1
1471 4492 1566 4557 „post-

392 4578 547 4650 eerIptum“
568 4582 641 4650 (poet
658 4594 686 4648 p.
699 4580 762 4647 308)
775 4584 803 4634 et
815 4580 841 4635 11
854 4581 914 4637 195.
927 4610 960 4621 -
973 4580 1129 4635 Editionem
1141 4577 1308 4634 Gileeienem
1319 4576 1463 4632 renovavit
1474 4576 1566 4645 Iligne

393 4668 420 4723 in
437 4669 612 4739 patrologiae
630 4673 705 4724 tomo
723 4670 876 4725 LXXXIX.
894 4700 928 4709 —
946 4670 979 4725 In
997 4670 1190 4725 Germanicum
1208 4668 1340 4738 epistolae
1358 4665 1495 4720 convertit
1511 4666 1564 4719 ein-

393 4759 481 4827 anteri
499 4774 566 4815 cure
583 4756 633 4813 Ph.
646 4758 680 4813 H.
693 4756 774 4830 Xfflb,
793 4757 968 4815 semmffiehe
979 4757 1116 4815 Schriften
1133 4757 1183 4813 dee
1197 4756 1317 4827 heiligen
1330 4752 1488 4811 Boniineiue
1499 4754 1533 4808 Τ.
1543 4752 1565 4821 Ι,

394 4846 577 4919 Bogenebnrg
596 4846 674 4903 1869.
