4342 6034
637 778 701 845 174
908 795 935 842 a.
952 794 1130 843 nonmnrrr
1149 794 1195 841 nu
1215 793 1318 841 unum
1338 792 1527 841 arrsrousn
1549 792 1580 839 aa

475 944 615 1001 744-747
634 936 815 1021 genuerint,
845 940 877 1003 et
905 954 980 1021 sepe
1008 934 1150 1001 maxima
1177 954 1217 1000 ex
1245 938 1338 1021 parte
1365 934 1528 1015 occidunt3
1556 954 1621 999 non
1646 931 1806 1019 inplentes

634 1052 753 1117 Christi
780 1050 928 1117 ccclesias
955 1048 1029 1117 filiis
1053 1049 1227 1135 adoptivis,
1256 1048 1312 1115 sed
1334 1048 1472 1115 tumulos
1495 1048 1680 1136 corporibus
1703 1054 1737 1115 ct
1756 1048 1805 1114 in·

631 1168 715 1234 feros
738 1166 863 1233 miseris
888 1165 1051 1233 animabus
1075 1166 1237 1231 satiantes.

720 1282 889 1349 Praeterea
918 1282 1099 1347 nuntiatum
1126 1286 1176 1347 est
1201 1279 1308 1346 nobis:
1338 1279 1422 1364 quod
1442 1278 1544 1346 multa
1565 1278 1734 1366 priuilegia
1755 1298 1805 1344 oc·

632 1397 799 1464 olesiarum
821 1402 853 1464 et
875 1398 1137 1462 monasteriorum
1160 1396 1325 1480 fregisses,
1353 1400 1387 1461 et
1408 1394 1592 1462 abstulisses
1613 1394 1689 1461 inde
1711 1414 1805 1479 quas·
1925 1421 1926 1432 ¹

632 1513 706 1579 dam
733 1512 909 1579 facultates.
954 1511 998 1577 Et
1024 1512 1099 1596 hoc,
1129 1512 1290 1577 siveram
1313 1516 1376 1594 est,
1406 1515 1571 1597 peecatum
1592 1510 1714 1593 grande
1736 1530 1804 1576 esse

632 1628 820 1713 dinoscitur,
848 1632 985 1695 testante
1015 1647 1106 1693 saona
1134 1627 1309 1713 scriptura,
1339 1637 1438 1711 quae·
1461 1626 1521 1692 ait:
1552 1625 1618 1707 Qua·
1641 1627 1805 1692 ahstulm't
1925 1613 1926 1634 ¹

632 1744 757 1829 aliquid
777 1748 867 1831 patri
887 1746 936 1810 cel
957 1747 1064 1824 matra,
1092 1756 1122 1810 et
1143 1745 1235 1809 diest:
1260 1744 1353 1822 ,Hoc
1374 1766 1439 1808 aon
1462 1756 1506 1808 est
1523 1744 1722 1829 peccatam“,
1748 1744 1804 1807 bo-
1925 1741 1926 1826 J

630 1862 744 1924 mioide
761 1864 926 1947 particeps
949 1872 993 1925 eet
1001 1854 1018 1923 ¹.
1054 1856 1151 1923 Pater
1172 1862 1281 1924 noster
1303 1859 1373 1925 sine
1394 1856 1490 1923 dubio
1506 1855 1592 1923 Deus
1614 1857 1733 1943 estqui
1747 1877 1804 1923 nos

631 1974 760 2057 creavit,
783 1980 885 2041 mater
907 1972 1034 2040 nostrab
1057 1972 1210 2041 aecclesia
1226 1994 1307 2058 quae
1321 1995 1380 2040 nos
1395 1974 1429 2039 in
1443 1971 1602 2057 baptismo
1617 1972 1805 2057 spiritaliter

630 2089 856 2173 regeneravit⁶.
892 2089 987 2173 Ergo,
1011 2089 1065 2173 qui
1088 2088 1207 2182 Christi
1228 2090 1379 2175 pecunias
1402 2095 1434 2155 et
1456 2087 1605 2155 eeclesiae
1626 2088 1804 2154 fraudarit⁴

630 2204 681 2272 vel
702 2206 821 2290 rapiet,
845 2204 1002 2270 homicida
1024 2210 1098 2271 ante
1120 2210 1325 2290 conspectum
1346 2204 1423 2270 iusti
1443 2203 1557 2269 iudicis
1579 2223 1648 2271 esse
1670 2204 1803 2289 deputa·

631 2320 725 2386 bitur.
762 2318 811 2385 De
833 2339 894 2404 quo
918 2319 1046 2403 quidam
1069 2320 1251 2405 sapientum
1273 2319 1430 2386 dicebat·:
1457 2318 1523 2401 Qaa'
1535 2323 1623 2406 rapit
1633 2324 1804 2406 paeoniam

627 2439 772 2523 proaimo'
798 2438 864 2515 ani,
896 2438 1094 2521 iniquitatem
1112 2437 1218 2520 faoit3
1249 2440 1307 2523 qai
1333 2448 1436 2502 autem
1458 2438 1630 2522 pecaniam
1656 2436 1802 2502 sedatae

631 2552 802 2631 abstulerat,
827 2552 1028 2637 saadapiom
1040 2547 1157 2637 sacit'.

718 2665 762 2731 Et
788 2666 919 2731 dieitur:
949 2666 1033 2751 quod
1060 2664 1206 2753 prefecti‘
1227 2671 1260 2732 et
1285 2665 1415 2731 nemitos
1438 2665 1486 2731 tui
1508 2666 1661 2732 maiorem
1683 2666 1804 2733 violem
1925 2667 1926 2670 ’

546 2770 552 2779 ’
629 2782 708 2847 tiam
731 2786 763 2847 et
785 2782 968 2849 servitutem
991 2782 1154 2848 monacbis
1176 2786 1210 2847 et
1231 2781 1446 2847 sacerdotibus
1462 2781 1618 2865 inrogant,
1641 2802 1739 2867 quam
1753 2802 1803 2849 ce-

629 2898 690 2965 teri
713 2902 786 2964 aute
809 2897 972 2964 christiani
995 2917 1084 2981 rages
1102 2898 1260 2963 fecissent.
1295 2896 1404 2981 Igitur,
1427 2902 1596 2983 postquam
1611 2896 1803 2984 apostolicus

629 3014 772 3101 pontifex
800 3019 926 3081 sauctus
950 3011 1137 3097 Gregorius,
1168 3012 1207 3079 ab
1237 3012 1411 3099 apostolica
1432 3013 1507 3079 sede
1529 3013 1635 3079 missis
1658 3013 1803 3100 predica-

628 3128 749 3197 toribus
772 3129 944 3197 catholicae
966 3127 1068 3211 fideis,
1092 3132 1219 3210 gentem
1234 3127 1410 3211 Anglorum
1429 3128 1470 3194 ad
1485 3128 1588 3195 Deum
1603 3150 1714 3195 verum
1729 3150 1802 3196 con·

628 3246 740 3329 vertit,
768 3244 936 3332 privilegia
958 3243 1162 3311 aeclesiarum
1183 3244 1217 3309 in
1238 3264 1336 3327 regno
1358 3242 1536 3328 Anglorum
1557 3245 1750 3311 intemerata
1772 3251 1803 3311 et

628 3360 781 3427 inviolata
807 3364 1049 3447 permanserunt
1076 3378 1176 3444 usque
1205 3360 1246 3425 ad
1273 3366 1418 3447 tempora
1439 3358 1584 3426 (leolredi
1610 3362 1695 3443 ragis
1719 3360 1802 3427 Mer·

629 3470 772 3542 cionum'
795 3480 826 3541 et
848 3474 961 3541 Osrcdi
982 3474 1085 3558 regis¹¹
1108 3474 1268 3558 berorum
1289 3481 1322 3542 at
1342 3471 1586 3542 Bomiciurum‘.

721 3590 763 3657 Hi
786 3590 848 3656 duo
872 3610 963 3674 reges
984 3590 1063 3657 haec
1085 3590 1147 3656 duo
1169 3597 1301 3677 peccata
1321 3590 1463 3659 maxima
1483 3591 1519 3657 in
1540 3590 1712 3677 provinciis
1734 3591 1801 3657 An-

628 3706 751 3791 glorum
775 3706 929 3773 diabolico
952 3706 1106 3773 instinctu
1128 3708 1193 3773 suis
1217 3706 1371 3794 exemplis
1393 3706 1554 3774 sceleratis
1576 3713 1687 3773 oontm
1707 3728 1801 3794 pras·

629 3828 721 3910 cepta
742 3821 924 3906 euangelica
947 3828 979 3888 et
1001 3822 1174 3909 apostolica
1195 3822 1362 3889 salvatoris
1384 3824 1486 3890 noemi
1508 3823 1634 3910 publice
1654 3823 1802 3892 facienda

628 3942 893 4005 monstraverunt.
939 3937 983 4004 Et
1015 3938 1049 4003 in
1082 3938 1152 4004 istis
1180 3940 1319 4025 peccatis
1347 3944 1594 4024 commorantes,
1627 3939 1661 4005 id
1689 3946 1740 4007 est
1766 3942 1801 4007 in

628 4054 836 4140 stupratione*
864 4058 896 4120 et
925 4053 1078 4120 adulterio
1107 4074 1284 4121 nonnarum
1311 4060 1343 4121 et
1362 4055 1503 4122 fractura
1523 4056 1800 4141 monasteriorum,

627 4169 711 4236 iusto
733 4169 849 4235 iudicio
864 4168 925 4236 Dei
948 4170 1099 4255 damnati,
1122 4170 1162 4237 de
1183 4170 1320 4237 culmine
1341 4170 1442 4255 regali
1463 4172 1556 4239 huius
1578 4172 1663 4238 vitae
1686 4172 1800 4240 abiecti

559 4292 611 4345 716
628 4290 661 4351 et
682 4285 842 4351 inmatura
869 4291 901 4352 ot
922 4286 1076 4353 terribilik
1099 4292 1201 4353 morte
1222 4287 1410 4374 praeventi¹,
1434 4308 1454 4354 s
1475 4286 1545 4355 luce
1566 4294 1722 4375 perpetua
1744 4309 1799 4355 ex·

700 4458 721 4491 r.
743 4444 782 4504 qui
800 4446 828 4493 7.
905 4445 928 4493 b.
949 4460 1001 4493 nam
1017 4448 1075 4501 MV,
1092 4448 1133 4494 nfa
1149 4450 1176 4495 c.
1252 4461 1273 4494 e.
1292 4447 1409 4505 repararit
1425 4451 1460 4504 Μ,
1478 4449 1582 4505 canant
1598 4449 1627 4503 V,
1641 4449 1756 4507 natant
1772 4452 1798 4496 c.

627 4524 650 4571 d.
671 4524 785 4571 fraudarit
800 4526 859 4581 ΜΡ,
880 4524 1019 4572 fundaverit
1034 4528 1061 4573 c.
1144 4542 1164 4573 a.
1185 4527 1271 4574 dicabit
1287 4528 1315 4574 V.
1392 4526 1409 4573 t
1430 4526 1527 4586 perfecti
1544 4528 1600 4576 MV.
1677 4541 1700 4586 g.
1719 4528 1798 4575 eatlro·

625 4602 671 4649 lica
685 4602 730 4651 fids
747 4606 774 4651 C.
843 4604 868 4651 b.
888 4622 930 4651 oss.
949 4607 974 4653 C.
1046 4606 1061 4652 i.
1082 4607 1244 4666 suprastitions
1260 4610 1295 4654 M.
1361 4605 1385 4652 k.
1400 4606 1503 4653 terribile
1520 4608 1548 4654 7.
1610 4606 1626 4653 l.
1641 4608 1747 4669 perventi
1762 4612 1797 4655 Ι.

698 4709 724 4763 1.
742 4708 777 4765 V.
795 4708 876 4764 Prov.
889 4708 932 4779 28,
946 4710 989 4764 24.
1062 4712 1087 4765 2.
1112 4709 1154 4766 Cf.
1178 4710 1338 4783 Hieronymi
1356 4724 1399 4779 sp.
1417 4708 1453 4764 ad
1469 4710 1653 4781 Nepotianum
1664 4713 1740 4781 (opp.
1753 4710 1795 4767 ed.

626 4796 776 4853 vallarsius
789 4797 801 4852 l
814 4798 891 4863 toll:
918 4796 1037 4869 ,Amico
1055 4800 1195 4869 quippiam
1212 4814 1309 4871 rapere
1326 4796 1429 4854 furmm
1441 4802 1492 4869 est,
1511 4800 1656 4855 suolmam
1669 4798 1796 4856 murima

626 4885 798 4957 sacrilegium
817 4884 891 4943 est“.
980 4887 1006 4941 3.
1032 4888 1187 4944 toa-716.
1275 4889 1302 4944 4.
1327 4888 1482 4945 ibt-716.
