4342 6034
568 944 618 997 747

559 1016 606 1063 lau.
615 1018 629 1063 5

650 776 713 843 182
896 792 923 838 s.
942 791 1119 839 cosmarus
1140 792 1185 839 nu
1206 791 1309 839 uuum
1330 791 1518 840 namucum
1539 791 1570 837 ea

646 936 711 1001 ritu
734 954 808 1001 vero
831 954 956 1020 semper
978 932 1138 1001 fraternae
1160 932 1321 999 sanctitati
1343 937 1417 1001 tuae
1436 934 1535 1001 simus
1550 938 1753 1020 praesentem
1776 934 1820 999 ita

647 1055 699 1133 ut,
727 1050 845 1115 uostris
873 1048 1047 1117 visceribus
1069 1054 1102 1115 te
1124 1048 1275 1115 babentes
1298 1050 1498 1116 carissbm
1525 1050 1656 1117 fratrem
1685 1056 1720 1116 et
1747 1070 1820 1117 con·

647 1165 857 1247 sacerdotem,
885 1164 960 1231 licet
982 1170 1163 1251 peccatores
1185 1170 1293 1231 tamen
1315 1186 1372 1252 spe
1395 1165 1504 1232 diviua
1523 1165 1614 1249 freti,
1638 1166 1767 1233 maduo
1787 1167 1820 1233 iu

647 1282 763 1348 uostris
787 1280 982 1346 orationibus
1005 1280 1191 1347 memoriam
1214 1280 1262 1347 tui
1284 1301 1378 1364 agere
1400 1300 1465 1347 non
1486 1281 1687 1364 desistimus3
1710 1288 1820 1368 peteu-

646 1404 694 1463 tes
718 1396 894 1461 inmensam
916 1394 1034 1461 Christi
1054 1395 1107 1462 dei
1127 1396 1230 1462 nostri
1252 1396 1464 1463 divinitatem:
1488 1401 1525 1463 ιιι
1538 1398 1589 1463 iu·
1605 1399 1821 1483 peragendum

647 1532 740 1579 suum
762 1516 794 1577 te
817 1509 981 1577 confirmet
1003 1511 1226 1595 ministerium,
1250 1517 1404 1596 quatenus
1427 1512 1461 1577 iu
1481 1511 1566 1579 diem
1582 1512 1738 1580 adventus
1753 1516 1821 1581 eiua

646 1628 733 1693 illam
756 1626 942 1714 placabilem
966 1626 1118 1693 merearis
1141 1628 1321 1713 exprimere
1343 1646 1469 1694 vocem:
1493 1630 1576 1695 Ecce
1598 1652 1654 1716 epo
1677 1643 1706 1695 et
1727 1635 1823 1717 paeri

647 1767 724 1831 quos
748 1746 864 1809 dedisti
885 1744 964 1808 arilei
972 1738 990 1824 ¹,
1015 1766 1079 1808 aon
1098 1745 1233 1829 perdidi
1254 1765 1291 1809 ee
1314 1748 1358 1809 eia
1379 1739 1598 1830 qaeeqaam¹‚·
1619 1750 1656 1811 ui
1670 1744 1822 1813 contiuuo

646 1859 782 1925 altisona
804 1864 836 1924 et
858 1857 1075 1924 desiderabilis
1098 1877 1160 1923 vox
1182 1858 1370 1942 interillos,
1394 1860 1447 1944 qui
1470 1860 1511 1926 ab
1531 1858 1623 1926 initio
1638 1861 1770 1927 mundi'
1793 1864 1822 1929 ei

645 1969 860 2062 placueruut³,
883 1979 1093 2039 consonanter
1116 1978 1147 2039 te
1169 1974 1204 2039 in
1226 1973 1352 2040 illomm
1375 1975 1563 2041 invitatione
1586 1975 1765 2060 submittat,
1788 1978 1822 2045 iu

646 2110 709 2176 qua
731 2090 872 2157 dicturus
896 2094 958 2155 est:
982 2090 1099 2169 Venite,
1124 2090 1277 2156 benedieti
1294 2096 1399 2178 patras
1413 2095 1485 2173 ma,
1504 2095 1663 2179 percipite
1675 2116 1820 2180 regnam,

647 2210 732 2294 qaod
754 2208 841 2273 sobab
862 2219 1013 2293 paratum
1035 2214 1098 2271 ιιιθ
1123 2207 1162 2271 ab
1186 2210 1310 2293 caspiae
1331 2203 1469 2273 maadi⁴.

735 2322 794 2387 His
817 2322 864 2386 ita
886 2341 920 2387 se
942 2320 1141 2405 habentibus,
1166 2342 1317 2404 agnoscas
1340 2323 1518 2389 carissime:
1541 2322 1703 2408 flagitasse
1724 2345 1744 2391 a
1763 2346 1822 2393 no-

647 2438 695 2506 bis
718 2436 891 2524 Pippinum
921 2436 1218 2503 excellentissimum
1245 2438 1399 2505 maiorem
1422 2438 1534 2507 domus
1555 2442 1659 2524 gentis
1682 2440 1821 2508 Franco

645 2574 716 2621 rum
740 2573 797 2639 per
820 2572 912 2618 suum
935 2552 1095 2619 homiuem
1116 2554 1245 2621 nominc
1266 2554 1495 2640 Ardobauium,
1518 2556 1709 2639 relegiosum
1731 2578 1823 2643 pres·

646 2669 797 2752 biterum,
826 2668 988 2753 aliquanta
1016 2668 1156 2755 capitula
1186 2669 1225 2736 de
1253 2670 1441 2737 sacerdotali
1469 2672 1579 2739 ordine
1607 2676 1640 2738 et
1670 2692 1750 2757 qnae
1781 2674 1823 2739 ad

646 2784 780 2851 salutem
805 2784 982 2851 animarum
1005 2785 1175 2871 pertinent,
1199 2786 1295 2853 simul
1317 2787 1415 2853 etiam
1437 2791 1469 2853 et
1490 2807 1550 2874 pro
1569 2786 1681 2855 illicita
1694 2788 1821 2875 copula,

647 2900 781 2987 qualiter
804 2920 873 2967 sese
896 2899 1031 2966 debcant
1052 2900 1211 2967 custodire
1232 2902 1324 2969 iuxta
1341 2903 1439 2969 ritum
1454 2902 1644 2970 christianae
1658 2903 1822 2988 religionis

646 3020 678 3083 et
700 3036 861 3083 sacrorum
884 3035 1039 3081 canonum
1064 3017 1221 3083 instituta
1256 3017 1300 3083 Et
1321 3038 1512 3103 quamquam
1534 3019 1574 3085 de
1596 3019 1743 3087 bociam
1766 3041 1822 3087 ex-

645 3136 737 3217 perta
760 3134 802 3197 sit
824 3138 880 3197 tua
900 3132 1042 3198 fraterna
1064 3133 1225 3216 sanctitas,
1249 3154 1329 3218 quae
1344 3136 1469 3201 anobis
1484 3136 1710 3220 snutdecreta,
1733 3136 1822 3203 illius

646 3252 753 3313 tamen
775 3246 856 3312 votis
881 3267 989 3312 aurem
1013 3248 1302 3331 accommodantes,
1325 3250 1359 3314 iu
1383 3250 1472 3316 brevi
1494 3249 1618 3335 eloquio
1641 3253 1823 3338 conscripta

647 3362 820 3449 apostolica
841 3362 1030 3429 doomonte
1053 3363 1236 3430 direximus.
1281 3364 1344 3431 Pro
1366 3366 1494 3451 quibua,
1517 3366 1610 3432 utin
1631 3368 1822 3435 sacerdotali

648 3478 778 3561 collegio
800 3478 929 3544 lectioni
951 3478 1126 3565 pandatur,
1157 3484 1189 3545 et
1211 3486 1299 3547 tuam
1320 3482 1494 3549 fraternam
1517 3484 1719 3550 sanctitatem
1740 3485 1822 3552 inibi

648 3595 773 3661 evocari
796 3594 939 3660 dedimus
962 3596 996 3660 in
1019 3596 1188 3661 mandatis.

736 3708 779 3775 Et
801 3709 877 3775 dum
892 3730 950 3795 pro
965 3710 1024 3776 hac
1039 3730 1074 3777 re
1089 3711 1186 3777 tuerit
1202 3718 1407 3795 aggregatum
1421 3714 1600 3798 concilium,
1623 3714 1664 3780 ad
1678 3715 1821 3782 medium

647 3825 841 3891 deducantur
870 3825 1015 3907 sacrilegi
1042 3826 1087 3891 illi
1119 3832 1151 3893 et
1178 3808 1590 3895 coutumaces'Aldebertus
1612 3835 1645 3895 et
1667 3829 1821 3897 Godalsa-

647 3940 732 4007 ciusd
748 3946 780 4007 et
794 3940 938 4007 Clemens
962 3942 1169 4028 exepiscopi,
1192 3948 1229 4008 ιιι
1250 3963 1359 4009 eorum
1377 3944 1479 4011 denuo
1494 3944 1605 4013 subtili
1617 3945 1821 4029 indagatione

648 4057 804 4124 cribretur
826 4076 929 4122 causa.
965 4057 1049 4136 Quos
1073 4059 1102 4123 si
1125 4058 1288 4125 deviantes
1311 4080 1330 4124 a
1351 4060 1549 4127 rectitudinis
1571 4062 1701 4128 tramite
1719 4082 1821 4148 usquc

648 4193 772 4258 quaque
795 4173 1000 4258 reppereritis
1024 4179 1056 4241 et
1078 4175 1215 4242 convicti
1237 4175 1356 4243 tuerint
1377 4176 1538 4261 inclinati,
1567 4177 1608 4243 ad
1637 4176 1723 4244 viam
1746 4197 1821 4244 cou-

648 4288 729 4355 verti
756 4288 970 4373 rectitudinis,
999 4296 1035 4355 ut
1064 4290 1181 4357 bouum
1211 4296 1306 4376 atque
1335 4291 1488 4378 placitum
1515 4292 1549 4357 iu
1577 4292 1676 4359 oculis
1704 4296 1820 4361 vesnia

647 4404 800 4490 paruerit,
824 4424 895 4471 cum
919 4406 1062 4492 principe
1085 4407 1267 4492 provinciae
1289 4408 1447 4494 disponite
1469 4408 1642 4475 secuudum
1656 4429 1819 4477 sacrorum

648 4538 802 4585 canonum
826 4520 956 4587 sancita.
992 4521 1048 4587 Sin
1072 4527 1178 4589 autem
1199 4525 1233 4589 iu
1256 4523 1405 4609 superbia
1426 4525 1633 4611 perstiterint,
1656 4532 1820 4593 coutuma-

720 4710 740 4743 ιι
760 4696 784 4743 in
801 4698 896 4743 delatam
912 4708 945 4744 m
961 4701 983 4744 ia
1000 4702 1034 4744 M.
1128 4700 1151 4745 b.
1173 4718 1216 4747 om.
1234 4706 1268 4749 M.
1358 4714 1379 4749 c.
1399 4701 1465 4749 vobis
1480 4705 1640 4762 praeparatum
1651 4720 1696 4765 pro
1712 4704 1773 4765 qued
1790 4726 1817 4737 ··

648 4779 725 4825 estc.
805 4776 828 4823 d.
850 4776 999 4825 Godclsacius
1017 4780 1042 4825 C.
1121 4794 1141 4826 e.
1163 4780 1229 4841 οιῷἰ
1245 4784 1272 4835 C,
1288 4782 1327 4827 nti
1340 4796 1369 4827 ex
1385 4782 1480 4827 &letam
1496 4792 1536 4829 eat.

721 4883 744 4939 1.
763 4880 826 4937 aar.
839 4882 865 4953 s,
879 4882 921 4937 rs.
976 4883 1001 4937 a.
1020 4880 1077 4937 Iob.
1093 4884 1173 4953 ras.
1228 4886 1254 4939 a
1273 4882 1419 4941 strumo
1436 4886 1462 4955 a,
1477 4887 1519 4941 rc.
1571 4887 1599 4943 a
1616 4886 1817 4945 beaussa.
