4342 6034
628 760 693 827 228
877 776 904 824 s.
920 774 1099 823 aoumsru
1119 775 1165 821 ar
1186 772 1290 822 uuum
1310 770 1499 821 maronia
1522 772 1553 818 ar

629 932 691 1006 82.
713 934 893 1001 Zucbarn'oa
921 958 1010 1023 papa
1038 936 1261 1000 moueatur-ium
1284 932 1442 998 Fuldenee
1470 956 1508 997 erc
1535 932 1686 1017 micaque
1708 928 1803 994 ecele-
1918 919 1919 960 ³

717 1054 782 1116 aiae
805 1065 1032 1137 praeterquam
1055 1052 1220 1117 Romanae
1245 1062 1399 1137 potestate
1419 1047 1535 1114 'mmet
1564 1048 1709 1133 bonoque
1739 1048 1803 1110 eirea

717 1168 905 1251 coufirmct⁸.
1558 1160 1610 1244 (W
1625 1164 1679 1246 88,
1703 1160 1733 1227 G
1750 1160 1805 1241 77}

720 1327 750 1355 a
766 1308 817 1355 eoa.
835 1310 950 1356 carrea.
966 1308 1026 1364 aro
1037 1308 1125 1354 -roa
1248 1325 1277 1352 a
1292 1306 1328 1353 ee.
1340 1310 1406 1352 aem.
1422 1314 1444 1351 a
1459 1324 1488 1351 a
1503 1306 1556 1351 eor.
1568 1308 1701 1351 nontam.
1711 1305 1757 1360 az.
1768 1304 1805 1349 aa

530 1416 580 1470 751
693 1404 862 1473 Zacharias
877 1426 963 1492 papa
973 1404 1132 1472 Bonifatio
1149 1404 1216 1491 epi·
1315 1402 1484 1470 Zacharias
1524 1422 1609 1489 papa
1640 1400 1804 1467 Bonifacio

508 1485 609 1547 (M)
628 1536 723 1611 scopo
747 1530 779 1589 et
800 1542 858 1609 per
882 1540 954 1589 eum
974 1522 1008 1587 in
1023 1521 1215 1587 monasterio
1248 1520 1396 1607 episcopo
1420 1526 1452 1587 et
1473 1540 1532 1607 per
1555 1540 1628 1585 eum
1645 1518 1680 1583 iu
1694 1538 1804 1584 mona·
1918 1535 1919 1594 3

627 1639 666 1706 ab
697 1658 733 1705 eo
761 1643 940 1705 constructo
968 1638 1138 1704 successim
1161 1637 1216 1703 ab
1248 1637 1344 1702 sterio
1369 1634 1408 1702 ab
1432 1656 1468 1702 eo
1491 1640 1671 1702 constructo
1687 1640 1720 1700 et
1734 1654 1804 1700 suc·
1918 1651 1919 1712 ς

627 1754 751 1822 batibus
774 1756 810 1821 in
832 1758 1030 1842 perpetuum.
1248 1770 1326 1817 cess.
1344 1750 1509 1819 abbatibus
1524 1752 1559 1818 iu
1573 1755 1775 1839 perpetuum.

694 1866 867 1949 Quoniam¹
889 1890 1013 1956 semper
1042 1874 1117 1935 suut
1142 1889 1215 1935 con·
1315 1863 1487 1946 Quoniam¹
1502 1888 1627 1955 semper
1641 1873 1716 1933 snut
1731 1886 1804 1931 con-
1918 1863 1919 1920 ἶ

548 1980 551 1986 ’
626 1986 776 2070 cedenda,
793 2006 873 2071 quae
887 1984 1128 2052 rationabilibus
1142 2004 1215 2050 con-
1248 1982 1403 2068 cedenda,
1444 2004 1525 2069 quae
1562 1982 1805 2050 rationabilibus

626 2109 744 2187 gruunt
758 2102 933 2185 desideriis,
957 2106 1092 2187 oportet,
1111 2105 1147 2165 ut
1162 2098 1216 2166 de-
1248 2104 1425 2183 congmuut
1454 2100 1634 2184 desideriis,
1669 2102 1804 2186 oportet,

626 2218 747 2285 votioni
769 2216 941 2284 conditoris
964 2218 1037 2303 piae
1055 2222 1216 2282 construc-
1248 2220 1285 2281 ut
1307 2216 1431 2281 devotio
1454 2216 1626 2282 conditoris
1642 2216 1714 2302 piae
1731 2235 1804 2281 cou-

626 2334 723 2400 tionis
763 2334 934 2400 auctoritas
972 2334 1005 2398 in
1037 2332 1215 2420 privilegiis
1249 2332 1430 2397 structionis
1446 2330 1571 2398 oraculo
1582 2332 1617 2397 in
1629 2330 1804 2419 privilegiis

626 2450 811 2537 prestandis
858 2448 989 2515 minime
1034 2448 1214 2531 denegetur.
1248 2448 1449 2534 praestandis
1471 2448 1604 2514 minime
1623 2447 1803 2531 denegetur.

626 2564 727 2650 Igitur
761 2564 836 2651 quia
868 2564 1037 2651 postulasti
1067 2585 1087 2630 a
1114 2564 1215 2647 uobis,
1248 2563 1349 2647 Igitur
1372 2565 1447 2648 quia
1468 2564 1638 2651 postulasti
1661 2584 1681 2630 a
1701 2563 1803 2648 uobis,

628 2688 782 2768 quatenus
799 2681 1026 2748 monasterium
1043 2678 1216 2747 salvatoris
1249 2686 1404 2765 quatenus
1437 2682 1665 2747 monasterium
1695 2678 1804 2746 Salva-

628 2802 696 2865 ate
711 2803 926 2865 constructum
941 2797 975 2862 iu
989 2797 1068 2881 loco,
1093 2796 1147 2881 qui
1161 2816 1216 2862 vo·
1248 2794 1327 2861 toris
1354 2816 1374 2862 a
1395 2801 1427 2863 te
1450 2802 1680 2880 constructum,
1709 2797 1805 2862 situm

628 2920 717 2982 catur
731 2914 880 2999 Boconia,
904 2934 980 2997 erga
994 2912 1098 2999 ripam
1112 2911 1217 2978 dumi·
1248 2912 1282 2978 in
1298 2912 1377 2997 loco,
1401 2912 1456 2998 qui
1470 2918 1601 2979 vocatur
1614 2910 1803 2995 Bocbouia',

627 3032 677 3098 nis
692 3030 840 3115 Vultaba,
863 3030 1023 3119 privilegii
1041 3029 1125 3095 sedis
1141 3048 1217 3115 apo·
1250 3048 1325 3112 erga
1359 3028 1463 3115 ripam
1495 3026 1659 3095 flumiuis⁶
1692 3027 1804 3113 Fulda,

628 3147 759 3215 stolicae
781 3146 891 3231 infulis
907 3147 1082 3228 decoretur,
1107 3150 1143 3210 ut
1158 3144 1216 3210 sub
1249 3144 1409 3230 privilegii
1431 3143 1514 3212 sedis
1542 3144 1735 3232 apostolicae
1757 3146 1805 3210 in-

627 3262 831 3329 iurisdicioue
854 3242 982 3327 sanctae
1003 3264 1142 3345 nostrae,
1166 3261 1218 3326 cui
1249 3259 1324 3326 tulis
1354 3260 1535 3346 decoretur,
1564 3265 1600 3327 ut
1628 3260 1687 3327 sub
1710 3260 1804 3326 iuris·

628 3377 696 3445 Deo
730 3383 857 3444 auctore
892 3376 1101 3459 deservimus,
1137 3375 1217 3442 ecle-
1250 3376 1388 3443 dictione
1421 3383 1550 3443 sauctae
1577 3382 1720 3461 nostrae,
1755 3376 1804 3443 cui

629 3494 695 3561 siae
715 3494 932 3577 constitutum,
955 3492 1072 3558 nullius
1089 3490 1217 3557 alterius
1249 3491 1317 3558 Deo
1333 3496 1461 3560 auctore
1476 3492 1682 3575 deservimus,
1706 3490 1804 3558 cccle-

628 3731 730 3808 tatur3
755 3746 813 3812 pro
837 3747 900 3811 qua
921 3747 956 3792 re
973 3724 1036 3811 piis
1052 3722 1216 3789 desideriis
1249 3724 1316 3789 rius
1352 3724 1502 3791 ecclesiae
1535 3722 1804 3791 iurisdictionibus

628 3842 787 3927 faventes,
817 3842 876 3908 hac
898 3844 1008 3907 nostra
1030 3840 1217 3906 auctoritate
1249 3839 1469 3921 submittatur3
1499 3861 1557 3927 pro
1587 3861 1650 3925 qua
1677 3860 1713 3907 re
1741 3840 1804 3927 piis

628 3958 672 4042 id,
686 3958 769 4044 quod
784 3958 974 4045 exposcitur,
991 3954 1116 4022 effectui
1127 3976 1217 4021 mau-
1249 3954 1414 4024 desideriis
1437 3958 1590 4045 faventes,
1612 3957 1673 4022 bac
1695 3962 1805 4023 nostra

629 4074 782 4161 cipamus.
816 4072 861 4139 Et
882 4072 953 4139 ideo
969 4090 1095 4139 omnem
1113 4071 1216 4139 cuius-
1250 4073 1438 4141 auctoritate
1452 4074 1496 4159 id,
1512 4073 1598 4159 quod
1612 4073 1803 4159 exposcitur,

702 4290 723 4323 a.
744 4278 815 4324 Huius
832 4278 924 4324 rotulae
939 4279 1044 4335 «raupta
1061 4278 1106 4323 duo
1122 4276 1211 4321 traduc
1227 4285 1285 4322 soar.
1309 4276 1408 4322 Alterum
1424 4278 1507 4339 legitur
1522 4278 1546 4322 ιἰι
1559 4275 1610 4321 cod.
1623 4276 1711 4324 cartu.
1719 4278 1764 4334 fol.
1773 4276 1803 4322 4⁰

633 4358 714 4403 —40o
732 4374 781 4403 cum
797 4359 900 4403 lemmate
916 4358 971 4403 hoc:
991 4354 1096 4416 Epistola
1111 4353 1233 4401 Zacharias
1250 4354 1279 4401 ud
1294 4354 1445 4411 Bonifatium
1467 4357 1560 4402 alariae
1575 4358 1674 4415 exempli
1689 4360 1729 4405 (ex
1742 4372 1802 4411 „na

630 4438 700 4483 cod.“
715 4438 773 4484 adiu
787 4440 809 4483 ia
825 4438 980 4497 Epistularum
998 4436 1145 4483 decretalium
1160 4451 1294 4480 summorum
1307 4437 1447 4494 pontificma,
1464 4438 1552 4481 Βοιιιαι
1563 4435 1631 4491 1691,
1648 4438 1672 4483 T.
1679 4438 1706 4482 11
1713 4452 1738 4494 p.
1746 4436 1801 4486 698)

628 4520 780 4579 fragmentum
796 4516 889 4562 bobeno
904 4518 927 4561 ιἰι
943 4516 994 4560 cod.
1013 4516 1168 4568 Monacensis,
1185 4514 1300 4574 quondan
1316 4516 1460 4577 napaeas,
1475 4516 1519 4570 fot
1527 4514 1571 4570 543
1591 4516 1631 4560 ubi
1644 4516 1726 4564 roban
1739 4530 1802 4573 prae

630 4596 711 4642 eadm
728 4597 828 4643 acaum
844 4604 884 4642 est.
907 4594 961 4642 Vr'd.
975 4610 999 4653 p.
1011 4594 1056 4640 229
1073 4612 1094 4639 ιι.
1106 4606 1127 4638 ι.
1204 4593 1227 4639 b.
1247 4593 1362 4640 Botbouiu
1375 4598 1406 4641 Β.
1483 4606 1504 4640 ο.
1524 4606 1571 4653 quc
1586 4594 1644 4640 aa
1659 4596 1689 4641 R.

701 4701 726 4754 1.
751 4698 904 4769 Utrumque
926 4695 1038 4752 tabulae
1062 4695 1143 4766 buius
1167 4698 1305 4767 exemplar
1328 4698 1424 4753 nititur
1440 4698 1470 4753 in
1487 4696 1604 4753 formula
1622 4696 1698 4753 Libri
1716 4696 1801 4753 diurni

630 4790 815 4844 Romanorum
838 4784 998 4856 pontificum
1021 4784 1064 4841 cd.
1085 4784 1233 4842 timuerim
1254 4802 1283 4856 p.
1300 4787 1365 4843 118:
1391 4786 1545 4859 ,Quoniam
1564 4802 1673 4857 sempor
1690 4790 1756 4843 sunt
1769 4814 1801 4826 -

630 4878 748 4934 axioma
765 4874 944 4933 temerator“.
