4342 6034
548 780 629 826 vrrs
651 777 805 826 insonus
827 777 1089 826 sacmssscoas
1110 777 1307 826 nocusnnn
1443 761 1506 826 621

350 919 477 1004 undique
505 920 653 1004 dirigens.
686 919 771 998 Quas
799 918 939 988 fimbrias
967 919 1080 986 mulier
1108 920 1148 986 ab
1173 918 1358 986 infirmitate
1380 919 1678 986 detentallae-lloo

350 1035 460 1118 tetigit,
490 1041 527 1102 ut
555 1056 575 1102 a
602 1036 695 1102 modo
722 1037 864 1122 pontifex
886 1037 1081 1120 ingrediatur
1105 1036 1145 1102 ad
1168 1041 1278 1102 sancta
1300 1041 1507 1102 assuetorum·⁸

349 1149 410 1216 llos
430 1151 527 1234 igitur
549 1153 747 1235 vestimento,
771 1152 852 1218 siout
874 1152 1015 1218 cadmus
1037 1151 1161 1218 unitate
1184 1158 1217 1218 et
1237 1156 1400 1235 tamquam
1415 1150 1509 1218 talari

348 1267 457 1350 tunica,
480 1265 627 1352 pondfiee
645 1273 711 1333 toto
727 1267 929 1350 circumdato,
953 1273 1062 1334 eontra
1075 1267 1320 1354 temptationum
1334 1266 1508 1350 molimina,

347 1379 413 1448 fidei
435 1387 468 1449 et
489 1383 558 1468 spei
580 1382 819 1468 tollerantieque
841 1389 1003 1467 umquem
1026 1382 1168 1465 loricam,
1190 1381 1330 1448 casulam
1347 1381 1507 1448 induebat

348 1495 436 1564 Gaius
460 1499 639 1564 vestimenti
661 1519 719 1584 pro
740 1499 821 1565 facie
844 1499 1007 1582 dignitatis
1029 1519 1085 1564 sue
1107 1499 1246 1582 genium,
1270 1496 1354 1582 qnod
1376 1497 1509 1583 pallium

346 1613 464 1698 dicitur,
488 1615 527 1680 ad
550 1615 615 1680 ima
636 1635 735 1698 usque
757 1635 970 1700 promergant,
993 1613 1098 1681 fibulis
1121 1615 1226 1680 aureis
1248 1612 1436 1680 venerabilis
1457 1634 1508 1680 ar·

346 1728 556 1816 cbiepiscopus
578 1729 758 1796 Arnoldusl
782 1730 941 1816 applicare
969 1730 1105 1798 iubebat
1198 1728 1250 1796 Sic
1271 1730 1378 1813 itaque
1401 1735 1508 1796 tantus

345 1847 492 1930 pontifex,
515 1847 612 1912 ands
636 1846 881 1914 ministeriorum
904 1847 1011 1914 intulis
1035 1844 1271 1912 sacerdotaliter
1292 1845 1458 1912 redimitas
1472 1851 1511 1922 ut

345 1981 481 2028 summus
509 1962 617 2028 Aaron
646 1963 802 2048 pontifex,
832 1963 973 2049 cydarim
1003 1983 1059 2028 seu
1087 1962 1231 2044 mitram,
1262 1960 1381 2044 qualis⁶
1402 1961 1507 2046 ipsum

345 2075 498 2161 decebatl,
527 2081 563 2142 nt
590 2097 648 2163 pro
676 2097 710 2144 se
739 2083 771 2142 et
793 2097 850 2163 pro
873 2083 939 2144 toto
962 2083 1108 2144 exoraret
1129 2076 1261 2163 populo,
1290 2085 1445 2160 gestans·,
1468 2076 1509 2145 ad

344 2211 482 2260 mensam
505 2192 634 2260 Domini
660 2193 912 2276 religiosissima,
942 2194 1032 2278 quasi
1063 2193 1194 2260 vesdtus
1220 2192 1357 2278 nuptiali
1380 2192 1507 2278 podere,

343 2309 541 2391 gradiebatur
572 2308 744 2376 honestate.
784 2308 892 2386 Qualis
920 2315 1025 2375 autem
1054 2307 1156 2392 onor‘,
1186 2307 1368 2393 qualisqne⁸
1390 2314 1508 2392 gestus,

344 2425 431 2508 quive
455 2425 567 2490 modus
591 2425 730 2508 dicendi,
755 2445 853 2509 queve
876 2425 1068 2508 reverentia,
1092 2444 1164 2491 cum
1186 2425 1285 2490 saeris
1308 2429 1429 2491 astaret
1448 2424 1509 2490 mi·

343 2541 461 2607 stariist
497 2539 680 2625 Quantaque
703 2541 876 2608 honestatis
899 2541 1100 2626 prerogativa
1116 2540 1272 2623 gloriosas
1287 2540 1510 2626 apparebatin

342 2661 510 2744 conspectu
533 2656 671 2739 Domini,
693 2656 828 2739 intelligi
851 2657 951 2739 magis
975 2662 1079 2742 potest
1102 2676 1196 2740 qnam
1220 2657 1291 2722 dici.

429 2772 493 2838 Sed
515 2777 547 2838 et
569 2772 709 2858 eorporis
733 2773 939 2856 quantitatem
964 2776 996 2836 et
1013 2791 1148 2856 persone
1163 2771 1429 2855 elegantissimam
1445 2771 1510 2839 for·

342 2907 424 2954 mam
453 2889 562 2954 divina
591 2887 651 2954 sibi
673 2887 831 2954 indiderat
853 2887 1028 2972 dispositio.
1065 2864 1192 2953 Statura
1214 2905 1351 2972 namque
1373 2886 1510 2953 babebat

341 3002 569 3088 longitudinem
591 3003 646 3070 sed
668 3009 892 3086 mensuratam,
919 3003 1000 3068 sieut
1023 3001 1125 3068 solent
1146 3002 1249 3069 incliti
1271 3009 1365 3070 terre.
1399 3001 1509 3086 Longo

341 3119 434 3202 igitur
458 3139 588 3206 corpore
610 3119 873 3205 corpulentiorem
895 3117 1047 3204 prebebat
1068 3118 1198 3199 faciem3
1228 3119 1262 3184 in
1284 3119 1397 3185 ceteris
1419 3119 1509 3184 inex·

340 3234 468 3318 bansta,
502 3235 651 3302 remissah
679 3241 800 3318 tamen,
835 3233 991 3320 pinguedo
1025 3233 1138 3300 maciei
1170 3233 1333 3302 horrorem
1361 3233 1507 3320 pellebat

341 3349 444 3418 Canus
475 3355 544 3417 erat
571 3356 638 3418 toto
668 3350 798 3431 vertice;
827 3349 1003 3436 crispoque¹
1027 3349 1141 3436 capillo
1170 3350 1305 3416 cesaries
1332 3351 1508 3416 venustatis

340 3465 483 3534 habitum
512 3467 691 3534 admiserat.
733 3465 822 3532 Oculi
851 3465 1002 3548 grandes,
1036 3485 1129 3532 nares
1156 3465 1298 3549 equales,
1328 3465 1417 3532 bons
1444 3467 1510 3534 leta

342 3584 417 3650 satis
442 3583 499 3650 sed
522 3603 645 3664 severa3
671 3589 702 3648 et
724 3581 877 3648 luminum
901 3581 1033 3646 intuitus
1049 3601 1174 3647 morum
1187 3581 1342 3664 gravitate
1357 3581 1507 3665 iidgebat

340 3695 440 3766 Labia
469 3699 657 3784 composita,
686 3698 769 3764 risun
792 3695 925 3762 blandus
949 3702 981 3762 et
1002 3697 1126 3780 suavis,
1154 3697 1259 3764 vultus
1281 3697 1317 3764 in
1338 3697 1509 3782 oblongum

341 3815 445 3882 vivido
480 3815 612 3899 alboque
639 3812 743 3880 colore
770 3811 914 3880 suffusus.
957 3811 1019 3878 Sed
1048 3819 1080 3880 et
1109 3813 1210 3881 omnis
1238 3813 1335 3880 lacios
1362 3819 1509 3880 constan·

340 3929 436 3996 nam*
460 3931 642 4016 pondusque
666 3929 861 3996 auctoritatis
884 3927 1027 3994 habebat.
1062 3928 1165 4012 Agilis
1188 3934 1222 3995 et
1242 3929 1313 4016 pro¹
1332 3931 1509 4014 quantitate

341 4065 398 4112 aaa
421 4045 590 4113 admodum
614 4051 682 4112 erat
704 4044 841 4128 gracilis,
864 4049 988 4111 torosus
1009 4049 1117 4111 tamen
1140 4043 1270 4112 artubus
1294 4045 1510 4134 aplantape

341 4159 388 4228 dis
412 4182 513 4247 usque
535 4163 575 4228 ad
598 4162 761 4242 verticem3
785 4165 821 4226 ut
843 4161 897 4225 vix
918 4159 969 4226 vel
991 4159 1078 4226 nulla
1100 4160 1135 4227 in
1157 4180 1194 4226 eo
1208 4161 1426 4246 reperiretur¹n
1441 4183 1509 4232 ma·

341 4276 420 4344 cula
513 4276 576 4344 Sed
598 4283 630 4344 et
652 4275 796 4344 affectum
820 4275 916 4342 animi
938 4275 1019 4342 facie
1041 4275 1200 4361 proclivan
1214 4275 1357 4353 laxabat;
1381 4279 1457 4362 qnia
1474 4279 1509 4344 in

341 4393 497 4460 subrubeo
521 4393 624 4460 colore
646 4393 791 4476 gratim,
813 4392 847 4458 in
865 4391 995 4458 rubore⁰
1011 4391 1263 4476 commotionem,
1284 4393 1319 4458 in
1333 4393 1509 4460 ominibns'

413 4541 435 4574 s.
456 4529 522 4574 Esse
542 4529 615 4574 locare
637 4529 737 4573 mutilam
757 4543 804 4574 esse
822 4534 893 4584 petet.
918 4527 963 4582 Qui
975 4529 1076 4580 fortusse
1090 4527 1126 4572 ric
1140 4544 1170 4571 ex
1182 4535 1249 4584 parte
1264 4527 1402 4586 supplendus
1417 4536 1463 4574 est.-
1482 4529 1510 4573 nt

342 4617 356 4651 a
369 4605 460 4664 molrbo
475 4607 609 4654 liberaretur
624 4638 753 4652 .........
770 4604 869 4666 qnsnldo
881 4604 983 4664 pontilex
994 4614 1034 4650 css.
1096 4604 1120 4652 b.
1139 4605 1255 4652 Arnuldus
1266 4605 1288 4651 1.
1350 4619 1370 4652 a
1386 4605 1475 4666 qualem
1486 4607 1509 4652 1.

342 4685 363 4732 d.
383 4687 477 4734 dicebat
492 4687 514 4734 1.
596 4700 615 4732 a.
637 4686 737 4744 gestiam
755 4688 776 4732 1.
863 4684 878 4730 i.
901 4697 957 4732 onor
971 4687 1055 4743 seipse·
1066 4701 1110 4744 pro
1126 4684 1183 4730 odor
1200 4687 1226 4741 1,
1243 4686 1265 4730 2.
1352 4698 1374 4743 g.
1395 4684 1470 4744 qualis
1485 4686 1507 4731 2.

341 4764 364 4811 la
384 4767 506 4812 inremisss
522 4769 544 4822 1,
561 4769 583 4812 2.
644 4766 660 4811 1.
680 4766 813 4825 crispusque
830 4767 852 4821 1,
868 4764 1002 4823 crispusque
1018 4765 1040 4809 2.
1101 4763 1274 4810 hoenstsucie
1290 4765 1312 4819 1,
1329 4765 1470 4810 eoustmtiae
1486 4766 1509 4810 2.

341 4843 356 4889 1.
375 4858 418 4904 pro
436 4847 526 4892 addidi.
598 4857 628 4890 su.
648 4845 773 4902 reperietur
790 4845 810 4890 1.
882 4857 905 4889 n.
925 4842 1020 4903 prodita
1037 4845 1058 4889 1.
1131 4857 1152 4889 o.
1174 4842 1411 4901 salengretum
1426 4843 1508 4890 rubore

341 4928 425 4984 πήρη·
436 4941 479 4984 pro
495 4925 590 4984 gratim
604 4925 628 4970 in
644 4923 725 4970 rubore
742 4923 817 4970 colore
834 4925 856 4982 1,
872 4923 895 4969 2.
971 4936 995 4982 p.
1015 4921 1120 4969 omnibus
1136 4925 1158 4981 1,
1175 4924 1197 4970 2.
