4342 6034
640 730 706 799 372
951 745 1138 795 nemaeum
1159 745 1388 795 uoousumsu
1410 744 1448 792 ae.
1464 742 1495 789 aa

495 894 536 949 aaa
551 894 620 950 1021
639 906 768 955 manum
789 886 982 973 imponimus
1005 886 1060 953 eis.
1132 884 1293 953 Feoundet
1313 884 1469 951 Dominus
1490 890 1524 951 et
1545 881 1715 971 amplitioet
1732 888 1796 949 tru-

497 976 537 1021 ⁸⁸²
552 965 620 1021 ¹⁰⁹⁷
638 1007 706 1071 tam
727 1002 862 1087 gratiam
885 1002 919 1067 in
941 1000 1039 1085 vobis,
1062 1007 1109 1085 ut,
1133 1002 1161 1067 si
1183 1001 1268 1087 quod
1290 1000 1392 1067 adbuo
1414 1000 1521 1084 otiam,
1543 998 1578 1065 iu
1599 1018 1661 1083 quo
1675 997 1799 1066 eoaleeia

639 1117 804 1202 offendat,
833 1116 1027 1184 obstaculum
1054 1121 1175 1184 restare
1197 1118 1375 1200 senseritis,
1404 1116 1514 1184 eadem
1536 1113 1661 1183 cautela
1681 1112 1799 1201 propel-

637 1233 703 1300 lere
736 1220 840 1300 velitis
875 1238 907 1299 et
938 1232 1104 1299 industria
1194 1231 1244 1299 De
1276 1238 1380 1299 oetero
1412 1230 1606 1299 orationibus
1632 1230 1746 1297 vestrm
1770 1234 1801 1295 et

639 1349 740 1415 saneti
764 1348 929 1431 examinis,
952 1347 1010 1415 sub
1033 1353 1138 1415 vestro
1158 1346 1312 1431 regimine
1325 1346 1546 1432 mellificantis,
1567 1346 1705 1414 reoreari
1718 1349 1801 1432 opa-

638 1484 719 1531 mus.
753 1462 806 1548 Et,
832 1464 885 1549 qui
907 1484 991 1529 nune
1013 1463 1071 1530 sub
1094 1463 1196 1529 erucis
1217 1462 1328 1530 babitu
1350 1464 1414 1531 assi
1430 1464 1527 1550 pieois
1542 1468 1633 1549 parte
1647 1461 1802 1544 oibamini,

639 1584 675 1646 ut
697 1579 883 1665 quaudoque
905 1581 977 1647 lavo
1000 1579 1104 1648 mollis
1126 1578 1215 1662 digni
1237 1578 1427 1662 habeamini,
1449 1600 1502 1646 me
1524 1598 1658 1665 quoque,
1681 1577 1803 1659 alonge

639 1694 723 1762 haud
745 1700 872 1761 strenue
895 1702 1068 1763 certantem
1091 1700 1124 1761 et
1145 1694 1302 1763 interdum
1326 1696 1462 1761 emtione
1483 1694 1595 1762 rebeta
1611 1693 1681 1761 loeo
1697 1692 1804 1761 ceden-

634 1815 714 1895 tem,
736 1810 882 1897 precibus
905 1811 1019 1878 vestris
1041 1829 1190 1877 revocare
1212 1810 1326 1895 volitis,
1349 1810 1484 1878 sollieite
1505 1829 1663 1895 rogamus.

641 2140 703 2211 29.
724 2142 812 2207 Rem
834 2140 931 2205 abbae
954 2138 1125 2225 Aapiensa'e
1147 2140 1288 2205 Ariboae'
1307 2141 1543 2227 archiepiscopo
1558 2140 1750 2226 tropaeam
1772 2140 1806 2204 da

729 2269 865 2344 quotuor
886 2269 1060 2341 tensporum
1081 2257 1209 2321 taenia
1231 2256 1394 2342 dablepam
1415 2253 1567 2322 dedicat!

473 2397 629 2453 1021-1031
728 2388 957 2455 Amantissimo
972 2387 1101 2453 Domini
1116 2387 1249 2455 Ariboui
1264 2388 1419 2455 odorifero
1434 2386 1618 2474 pontifioum
1632 2385 1706 2453 flori
1716 2386 1806 2469 Bern,

640 2502 701 2571 Dei
727 2504 839 2570 matris
865 2524 1027 2571 sorvorum
1050 2508 1226 2587 extremus,
1256 2503 1444 2571 indiscretae
1466 2502 1539 2571 lidei
1561 2504 1678 2591 pignus
1701 2501 1809 2570 simul·

641 2639 701 2705 que
723 2638 857 2707 pensum
880 2618 977 2686 debiti
998 2618 1179 2685 famulatus.
1411 2623 1413 2626 ’

729 2733 882 2803 Dootrina
910 2740 942 2802 et
967 2736 1101 2820 ueritas,
1130 2754 1211 2821 quae
1231 2734 1435 2801 inrationali
1458 2735 1595 2822 postoris
1616 2736 1665 2802 tui
1688 2735 1809 2803 deoorie

640 2850 689 2917 sui
705 2852 841 2937 speeiem
856 2856 1123 2937 praemonstrant,
1147 2850 1235 2917 adid
1250 2870 1357 2917 meum
1370 2850 1561 2918 induoebant
1575 2851 1730 2937 animum,
1751 2869 1809 2936 quo

641 2972 672 3033 te
695 2986 773 3053 prae
795 2968 908 3034 esteris
930 2966 1059 3051 dignum
1084 2967 1246 3050 deberem,
1269 2966 1359 3033 ouius
1380 2966 1607 3035 examinationi
1628 2965 1717 3034 illius
1739 2986 1809 3033 nar·

640 3082 772 3149 rationis
799 3083 928 3166 seriem,
959 3102 1054 3168 quam
1079 3102 1182 3170 nuper
1204 3082 1262 3151 sub
1283 3082 1530 3166 interrogatione
1552 3088 1585 3149 et
1605 3084 1810 3169 responsione

641 3198 680 3265 de
708 3198 832 3265 ieiuniis
855 3203 989 3284 quatuor
1011 3202 1190 3285 temporum
1207 3198 1302 3282 edidi,
1325 3197 1587 3265 commendarem.
1622 3197 1712 3265 Nihil
1727 3198 1808 3265 enim

639 3313 686 3381 ibi
715 3334 754 3380 ex
782 3314 919 3401 propriis
948 3333 1018 3379 sum
1045 3319 1290 3399 oommentatus‚
1319 3314 1391 3397 sed,
1421 3312 1505 3398 quod
1527 3314 1641 3380 exinde
1664 3314 1809 3400 antiquos
1917 3380 1919 3383 Α

641 3433 747 3516 patres
762 3428 968 3516 probabiliter
988 3428 1125 3496 elocutos
1148 3430 1246 3497 luisse
1267 3428 1409 3496 invenire
1423 3429 1523 3516 potui,
1545 3428 1692 3513 diligenti
1705 3430 1808 3516 dispo
1917 3440 1919 3511 j

641 3544 755 3613 sitione
777 3544 940 3612 scribendo
963 3546 1135 3612 memoriae
1154 3544 1381 3612 commendavi.
1416 3544 1464 3611 Tu
1479 3565 1554 3612 vero
1568 3565 1663 3631 nuno,
1686 3565 1809 3633 oprae

642 3660 745 3728 sulum
768 3661 873 3745 deone,
897 3660 989 3745 aequi
1011 3660 1188 3727 libraminis
1210 3660 1300 3728 lauoe
1322 3682 1418 3747 queso
1436 3660 1606 3748 perpende,
1628 3665 1809 3728 utrumnam
1917 3638 1919 3661 ²

642 3778 684 3843 sit
705 3777 835 3862 dignum
858 3776 1123 3861 pronuntiatione.
1159 3775 1240 3855 Quia
1262 3776 1339 3843 sads
1362 3775 1424 3843 erit
1445 3782 1561 3862 ratum
1584 3778 1612 3844 si
1634 3777 1718 3845 tanti
1731 3796 1808 3865 pon·

642 3890 734 3959 tiliois
758 3890 944 3959 autoritate
966 3890 1062 3957 tuerit
1083 3892 1290 3959 roboratum.⁶

714 4198 735 4231 ι.
757 4183 850 4231 blandai
864 4203 884 4231 r.
966 4184 989 4231 b.
1009 4203 1038 4231 σε
1058 4187 1110 4232 aod.
1127 4186 1242 4247 quondm
1262 4187 1374 4242 ι’ψήοήσ
1395 4186 1527 4231 monaterii
1540 4185 1723 4241 mimir,
1744 4184 1808 4231 todia

643 4262 753 4310 rotularis·
770 4267 828 4327 regii
842 4267 1002 4320 aleaume,
1023 4266 1192 4311 membranaceo
1211 4262 1473 4319 srec.111fol.6'ir,·
1494 4280 1544 4309 ιιι
1562 4264 1605 4309 laec
1620 4266 1735 4311 hum.-
1753 4264 1808 4311 lan

642 4342 750 4403 prologus
766 4342 868 4389 eiusdem
884 4342 972 4390 abbatis
987 4342 1017 4389 ad
1033 4344 1189 4404 supradictum
1203 4342 1399 4402 uahtepboopun
1414 4341 1444 4388 de
1457 4341 1615 4389 observatione
1624 4343 1704 4391 ieiunil
1714 4344 1809 4403 mutuor

642 4424 778 4482 temporum.
789 4446 816 4455 -
833 4423 915 4469 Edidit
932 4425 978 4470 Per
995 4424 1058 4471 rhea.
1076 4423 1156 4470 med.
1171 4424 1210 4469 17
1221 4425 1250 4469 Ρ.
1262 4426 1287 4469 11
1301 4422 1332 4470 bb
1347 4440 1377 4468 a
1391 4422 1443 4469 aad.
1458 4425 1484 4471 S.
1495 4424 1660 4469 &mma
1735 4434 1757 4468 a.
1776 4438 1808 4467 u·

645 4504 718 4564 quim
737 4504 760 4547 is
781 4502 859 4548 codice
873 4500 983 4561 Dialogus
1003 4502 1063 4549 inter
1079 4502 1139 4548 Bam
1153 4502 1267 4560 tugensis
1287 4501 1391 4548 oomobii
1410 4500 1516 4547 abbatem
1536 4502 1559 4547 et
1574 4501 1708 4549 nemum
1723 4500 1806 4547 (lem-

643 4592 696 4639 gum
711 4580 810 4638 ntitas,
826 4581 923 4641 qualiter
938 4584 1035 4641 quatuor
1049 4585 1178 4641 temporum
1192 4581 1278 4629 istut·
1292 4595 1334 4641 per
1348 4594 1391 4627 rua
1405 4580 1500 4628 sabbata
1514 4580 1561 4627 sint
1571 4580 1718 4629 observanda
1740 4578 1807 4638 oud

644 4662 774 4720 menum
790 4661 862 4707 reses
878 4664 925 4708 μη
940 4662 956 4706 ι.
967 4662 984 4706 ι.
995 4660 1102 4708 re-os.
