4342 6034
626 729 669 793 58
876 744 902 791 s.
920 744 1100 791 normann
1117 746 1162 791 ar
1180 745 1286 810 ,nunu
1308 743 1496 791 nrmronarr
1519 745 1549 790 ro

465 889 608 946 717-718
627 886 820 973 splendoris,
848 886 1022 973 stupendae
1049 884 1256 969 longitudinis
1285 890 1318 952 et
1339 884 1516 951 altitudinis
1537 885 1708 953 inmensae.
1755 883 1799 951 Et

628 1008 753 1069 sanatos
783 1002 911 1087 angelos
940 1002 1075 1068 dixisse:
1107 1003 1197 1068 Haeo
1223 1016 1268 1068 eat
1294 1005 1379 1067 enim
1404 1002 1463 1067 allo
1489 1016 1600 1069 sonato
1628 1015 1659 1068 at
1684 1002 1798 1070 ὑιοὶιὶα

627 1123 754 1200 evum,
780 1120 919 1185 coelestiis
942 1119 1159 1200 Hierusalem,
1183 1122 1219 1183 ἐπ
1241 1140 1306 1204 qao
1328 1121 1406 1185 osae
1425 1118 1650 1205 perpetualiter
1670 1130 1798 1183 sanetae

623 1236 805 1323 pandebant
833 1238 966 1301 arsinoae.
1057 1233 1131 1300 Illas
1160 1234 1268 1318 itaque
1303 1232 1426 1300 animas
1458 1238 1491 1300 et
1521 1233 1614 1300 istius
1641 1232 1798 1318 gloriosae

626 1351 764 1417 civitatis
792 1370 914 1433 muros,
944 1351 985 1417 ad
1014 1370 1108 1435 quam
1136 1355 1211 1437 post
1236 1350 1408 1417 transitum
1433 1347 1572 1415 fluminis
1593 1348 1797 1432 festinabant,

626 1471 693 1532 tam
715 1486 830 1549 magna
852 1466 988 1532 inmensi
1010 1466 1139 1533 luminis
1162 1466 1306 1533 olaritate
1328 1472 1361 1533 et
1374 1465 1496 1549 fulgore
1511 1464 1713 1551 splendentes
1728 1484 1798 1531 esse

627 1582 718 1665 dixit,
741 1586 786 1665 ut,
810 1582 1019 1649 reverberatis
1042 1582 1205 1649 ooulorum
1226 1582 1367 1669 pupillis,
1389 1602 1449 1669 pro
1464 1580 1564 1649 nimio
1579 1580 1750 1667 splendore
1763 1581 1798 1647 in

627 1718 680 1765 eos
701 1697 881 1764 nullatenus
905 1698 1045 1783 aspicere
1067 1700 1233 1785 potuisset

713 1814 863 1880 Narravit
890 1833 1028 1899 quoque,
1060 1813 1101 1879 ad
1127 1813 1219 1879 illum
1245 1818 1433 1880 eonventnm
1461 1813 1545 1879 inter
1571 1811 1649 1879 aliae
1671 1812 1798 1880 venisse

625 1930 788 1999 omusdam
810 1930 946 1996 hominis
969 1930 1119 2024 auimam,
1142 1929 1197 2014 qui
1217 1930 1253 1995 in
1274 1929 1398 1997 abbatis
1421 1927 1524 1995 offioio
1546 1928 1711 1995 defunctus
1732 1934 1796 2011 est3

625 2068 705 2133 quae
734 2047 877 2133 speciosa
903 2046 998 2111 nimis
1028 2050 1060 2111 et
1086 2045 1227 2112 formosa
1256 2066 1326 2113 esse
1347 2046 1418 2111 risa
1442 2050 1500 2112 est.
1540 2044 1643 2123 Quam
1663 2044 1797 2129 maligni

625 2163 755 2250 spiritus
775 2162 935 2247 rapientes
954 2160 1187 2228 contendebant
1199 2164 1295 2229 sodis
1310 2182 1418 2229 eorum
1434 2167 1467 2229 ot
1481 2160 1672 2227 oondioionis
1686 2160 1795 2228 fnisse

624 2278 799 2365 Respondit
821 2296 895 2361 ergo
918 2296 999 2350 unus
1023 2297 1062 2343 ex
1079 2276 1175 2343 ohoro
1191 2277 1375 2362 angelorum
1389 2278 1511 2345 disens:
1537 2277 1726 2344 Ostendam·
1739 2299 1796 2344 oo·

625 2396 673 2461 bie
701 2398 778 2475 otto,
807 2397 978 2459 mumma·
1003 2398 1151 2481 spiritua,
1184 2398 1262 2481 qaia
1283 2408 1403 2461 aanor
1419 2398 1584 2483 potestates
1606 2396 1716 2459 aalma
1737 2394 1798 2460 ida

619 2511 778 2598 probatur
799 2533 863 2575 aon
887 2532 959 2575 eoae.
993 2508 1037 2575 Et
1058 2509 1109 2575 his
1132 2510 1234 2595 dietis,
1262 2516 1392 2596 repente
1414 2510 1585 2577 intervenit
1605 2528 1723 2593 magna
1743 2529 1796 2577 oo·

623 2624 716 2692 horsb
740 2624 945 2691 candidarum
974 2626 1167 2711 animarum,
1198 2646 1278 2712 quae
1304 2625 1466 2693 dioebantt
1497 2626 1614 2694 Senior
1635 2640 1665 2693 et
1685 2628 1794 2694 doctor

623 2756 728 2809 aoater
741 2744 814 2829 fuit
834 2746 907 2824 iate,
937 2755 966 2807 et
986 2764 1044 2808 aoa
1068 2766 1173 2809 ornares
1195 2766 1252 2809 auo
1274 2746 1454 2829 mopoirterio
1477 2744 1617 2809 damatus
1638 2756 1684 2810 eet
1704 2744 1793 2821 Deo;

625 2874 654 2927 et
675 2861 733 2925 too
750 2864 854 2947 pretio
878 2860 1055 2947 redemptos
1079 2874 1137 2941 eat,
1166 2873 1195 2926 et
1214 2863 1311 2925 vestra
1329 2862 1411 2925 earu
1433 2881 1499 2925 ooo
1521 2881 1585 2925 esee
1606 2861 1792 2941 dinoscitur,

624 2980 673 3043 et‘
697 2975 787 3061 quasi
810 2994 880 3042 oum
905 2974 1025 3058 angelis
1048 2980 1160 3042 annua
1180 2975 1348 3042 daemones
1365 2995 1505 3062 pugnam
1518 2974 1647 3041 innunt
1679 2974 1724 3042 Et
1737 2975 1793 3041 ad·

622 3092 773 3157 minioulo
802 3091 985 3175 angelornm
1014 3091 1185 3177 eripientes
1211 3091 1300 3157 illam
1323 3092 1463 3157 animam
1485 3092 1525 3158 de
1546 3096 1703 3178 potestate
1724 3110 1793 3157 ma·

622 3208 781 3292 lignorum
804 3207 973 3293 spirituum
990 3206 1213 3273 liberaverunt
1247 3206 1291 3273 Et
1304 3226 1377 3273 oum
1390 3208 1558 3293 increpans
1573 3206 1703 3291 angelus
1718 3207 1793 3274 dae·

623 3342 732 3388 mones
762 3322 858 3389 dixit:
890 3324 1008 3390 Scitote
1031 3326 1125 3389 modo
1153 3337 1182 3389 et
1208 3325 1389 3411 iamllepa'te,
1420 3327 1506 3411 qaod
1532 3327 1673 3390 animam
1699 3327 1793 3391 atam

622 3443 690 3505 siae
716 3442 785 3504 iure
812 3444 983 3527 rapuissem
1013 3454 1043 3505 et
1070 3442 1232 3520 discedite,
1262 3444 1433 3505 mraerrdma'
1452 3443 1600 3528 epirotae,
1630 3444 1667 3506 ia
1687 3443 1793 3527 marm

622 3568 790 3622 aeternam.
881 3554 961 3621 Cum
984 3575 1058 3621 vero
1081 3556 1141 3621 hoo
1163 3555 1296 3621 dixisset
1318 3555 1458 3639 angelus,
1480 3555 1554 3623 ilieo
1575 3555 1708 3640 maligni
1727 3556 1792 3643 spi·

621 3672 703 3737 ritus
730 3670 915 3737 levaverunt
942 3670 1050 3737 fletum
1079 3677 1112 3737 et
1139 3670 1294 3737 ululatum
1320 3690 1487 3755 magnum3
1515 3672 1550 3739 in
1576 3677 1738 3739 momento
1760 3677 1793 3739 et

622 3788 714 3872 quasi
738 3787 773 3852 in
795 3787 861 3853 iotu
884 3784 983 3853 oeuli¹
1005 3787 1127 3874 pernioi
1149 3786 1256 3853 volatu
1277 3787 1439 3854 iactabant
1460 3808 1494 3855 se
1515 3788 1550 3853 in
1572 3788 1792 3875 supradictos

621 3907 733 3991 puteos
757 3902 839 3987 ignis
863 3903 1017 3983 ardentis3
1043 3907 1074 3968 et
1097 3908 1170 3989 post
1185 3902 1344 3969 modioum
1360 3903 1562 3971 intervallum
1577 3904 1702 3987 emersi,
1723 3923 1792 3971 oer-

620 4022 725 4086 tantes
747 4020 781 4085 in
803 4018 859 4084 illo
882 4022 1037 4085 oonvsntn
1060 4018 1175 4084 iterum
1192 4018 1232 4084 de
1248 4019 1424 4087 animarum
1438 4020 1560 4087 meritis
1576 4020 1790 4107 disputabant.

710 4134 754 4201 Et
775 4134 971 4201 diversorum
992 4134 1108 4201 merita
1121 4134 1293 4220 hominum,
1316 4138 1349 4202 in
1364 4136 1424 4202 hae
1438 4137 1505 4202 vita
1519 4136 1791 4222 eommorautium,

621 4250 747 4317 dioebat
769 4270 802 4317 se
824 4250 879 4316 illo
901 4250 935 4315 in
957 4254 1101 4337 tempore
1122 4251 1279 4339 speculari
1300 4253 1451 4339 potuisse.
1485 4251 1529 4319 Et
1549 4252 1632 4337 illos,
1655 4252 1710 4338 qui
1724 4272 1792 4321 soe-

620 4366 739 4433 leribus
762 4366 889 4433 obnoxii
912 4386 976 4432 non
997 4366 1125 4434 fuerumt
1147 4373 1179 4435 et
1201 4370 1265 4454 qni,
1288 4370 1406 4435 sanetis
1420 4368 1591 4435 virtutibus
1610 4369 1694 4454 freti,
1716 4390 1791 4457 pro-

620 4482 735 4569 pitium
764 4482 1012 4570 omnipotentem
1040 4483 1145 4551 Deum
1172 4485 1320 4552 habuisse
1346 4484 1572 4569 nosoebantur,
1602 4486 1641 4553 ab
1670 4486 1792 4569 angelis
1939 4571 1940 4574 Ἴ

621 4618 747 4686 semper
769 4604 854 4665 tutos
879 4620 916 4667 ae
938 4600 1098 4685 defensos,
1129 4608 1162 4668 et
1183 4602 1229 4669 eis
1251 4602 1383 4668 caritate
1405 4606 1438 4667 et
1458 4603 1695 4690 propinquitate
1717 4622 1791 4670 oon·
1823 4626 1827 4633 ·
1939 4641 1940 4662 1

692 4756 713 4789 a.
734 4742 886 4790 Ostendemus
903 4746 929 4791 C.
1006 4744 1029 4791 b.
1050 4742 1133 4791 choors
1149 4745 1207 4793 MV.
1285 4757 1305 4790 a
1325 4744 1349 4789 et
1364 4744 1478 4790 adactam
1494 4754 1528 4792 ess
1543 4748 1566 4791 ia
1583 4746 1610 4792 θ.

692 4848 716 4902 1.
741 4848 755 4902 1
770 4846 890 4903 Corinth.
905 4846 947 4917 15,
960 4848 1008 4903 52:
1029 4848 1082 4919 ,ln
1099 4852 1247 4919 momento,
1265 4847 1294 4902 iu
1310 4848 1368 4903 totu
1385 4847 1488 4904 oeuli“.
