4342 6034
581 780 609 828 s.
624 779 802 829 noumsrn
823 781 867 829 rar
889 781 993 829 nunu
1013 780 1202 829 memnones
1225 782 1268 827 ιιι
1444 763 1510 829 273

353 943 462 1007 seraper
487 922 691 989 eremmon
719 936 771 988 eat
818 920 917 1000 Quid·
939 927 989 989 est
1016 923 1102 989 enim
1129 922 1222 989 buius
1245 919 1356 987 mundi
1377 918 1512 1003 fugitiva
1529 927 1670 983 teb-tot

351 1035 473 1103 felicitas
496 1042 529 1103 et
550 1037 669 1103 caduca
689 1038 884 1123 prosperitus
906 1038 970 1104 nisi
992 1057 1093 1123 vapor
1115 1041 1148 1105 ct
1169 1035 1294 1103 fumus?
1324 1033 1410 1103 Inter
1431 1040 1512 1103 tem-

350 1150 481 1236 poralem
503 1151 764 1237 prosperitateml
788 1156 821 1218 et
843 1157 1006 1219 aeternam
1026 1152 1211 1219 felicitatem
1232 1150 1367 1219 mulum
1383 1151 1511 1235 distare,

351 1266 412 1351 qnis
432 1267 608 1352 peritorum
628 1266 775 1350 ignorat?
797 1266 966 1335 Discamus
985 1270 1084 1352 igitur
1098 1268 1158 1335 hac
1172 1266 1340 1353 temporali
1355 1271 1513 1354 potestate

349 1381 405 1446 frui
425 1388 532 1467 preter
554 1387 697 1449 emmam
718 1382 918 1469 felicitatem,
947 1384 1036 1451 etin
1058 1384 1147 1452 cuins
1171 1383 1397 1470 conparatione
1419 1381 1513 1449 nobis

351 1496 447 1563 omnia
467 1496 631 1565 vilescant

428 1611 625 1681 Vestimenta
645 1613 806 1699 preciosa,
829 1613 967 1681 caballos
988 1615 1074 1682 farre
1096 1620 1221 1703 pastos,
1246 1613 1431 1699 accipitres⁰
1454 1610 1515 1677 fal·

350 1746 495 1812 mneeqne
517 1748 590 1795 eum
612 1730 716 1797 curvis
739 1728 908 1813 unguibus,
930 1729 1083 1797 latrantes
1099 1748 1203 1813 canes,
1227 1726 1426 1797 scurrarumd
1442 1726 1515 1793 bac-

349 1842 517 1929 elationes,
546 1844 609 1911 cibi
637 1850 792 1931 potusque
814 1847 991 1932 exquisitae
1014 1845 1190 1913 dulcedinis
1213 1864 1361 1931 sapores,
1393 1843 1516 1927 argenti

351 1962 470 2046 aurique
492 1960 664 2027 mamantis
685 1963 828 2049 pondera
850 1968 1056 2050 spargantur3
1080 1968 1116 2029 ut
1131 1961 1173 2027 sit
1187 1960 1292 2027 mollis
1308 1959 1422 2027 culcita
1437 1978 1516 2045 pau·

350 2076 430 2143 satio.
523 2075 693 2161 Molliaque
721 2078 889 2145 cervicalia
916 2100 936 2145 a
962 2078 1040 2145 viris
1069 2077 1175 2164 potius
1204 2076 1390 2143 exibeantur
1419 2094 1514 2159 quam

350 2189 538 2259 aflammeis
560 2193 684 2278 puellis.
773 2194 859 2262 Ante
881 2194 989 2261 omnia
1009 2195 1136 2260 incauta
1150 2192 1350 2259 familiaritas
1366 2194 1514 2259 extrane-

351 2327 431 2373 arum
456 2304 668 2375 feminarnm¹
690 2309 885 2391 abscidatur;
916 2310 992 2395 qnia
1018 2330 1094 2396 sepe
1117 2308 1296 2375 seducimur
1317 2308 1446 2373 incauta
1468 2325 1518 2372 sc·

350 2424 473 2491 canate
496 2424 606 2510 peius,
635 2444 730 2509 quam
754 2432 864 2511 aperta
885 2426 1103 2513 temptatione.
1195 2421 1436 2490 Tumultuosam
1459 2420 1519 2486 mi-

349 2540 514 2607 sistrorum
543 2538 780 2607 multitudinem
801 2541 992 2608 clandistina
1013 2542 1193 2608 divinarm
1208 2540 1437 2625 scripturarum
1455 2535 1519 2603 elo·

350 2657 417 2740 quia
437 2654 611 2743 expellant.
647 2656 728 2735 Quia
749 2656 806 2722 illa
827 2657 920 2725 fovea
941 2658 1029 2724 omni
1051 2655 1195 2723 custodia
1217 2654 1357 2721 cavenda
1381 2658 1439 2737 est,
1462 2672 1520 2739 par

351 2790 435 2856 quam
469 2770 627 2857 plurimos
659 2772 833 2839 miserabili
846 2773 956 2840 ruina
983 2772 1195 2858 conspicimus
1223 2770 1389 2837 corruisse.
1437 2766 1519 2834 Nam

350 2904 416 2973 sepe
442 2888 594 2955 robustus
621 2887 713 2955 miles
741 2888 949 2955 imesussima
969 2888 1107 2957 telorum
1130 2884 1321 2953 iaculatione
1344 2904 1380 2951 eo
1404 2884 1518 2949 fortine

350 3002 548 3089 inpugnatur,
571 3023 632 3088 quo
654 3004 791 3071 invictas
814 3004 950 3071 videtur.
1040 3001 1191 3081 Quemvis
1214 3000 1273 3067 hoc
1296 3000 1394 3067 inisse
1417 3005 1449 3066 te
1464 3018 1520 3066 no·

350 3119 461 3201 gotinm
497 3118 620 3204 liquido
652 3120 796 3189 noverim
831 3120 994 3187 occasione
1024 3118 1249 3185 lucrandarum
1279 3116 1458 3183 animarum
1489 3119 1522 3181 et

350 3256 401 3319 pro
427 3236 536 3303 madio
563 3234 770 3321 multiplicius
798 3235 957 3303 serviendi
984 3234 1068 3317 Deo,
1104 3238 1212 3299 temen
1240 3236 1415 3299 memento:
1445 3230 1523 3317 quia

351 3350 469 3419 nobem
492 3370 625 3417 manum
647 3351 745 3417 durus
774 3351 906 3438 capulus
934 3354 1111 3437 exasperat.
1203 3347 1421 3435 Quapropter,
1449 3366 1522 3413 care

350 3466 461 3551 collega
484 3465 702 3549 iamdudum,
726 3472 759 3533 et
780 3488 865 3534 nnnc
887 3468 939 3553 pie
961 3471 1139 3553 preceptor,
1163 3470 1198 3531 in
1214 3466 1357 3532 comibus
1374 3464 1520 3551 operibus

351 3586 404 3648 taio
424 3605 602 3649 memorare
623 3586 796 3648 noviaea'ma
818 3596 890 3664 tata,
913 3596 944 3650 et
963 3588 1000 3648 ia
1021 3596 1183 3649 ammam
1203 3604 1269 3648 non
1286 3575 1462 3668 peccaba'a'.

430 3697 609 3765 Festinatio
638 3700 745 3763 autem
773 3697 815 3762 ad
841 3702 874 3765 te
902 3697 1050 3765 veniendi
1076 3700 1209 3783 propter
1231 3695 1439 3782 multiplicem
1461 3695 1519 3761 tri-

351 3812 548 3897 bulationem,
572 3834 667 3899 quam
688 3812 805 3897 iugiter
818 3811 887 3880 Deo
908 3814 1028 3896 gratias
1050 3813 1254 3896 sustinemus,
1277 3810 1357 3877 mihi
1377 3809 1517 3896 undique

352 3928 502 4013 denegata
529 3934 587 3995 est
679 3928 782 3995 Huius
809 3929 949 3995 muneris
978 3928 1229 4012 magnitudinem
1257 3926 1323 3995 noli
1346 3926 1520 4010 intendere,

351 4045 402 4111 sed
422 4046 571 4113 devotam
593 4049 731 4111 mentem
755 4044 921 4128 dirigentis
944 4046 1077 4111 intuere.

434 4162 576 4245 Antiqua
597 4159 822 4227 familiaritatis
844 4158 961 4227 fiducia
980 4161 1098 4243 fretus,
1127 4158 1205 4227 libet
1227 4159 1320 4225 mihi:
1351 4158 1410 4225 bac
1433 4160 1519 4245 aepi-

352 4276 504 4345 stinacnla
535 4275 694 4360 quandam
728 4277 933 4359 sententiam,
965 4276 1148 4361 frequenter
1179 4274 1263 4363 apud
1291 4294 1349 4341 nos
1379 4274 1520 4341 habitam

353 4393 473 4475 quando
505 4391 640 4479 limpida
672 4390 758 4457 dicta
789 4390 850 4459 Dei
882 4392 1108 4459 eommunitcr'
1136 4390 1347 4473 rimabamur,
1381 4389 1521 4455 breviter

354 4510 492 4592 tcngere;
520 4526 721 4593 nequaquam
748 4510 855 4573 tamen
878 4506 918 4573 ad
940 4512 1014 4573 tuae
1038 4526 1137 4592 purae
1159 4505 1328 4590 relegionis
1350 4523 1519 4591 personam

421 4697 444 4731 a.
465 4682 508 4742 Qui
525 4686 554 4733 t'.
640 4682 663 4729 b.
686 4682 874 4743 prosrperitatcm
892 4683 920 4732 7.
1006 4697 1026 4731 a.
1050 4683 1172 4743 accipitres
1191 4682 1218 4731 7.
1300 4681 1323 4728 d
1348 4692 1472 4728 curruum
1490 4681 1519 4728 7.

356 4775 375 4807 a
392 4764 537 4811 commonitor
553 4765 581 4811 V.

423 4868 448 4921 1.
469 4866 510 4923 ot.
529 4866 654 4923 Gratiani
671 4864 771 4921 danai
788 4866 823 4921 D.
836 4866 871 4921 81
890 4881 914 4920 c.
927 4866 971 4921 at.
1061 4867 1086 4921 2.
1111 4864 1196 4921 Eccl'n
1209 4866 1235 4935 7,
1246 4864 1292 4920 40.

396 4962 472 5015 oms.
487 4966 631 5012 essaenos·
646 4966 686 5009 ιιι.
1271 4962 1306 5016 18
