4342 6034
545 740 548 747 '
625 746 670 813 54
876 762 903 810 s.
919 760 1097 810 nonmenn
1118 762 1164 808 nn
1184 760 1288 808 sunm
1307 760 1496 809 nrmnonsn
1518 760 1550 806 ao

467 910 608 967 tlt-718
625 904 750 993 plenius
772 902 995 989 liquidiusque,
1018 902 1086 971 Deo
1105 902 1318 990 patrocinium
1333 906 1525 989 praestante,
1547 900 1682 989 implere
1695 900 1797 969 valea

625 1020 707 1101 Quia
733 1020 804 1107 ipse
826 1038 899 1086 cum
927 1038 1025 1106 supra
1055 1019 1140 1086 dicto
1168 1020 1267 1085 batte
1293 1017 1435 1087 redivivo
1458 1052 1501 1065 —-
1524 1018 1601 1085 dum
1629 1038 1732 1105 nuper
1759 1018 1799 1085 de

626 1136 849 1204 transmarinis
873 1136 1015 1222 partibus
1039 1134 1080 1202 ad
1101 1136 1182 1201 istas
1195 1135 1340 1221 pervenit
1353 1134 1499 1218 regiones
1514 1170 1556 1181 -
1572 1134 1695 1201 locutus
1709 1154 1798 1216 snm3

626 1258 658 1319 ot
680 1251 734 1318 ille
756 1250 835 1317 mihi
857 1252 1029 1338 stupendas
1051 1252 1199 1335 visiones,
1222 1270 1311 1337 quas,
1335 1255 1555 1338 extracorpns
1569 1270 1662 1319 sunm
1675 1254 1798 1337 raptus,

625 1368 659 1434 in
681 1368 796 1454 spiritu
818 1367 914 1451 vidit,
937 1368 1066 1454 proprio
1090 1367 1238 1453 exposuit
1260 1386 1414 1433 sermone

714 1482 849 1550 Dicebat
872 1484 1007 1570 quippe,
1032 1504 1066 1549 se
1088 1493 1164 1569 por·
1185 1482 1333 1549 violentis
1355 1482 1543 1567 egritudinis
1566 1482 1707 1549 dolorem
1729 1501 1800 1549 eor·

625 1599 713 1687 poris
736 1598 924 1683 gravedineb
948 1599 1052 1665 subito
1076 1603 1207 1665 exutum
1228 1598 1336 1666 inisse.
1369 1598 1413 1665 Et
1432 1598 1630 1665 simillimum
1651 1618 1721 1665 esse
1734 1597 1799 1665 col·

625 1714 753 1800 latione,
777 1714 877 1781 veluti
900 1714 928 1780 si
950 1714 1086 1781 videntis
1109 1719 1143 1781 et
1163 1713 1325 1798 vigilantis
1346 1714 1484 1781 bominis
1505 1713 1590 1780 oculi
1611 1712 1799 1781 densissimo

626 1831 764 1915 tegmine
786 1830 947 1913 velentur3
971 1835 1004 1897 et
1020 1830 1125 1897 subito
1141 1830 1302 1895 anferatur
1316 1830 1471 1915 velamen,
1494 1834 1527 1897 et
1540 1834 1617 1896 tnnc
1631 1830 1800 1917 perspicua

626 1946 691 2013 sint
718 1947 841 2031 omnia,
871 1965 951 2031 quae
980 1952 1092 2013 antea⁰
1115 1964 1179 2011 non
1205 1945 1276 2012 uisa
1297 1951 1330 2013 et
1350 1946 1456 2013 uelata
1478 1951 1511 2013 et
1530 1946 1641 2030 ignota
1660 1945 1798 2013 inerunt

627 2061 681 2129 Sic
707 2062 784 2147 sibi,
815 2062 935 2129 abieoto
964 2061 1127 2128 terrenae·¹
1160 2061 1318 2129 uelamine
1345 2063 1465 2147 carnis,
1496 2067 1569 2129 ante
1597 2066 1800 2148 conspectum

626 2179 809 2245 uniuersum
832 2177 996 2245 collectum
1017 2178 1116 2244 fuisse
1137 2178 1306 2245 mnndum:
1333 2184 1371 2245 ut
1392 2184 1522 2245 cunnus
1542 2184 1701 2245 terrarum
1725 2198 1799 2265 par-

626 2299 674 2361 tes
703 2300 735 2361 et
756 2293 891 2381 populos
915 2298 947 2359 et
968 2294 1070 2359 maria
1092 2294 1151 2360 sub
1172 2314 1235 2360 uno
1259 2300 1389 2381 aspectu
1412 2300 1623 2361 contueretur.
1666 2294 1712 2361 Et
1732 2299 1800 2361 mm

626 2431 760 2495 magnae
784 2409 938 2476 claritatis
961 2414 993 2476 et
1015 2409 1192 2496 splendoris
1216 2410 1343 2495 angelos
1366 2430 1454 2496 enm,
1484 2430 1647 2495 egressum
1668 2410 1708 2478 de
1730 2430 1799 2478 cor·

626 2546 720 2614 pore,
756 2526 948 2612 suscepisse,
984 2530 1019 2592 ut
1052 2526 1233 2593 nullatenus
1265 2546 1324 2613 pro
1356 2528 1455 2594 nimio
1487 2527 1655 2614 splendore
1683 2526 1718 2593 in
1745 2548 1799 2595 eos

628 2642 769 2729 aspicere
796 2642 961 2729 potuisset.
996 2641 1057 2721 Qui
1084 2643 1230 2709 iucundis
1252 2648 1286 2709 et
1307 2644 1452 2710 consonis
1474 2644 1605 2711 vocibus
1626 2644 1797 2712 canebantt

627 2760 783 2841 Domine,
814 2782 853 2825 ne
880 2762 915 2825 e'n
943 2762 995 2825 c'na
1022 2774 1078 2827 tna
1107 2784 1226 2847 cepnae
1248 2783 1311 2841 nae,
1340 2782 1441 2847 nepae
1461 2762 1629 2847 inserere
1650 2775 1704 2827 tao
1728 2784 1798 2828 car·

626 2877 730 2964 etpiac
752 2870 827 2941 nael

716 2994 762 3059 Et
791 2992 997 3059 sublevabant
1023 3014 1072 3057 ene
1100 3030 1142 3041 -
1174 2990 1319 3057 dixit-
1343 2996 1379 3058 e'n
1406 3001 1499 3058 aera·
1527 3016 1661 3060 mnsam.
1699 2994 1745 3060 m
1764 2998 1800 3060 e'n

627 3112 763 3175 ananan
785 3112 880 3175 totins
902 3110 1015 3175 mnndi
1035 3112 1141 3195 ipnnn
1163 3111 1322 3175 ardentem
1343 3110 1488 3175 videbam
1510 3108 1552 3177 et‘
1565 3112 1733 3197 flammam
1747 3115 1799 3176 in·

626 3246 751 3291 menae
766 3226 995 3312 naapne‘tndint'o
1010 3225 1207 3291 anhelantem
1223 3238 1251 3290 et
1264 3226 1446 3291 tmebile'ter
1460 3228 1504 3293 ad
1513 3230 1680 3315 superiora
1691 3250 1800 3293 aeaen-

628 3342 765 3421 dentem,
795 3363 860 3406 non
888 3341 980 3406 aliter
1006 3364 1086 3428 pene
1113 3363 1211 3428 qaam
1236 3355 1272 3407 at
1293 3342 1350 3407 aab
1372 3364 1436 3407 nno
1456 3343 1551 3428 plote
1573 3347 1668 3409 totius
1688 3346 1803 3410 mandi

627 3456 807 3522 machinam
837 3457 1092 3544 conplementum,
1127 3460 1193 3523 nioe'
1225 3480 1293 3522 eane
1321 3472 1448 3525 cananea
1476 3460 1622 3546 anpelne,
1655 3462 1799 3547 inpresso

628 3576 719 3659 sipno
743 3587 869 3639 nanctae
892 3576 993 3643 nana
1017 3572 1148 3654 Cinnani,
1173 3587 1375 3661 conpeeaeret
1423 3575 1559 3659 Quando
1582 3580 1666 3642 enim
1686 3581 1722 3643 in
1744 3578 1799 3645 ab·

628 3693 714 3757 viam
736 3692 870 3756 minacia
884 3690 1036 3776 flammae
1064 3693 1191 3777 cipum
1218 3694 1319 3757 erneis
1342 3690 1460 3758 Μ
1486 3706 1697 3780 eapreeeerat,
1726 3706 1801 3760 tanc

620 3808 756 3893 flamma
784 3828 903 3891 neapna
932 3828 969 3871 ee
995 3820 1088 3893 parte
1110 3809 1287 3873 decrescente
1309 3810 1431 3873 resedit.
1477 3810 1523 3875 nt
1542 3812 1634 3875 ebtiue
1648 3811 1801 3895 flammae

628 3922 765 3989 terribili
786 3924 901 3988 ardore
923 3923 1175 3989 intollerabiliter
1196 3924 1380 4011 torquebar,
1405 3926 1503 3992 ocnlie
1525 3929 1662 3992 melnae
1683 3928 1799 3993 arden-

629 4039 711 4105 naue
742 4052 771 4105 et
797 4039 963 4125 apiendone
985 4040 1182 4127 sulpentinm
1209 4045 1380 4129 epiritanm
1406 4042 1667 4109 vebemmtiseinae
1694 4065 1799 4109 reuer-

629 4154 761 4232 beroem
789 4156 886 4221 donec
914 4154 1100 4243 oplanda'dae
1127 4160 1258 4223 aieioneb
1288 4160 1418 4244 anqelae
1444 4181 1558 4225 manne
1580 4182 1657 4224 snae
1676 4163 1799 4246 inponi-

629 4274 713 4337 tione
736 4285 831 4359 capnt
851 4294 955 4337 meam
979 4276 1074 4359 qnasi
1089 4286 1258 4363 peoteqene
1279 4276 1425 4363 tanpebat
1439 4289 1468 4343 et
1480 4298 1530 4342 noe
1544 4301 1566 4341 a
1581 4275 1799 4363 lenoncflam-

628 4408 754 4453 naarnne
776 4400 876 4453 tutans
897 4389 1046 4453 reddidit.

717 4500 885 4569 Praeterea
907 4500 1078 4570 referebat:
1102 4504 1158 4572 illo
1180 4506 1215 4573 in
1237 4507 1390 4594 temporis
1410 4507 1525 4594 spatio,
1548 4526 1611 4593 quo
1624 4511 1718 4574 extra
1730 4526 1799 4575 cor·

702 4692 723 4727 a.
744 4690 814 4739 super
830 4682 905 4739 cpre
921 4692 946 4727 se
961 4692 1010 4740 per.
1103 4682 1126 4729 b.
1146 4682 1264 4741 mvidiae
1281 4684 1309 4732 V.
1401 4698 1423 4731 e.
1441 4686 1495 4733 nn
1510 4688 1546 4733 Μ.
1638 4685 1661 4731 d.
1680 4686 1755 4735 tabee
1771 4686 1799 4735 7.

630 4774 650 4807 s.
670 4758 700 4807 st
715 4758 864 4807 sublevabant
879 4772 915 4807 me
930 4760 955 4807 in
970 4772 1022 4807 aare
1038 4750 1101 4821 dixit
1114 4776 1205 4811 suranna
1220 4766 1256 4812 bt.
1332 4763 1349 4811 t
1369 4765 1394 4811 et
1408 4781 1452 4811 on.
1468 4768 1495 4813 c.

701 4866 725 4919 1.
750 4863 794 4919 rs.
808 4864 851 4934 eu,
863 4864 889 4919 a
