4342 6034
609 726 651 790 26
865 742 892 790 s.
910 740 1085 791 normann
1106 742 1151 788 nr
1173 740 1276 788 cucur
1297 738 1483 788 mmnonsn
1507 740 1521 785 1

448 888 589 945 oto-⁷06
606 904 681 951 vero
703 883 781 949 haec
802 882 974 949 secundum
997 876 1197 965 allegoriam¹
1219 879 1368 948 ecclesia·
1389 900 1448 967 per
1468 884 1552 947 totos
1578 880 1688 948 mundi
1706 900 1776 949 car·

607 999 696 1066 dines
724 997 839 1065 diffusa
866 996 1067 1081 intellegitur.
1119 996 1278 1063 Haeretici
1305 1016 1442 1082 namque
1472 1001 1504 1063 et
1536 996 1707 1063 scismatici
1734 996 1776 1065 ab

607 1114 756 1183 ecclesiae
786 1114 935 1180 societate
969 1114 1111 1181 extranei
1144 1133 1202 1200 per
1235 1113 1471 1179 contentionum
1505 1118 1706 1197 argumenta,
1740 1113 1776 1179 in

606 1228 723 1297 mundo
744 1228 923 1317 pululantes
944 1233 977 1295 et
992 1229 1090 1296 veluti
1103 1228 1262 1296 horrenda
1276 1228 1471 1295 zizaniorum
1485 1228 1607 1295 semina
1619 1229 1655 1294 in
1669 1228 1775 1297 medio

605 1346 757 1413 fecundae
771 1346 880 1430 sagitis
895 1349 974 1430 sata,
989 1344 1180 1412 dominicam
1193 1364 1330 1413 messem
1343 1344 1553 1412 maculabant
1589 1342 1652 1412 Sed
1665 1344 1775 1412 buius·

606 1462 731 1529 cemodi
764 1460 976 1528 altercationis
1012 1460 1216 1547 obprobrium
1249 1460 1424 1547 apostolica
1449 1461 1612 1547 conpescit
1643 1460 1772 1528 bucina:
1958 1484 1960 1565 p

608 1578 674 1661 Qui
693 1579 760 1645 cult
780 1576 884 1663 inquit
905 1580 1114 1645 contentiosus
1136 1600 1217 1655 csse3
1238 1600 1297 1643 cco
1320 1577 1414 1644 talem
1436 1579 1688 1645 contumacitatem
1709 1600 1774 1644 ooo
1958 1666 1960 1673 Ι

605 1696 751 1761 dodonus
773 1716 829 1760 occ
852 1694 980 1760 ecclesia
995 1688 1087 1776 Μ’,
1112 1694 1379 1781 qccsncrslsodct
1391 1694 1549 1759 0000001000
1563 1707 1619 1760 aot
1632 1687 1771 1781 naphssi
1957 1684 1960 1777 l

604 1808 718 1879 Pacem
740 1828 878 1894 namque
900 1808 1125 1876 catholicorum
1147 1814 1282 1876 matrem
1305 1814 1337 1875 et
1355 1808 1492 1875 filiorum
1507 1807 1568 1876 Dei
1582 1809 1775 1894 genetricem

605 1946 688 2012 esse,
717 1924 899 2010 euangelica
926 1924 1131 2011 promulgent
1156 1924 1298 1991 oracula:
1328 1926 1426 1993 Booti
1450 1926 1592 2013 pacifici,
1623 1929 1775 2012 quonism

595 2044 664 2129 filis·
696 2044 763 2111 Dor·
794 2035 1013 2108 vocobucocr‘.
1064 2040 1171 2124 Unde,
1205 2040 1333 2106 domino
1363 2046 1396 2107 et
1428 2040 1586 2108 salvatore
1617 2044 1725 2107 nostro
1753 2062 1774 2108 a

603 2178 726 2225 summo
749 2156 907 2224 caelorum
928 2155 1075 2241 fastigio*²
1099 2156 1333 2240 descendente⁰‚
1354 2161 1392 2223 ut
1412 2156 1642 2244 cyrographum
1664 2160 1773 2243 proto-

601 2273 699 2361 plasti
721 2267 857 2340 deleret*
881 2272 1087 2339 otmundum
1110 2291 1189 2359 paee
1204 2277 1368 2358 sequestra
1380 2272 1607 2357 reconciliaret,
1630 2271 1773 2357 angelica

602 2390 716 2456 cecinit
737 2386 888 2456 melodia:
921 2386 1035 2457 Glors'o
1061 2393 1098 2455 s'n
1120 2388 1248 2455 ecreto
1269 2389 1340 2455 Deo
1363 2402 1392 2455 et
1411 2392 1448 2455 a'o
1469 2402 1556 2455 terra
1575 2413 1643 2477 poc
1670 2390 1772 2455 10000·-

601 2507 693 2572 asbus
717 2506 816 2573 boreae
837 2498 1034 2571 oolscstots'o‘.
1068 2502 1113 2571 Et
1133 2503 1315 2591 psalmista:
1338 2504 1416 2572 Fiat
1435 2504 1540 2591 inquit
1555 2529 1627 2592 poor
1646 2509 1683 2572 s'o
1704 2509 1771 2571 osh-

602 2620 684 2688 sao
706 2634 762 2687 00
784 2634 812 2688 a
834 2622 1052 2688 0000000οα
1073 2624 1109 2687 a
1131 2622 1270 2688 amour
1292 2616 1382 2686 aot
1656 2598 1659 2601 ’

690 2735 835 2823 Denique
862 2756 985 2821 rumor,
1021 2735 1171 2805 ecelesiae
1197 2734 1272 2803 fidei
1300 2736 1493 2820 contrarius,
1524 2734 1618 2821 longe
1643 2734 1770 2822 lateque

600 2852 810 2941 percrebruit:
834 2852 918 2939 quod
940 2853 1059 2920 sintin
1081 2852 1247 2939 provincia
1267 2856 1374 2920 restra
1395 2851 1524 2938 quidam
1543 2851 1722 2919 sacerdotes
1736 2856 1770 2919 et

600 2969 706 3039 clerici
728 2974 892 3037 tonsuram
915 2968 1017 3037 sancti
1037 2968 1127 3037 Petri
1148 2968 1363 3057 apostolorum
1389 2968 1542 3055 principis
1564 2968 1769 3054 pertinaciter

598 3086 782 3155 refutantes.
818 3084 921 3172 Seque
935 3084 993 3152 tali
1014 3086 1226 3153 excusationis
1248 3084 1396 3172 apologia
1415 3084 1638 3171 pervicaciter·
1661 3082 1768 3151 delen·

599 3203 709 3270 dentes
724 3202 850 3268 vivunt:
875 3200 958 3286 quod
980 3178 1142 3268 auctorum
1164 3206 1197 3268 et
1212 3220 1430 3287 precessorum
1444 3217 1574 3266 suorum
1586 3194 1768 3267 tonsuram⁸

598 3318 772 3385 imitentur.
818 3315 902 3395 Quos
930 3315 1038 3382 diuina
1063 3315 1247 3383 inlustratos
1275 3318 1379 3400 gratia
1404 3315 1517 3400 fuisse,
1550 3314 1766 3401 grandiloquis

599 3431 829 3501 adsertionibus
852 3435 1078 3499 contestantur.
1113 3430 1175 3510 Qui
1196 3432 1225 3498 si
1247 3452 1267 3497 a
1287 3432 1379 3499 nobis
1401 3430 1534 3500 sollicite
1556 3432 1766 3516 sciscitentur,

558 3620 559 3623 ,
598 3550 669 3637 quis
692 3550 813 3637 primus
838 3551 947 3615 auctor
969 3566 1099 3615 rasurae
1121 3546 1214 3614 huius
1231 3552 1264 3615 et
1282 3553 1431 3616 tonsurae
1452 3548 1604 3633 extiterit,
1626 3547 1766 3631 omnino,

598 3670 653 3733 aut
674 3665 840 3733 veritatem
861 3662 1035 3748 ignorando
1064 3668 1120 3729 aut
1147 3662 1319 3731 falsitatem
1346 3663 1579 3749 dissimilando,
1606 3664 1766 3733 obmutes-

597 3786 680 3849 cunt
726 3781 791 3849 Noa
815 3785 931 3864 autom,
954 3778 1127 3847 secundum
1147 3779 1358 3866 plurimorum
1380 3780 1571 3867 opinionem,
1594 3780 1766 3865 Simonem,

596 3898 737 3983 magicae
753 3897 830 3964 artis
845 3896 1053 3981 inventorem,
1068 3895 1162 3963 huius
1177 3901 1326 3963 tonsurae
1340 3896 1518 3984 principem
1527 3897 1635 3983 luisse,
1651 3917 1765 3984 conpe-

595 4014 712 4096 rimus3
736 4012 821 4099 quia,
846 4012 970 4098 qualem
990 4010 1217 4097 quantamque¹
1230 4014 1464 4081 necromantiae
1482 4014 1640 4081 fallacium
1655 4020 1766 4083 contra

596 4129 722 4197 beatum
746 4127 876 4196 Petrum
898 4126 1114 4195 fraudulenter
1136 4126 1384 4215 machinaretur,
1407 4136 1585 4198 certamen⁸
1606 4131 1766 4220 apostolo-

667 4321 688 4354 a
704 4306 813 4355 sedeciae
826 4304 854 4354 V.
928 4304 952 4351 b.
967 4304 1045 4364 fatigio
1058 4306 1085 4353 V.
1158 4318 1178 4353 0.
1194 4306 1297 4354 diacoma
1310 4308 1338 4355 V.
1413 4309 1436 4355 d.
1452 4308 1512 4355 virtu
1525 4310 1552 4356 V.
1625 4324 1647 4356 s.
1661 4310 1764 4371 pervire-

595 4388 653 4435 citer
670 4387 697 4436 V.
775 4384 792 4433 l.
812 4386 965 4446 qumtumque
983 4386 1009 4433 V.
1089 4387 1291 4445 0000100007.

667 4492 691 4545 1.
714 4490 749 4547 V.
773 4489 943 4545 Breviarium
967 4489 996 4545 in
1019 4491 1178 4561 psalterium
1203 4488 1232 4546 S.
1249 4491 1418 4564 Hieronymo
1440 4493 1589 4564 ascriptum
1612 4493 1763 4565 (0111001.

594 4578 746 4636 vallarsius
758 4578 811 4635 Vll
829 4578 946 4650 append.
965 4596 993 4650 p.
1007 4580 1078 4648 170).
1148 4582 1173 4635 2.
1194 4582 1209 4636 1
1223 4579 1343 4636 Corinth.
1356 4582 1399 4650 11,
1413 4582 1455 4636 16.
1523 4582 1549 4637 3.
1567 4583 1668 4653 Ephes.
1681 4584 1707 4653 5,
1719 4583 1764 4637 27.

594 4669 621 4724 4.
645 4666 740 4724 Matth.
758 4666 783 4739 5,
797 4668 822 4723 9.
913 4668 938 4724 5.
962 4666 1066 4725 (tolosa.
1082 4669 1164 4740 2,14.
1255 4670 1280 4724 6.
1306 4670 1372 4723 Luc.
1385 4670 1411 4738 2,
1424 4668 1467 4724 14.
1557 4672 1582 4726 7.
1605 4672 1651 4727 Ps.
1665 4672 1725 4741 121,
1738 4672 1764 4725 7.

595 4758 621 4812 8.
642 4756 796 4827 „Brittones
814 4762 843 4812 et
854 4754 941 4813 Seotti
959 4758 1122 4814 anteriorem
1140 4757 1238 4827 capitis
1254 4761 1361 4825 partem
1378 4756 1484 4826 capillis
1501 4759 1612 4815 omnino
1623 4759 1765 4815 nudabant

596 4844 631 4900 ab
641 4860 706 4902 aure
714 4844 750 4902 ad
760 4860 862 4916 aurem,
872 4846 1015 4917 posteriori
1024 4845 1158 4903 intonsa⁴‘.
1170 4845 1299 4901 llabillon
1307 4844 1380 4901 Anu.
1390 4846 1449 4902 ord.
1458 4845 1487 4902 S.
1493 4847 1597 4903 Bened.
1606 4848 1659 4905 Τ.Ι
1667 4865 1695 4919 p.
1700 4849 1763 4905 472.
