4342 6034
643 746 710 814 894
981 764 1168 815 mmmm
1188 764 1418 815 neonus-mss
1439 766 1471 815 aa

368 941 371 948 ·
475 914 633 973 llas-1128
643 904 773 975 seelesie
795 904 1021 973 absolutionem
1043 906 1173 993 reeepit
1210 906 1272 987 Qui
1292 926 1366 978 eum
1384 908 1474 995 prins
1494 909 1530 975 in
1552 906 1703 994 obsequio
1723 910 1802 995 regis

642 1022 768 1089 assidue
788 1022 915 1107 fnisset,
942 1042 1018 1110 sepe
1045 1042 1118 1089 eum
1140 1024 1406 1108 eommonuimus,
1434 1029 1473 1090 ut
1498 1023 1629 1091 eoelesie
1650 1024 1714 1092 Dei
1734 1024 1802 1093 obe·

641 1138 732 1205 diret
771 1136 815 1205 Et
836 1142 874 1206 ut
894 1138 953 1205 bue
974 1138 1027 1207 via
1048 1139 1151 1223 magis
1171 1137 1405 1226 profiteremur,
1426 1140 1595 1225 eanonieis,
1617 1145 1655 1208 ut
1677 1141 1802 1210 abelus

641 1272 747 1321 errore
768 1253 950 1321 reeederent
972 1259 1005 1321 et
1026 1254 1066 1321 ad
1088 1255 1243 1321 unitetem
1264 1255 1353 1342 paeis
1374 1254 1493 1322 Girisb'
1513 1256 1669 1343 redirent,
1690 1256 1804 1325 multo-

640 1370 722 1437 tiens
744 1370 936 1456 seripsimus
982 1369 1032 1437 Illi
1061 1390 1137 1438 vere
1158 1390 1222 1437 uon
1243 1376 1368 1438 tantum
1388 1370 1604 1440 inobedientes
1624 1394 1805 1460 permanse-

639 1490 724 1571 runt,
747 1485 803 1552 sed
826 1489 929 1553 vestre
951 1486 1147 1553 euetorimtis
1168 1486 1301 1572 litteras,
1325 1506 1404 1572 quas
1419 1487 1805 1576 novissimeinidipsum
1904 1469 1910 1544 ἰ

640 1602 686 1671 eis
708 1602 954 1686 transmisimus,
984 1602 1108 1689 aperire
1135 1606 1168 1669 et
1192 1602 1297 1687 legere
1322 1607 1588 1689 eoutempserunt
1631 1603 1806 1692 Postquam

640 1724 745 1787 autern
768 1718 927 1785 absolutus
949 1717 1011 1785 init
1033 1718 1210 1805 episeopus,
1230 1717 1325 1785 eorde
1346 1722 1380 1784 et
1400 1736 1531 1805 eorpore
1552 1720 1593 1788 ab
1613 1720 1807 1807 imperatore

641 1854 675 1903 se
697 1833 856 1902 subtraxit
878 1837 911 1900 et
931 1834 966 1901 in
987 1834 1118 1901 servilio
1144 1852 1182 1901 ae
1208 1832 1359 1901 fidelitate
1385 1833 1532 1919 eoelesie,
1560 1840 1735 1923 ntoumqne
1759 1838 1806 1905 in·
1909 1845 1910 1856 ¹

638 1950 741 2019 iustus
764 1956 796 2018 et
816 1954 972 2038 peoeater,
994 1948 1095 2017 fidelis
1116 1953 1224 2016 umen
1245 1954 1279 2015 et
1298 1948 1386 2016 utilis
1408 1948 1551 2017 veritau‘a
1574 1957 1715 2019 assertor
1737 1973 1807 2040 per·
1918 1998 1919 2025 2

638 2068 765 2134 meusit
812 2064 1007 2133 Omnimodis
1030 2084 1102 2131 eum
1123 2060 1346 2152 perseeuntur¹
1367 2070 1400 2131 et
1421 2100 1465 2113 -
1486 2083 1589 2151 enm‚·
1602 2067 1722 2135 iudieio
1745 2069 1807 2136 fra·
1918 2104 1919 2111 κ

638 2189 724 2252 trum
746 2187 935 2266 noseorum,
959 2180 1143 2247 eauouieam
1157 2185 1190 2248 et
1202 2200 1313 2248 veeem
1327 2185 1361 2249 et
1374 2181 1567 2249 audientiam
1582 2182 1805 2252 emiserint-
1917 2232 1919 2259 2

638 2297 783 2367 omnibus
806 2297 918 2383 quibus
940 2300 1073 2383 possunt
1093 2295 1218 2365 insidiis
1240 2316 1312 2363 eum
1334 2297 1592 2365 eireumveniunt
1625 2298 1695 2367 Hae
1718 2320 1809 2369 oene-

638 2416 727 2484 sione
748 2418 886 2500 aoeepta,
907 2412 1081 2499 imperator
1101 2417 1169 2479 tam
1190 2412 1281 2496 gravi
1302 2432 1374 2479 sum
1397 2413 1469 2481 odie
1491 2419 1674 2500 perseeutus
1687 2422 1754 2502 est,
1774 2421 1810 2484 ut
1917 2452 1919 2494 ι

639 2529 784 2599 omuibus
806 2528 899 2596 rebus
922 2527 988 2594 suis
1010 2546 1082 2594 eum
1098 2526 1253 2594 abraserit
1265 2532 1300 2595 et
1312 2526 1352 2595 de
1365 2529 1494 2596 eivitate
1507 2526 1691 2617 expulerit⁸.
1716 2531 1809 2613 Quod
1917 2572 1919 2611 r

637 2652 740 2715 tetrum
762 2648 923 2713 assecutus
946 2648 995 2709 est
1015 2643 1188 2730 imperator
1206 2643 1436 2730 compositione
1455 2644 1548 2713 brim
1569 2642 1686 2733 paels⁸.
1725 2648 1810 2729 Quia
1917 2684 1919 2729 ι

639 2767 713 2829 aute
735 2761 886 2829 adversus
908 2758 1091 2847 episcopum
1112 2758 1275 2847 prevalere
1295 2779 1361 2826 non
1382 2761 1500 2847 potuit,
1527 2780 1570 2830 ex
1589 2780 1670 2849 quo,
1699 2764 1745 2833 ab
1771 2785 1808 2834 ee

636 2877 802 2966 reeedens,
830 2876 996 2963 episeopus
1019 2874 1060 2942 ad
1086 2874 1251 2942 ecelesiam
1277 2876 1381 2943 rediit
1426 2876 1527 2963 Nam,
1555 2878 1747 2965 priusqam
1768 2880 1808 2948 ed
1917 2924 1919 2961 ι

637 2994 801 3064 eeclesiam
826 2992 959 3077 rediret,
987 2992 1072 3059 iuter
1099 2991 1219 3079 primos
1248 2992 1364 3060 amieos
1382 2986 1591 3081 imperatoris
1618 2993 1805 3063 hebebatur.
1917 3040 1919 3067 ³

636 3110 703 3180 Hee
724 3130 789 3178 uon
809 3110 879 3176 ideo
903 3108 1046 3194 dieimus,
1069 3112 1107 3174 ut
1125 3107 1314 3175 iniustitiam
1336 3110 1477 3197 episoopi
1498 3110 1680 3177 studeamus
1696 3112 1806 3181 defeu-
1917 3155 1919 3197 f

637 3226 711 3295 dere
737 3226 789 3293 vel
817 3224 1008 3313 approber03
1037 3224 1094 3292 sed
1120 3225 1192 3291 ideo
1212 3225 1247 3292 in
1268 3224 1337 3292 Deo
1359 3244 1467 3293 eoram
1489 3224 1614 3294 (ibristo
1635 3226 1805 3314 loquimur,
1917 3210 1919 3217 ⁴

637 3343 721 3430 quie,
744 3342 773 3409 si
794 3346 860 3409 tam
883 3340 1028 3407 absoluta
1047 3345 1189 3428 potestas
1210 3342 1393 3428 imperatori
1413 3341 1595 3409 eoueeditur
1612 3344 1758 3412 seniendi
1771 3345 1805 3411 in

637 3458 895 3545 qualemcumque
915 3457 1013 3523 istum
1035 3456 1227 3544 episeopum
1249 3456 1379 3541 reliquis
1400 3454 1560 3543 fidelibus,
1582 3459 1638 3545 qui
1658 3478 1732 3527 eum
1753 3478 1805 3528 ee·

636 3574 732 3643 alesia
758 3573 820 3641 Dei
846 3578 1105 3661 permenserunt,
1133 3571 1317 3640 scandulum
1344 3577 1377 3641 et
1396 3571 1604 3641 intolerabilis
1625 3577 1805 3662 perseeutio

636 3689 847 3777 generabitur.
881 3688 1015 3775 Propter
1037 3688 1130 3775 qnod,
1153 3689 1181 3754 si
1202 3693 1308 3755 vestre
1328 3688 1511 3756 diseretioui
1523 3688 1673 3776 plaeeret
1695 3698 1803 3761 nosue

635 3804 823 3873 humilitatis
861 3804 1028 3873 eonsilium
1062 3824 1118 3871 seu
1149 3804 1256 3892 potius
1288 3804 1493 3872 devotissima
1523 3806 1710 3893 supplieafio
1742 3808 1803 3877 beo

637 3928 734 3991 esset:
757 3927 795 3998 ut
815 3921 856 3989 ad
877 3940 1008 4008 presens
1030 3920 1167 3989 severior
1188 3920 1357 4008 diseiplma
1377 3922 1446 3988 eius
1465 3922 1802 4009 eorreptionemdissi-

635 4036 779 4106 mularet
825 4036 907 4117 Quia
933 4037 979 4104 sie
1005 4037 1199 4124 dispensatio
1221 4042 1328 4105 vestre
1348 4037 1522 4122 gramen
1542 4038 1679 4106 hominis
1700 4040 1803 4128 impe·

635 4160 703 4223 tum
724 4154 759 4223 iu
781 4158 902 4224 eeteros
923 4150 1031 4222 fideles
1053 4154 1196 4221 inhibere
1215 4153 1349 4241 poterit,
1377 4158 1411 4220 et
1436 4173 1495 4221 suo
1515 4153 1584 4221 loeo
1606 4159 1640 4222 et
1660 4159 1802 4244 tempora

636 4270 676 4339 de
696 4270 818 4359 prefato
841 4270 989 4359 episeopo
1010 4269 1139 4358 plenam
1158 4270 1314 4337 iustitiam
1336 4268 1468 4337 ecelesia
1487 4268 1550 4337 Dei
1570 4270 1732 4340 obtinebit

707 4474 732 4529 1.
756 4472 879 4530 eauouioi
896 4470 1122 4542 Argentluemes.
1192 4472 1219 4527 2.
1241 4469 1360 4527 &nonis
1377 4470 1556 4527 deieetiouem
1574 4472 1621 4529 alii
1637 4473 1678 4532 ad'
1691 4490 1716 4531 a
1727 4472 1797 4530 naa

628 4558 682 4659 ‘alli
700 4560 861 4631 sda1123
878 4556 1009 4618 referunt
1097 4561 1124 4617 3.
1147 4576 1184 4616 m.
1202 4558 1278 4632 Sept
1297 4576 1323 4617 a
1335 4560 1406 4617 1122
1422 4560 1592 4619 eonciliatae.
1917 4554 1919 4565 '
