4342 6034
667 760 734 827 506
806 782 853 827 nx
875 778 1089 828 suessanum
1112 777 1354 828 unsrncsnssrs
1377 778 1458 829 vrrs
1481 781 1507 827 s.
1524 781 1698 828 possessu

667 1027 976 1107 PRESBYTERI
1003 932 1353 1107 Tamnordllffls
1380 1028 1496 1107 VITA
1523 1028 1559 1107 S.
1580 1028 1810 1106 Bonlrlrn

588 1198 641 1253 755
860 1176 987 1263 Peregit
1013 1179 1111 1263 igitur
1140 1183 1267 1246 sanctus
1295 1176 1356 1247 Dei
1381 1176 1563 1247 Boniiaoins
1591 1198 1714 1246 camum
1739 1200 1814 1246 suum
1895 1223 1896 1281 p

669 1300 757 1361 stam
791 1300 824 1361 et
857 1314 951 1361 orans
984 1298 1182 1381 tyrannoque
1214 1294 1338 1379 iugulos
1368 1294 1408 1362 ad
1436 1294 1656 1363 decollandum
1682 1294 1815 1382 praebens

669 1416 780 1496 quarto
808 1416 882 1497 post
902 1408 1061 1476 Kalendas
1083 1410 1165 1478 lunii
1191 1410 1309 1477 mensis
1332 1410 1392 1478 die.
1431 1408 1521 1478 Unde
1544 1415 1577 1477 et
1597 1410 1677 1477 illud
1697 1410 1816 1477 tetram
1885 1397 1897 1560 ¹

576 1271 651 1319 lumb

668 1546 727 1593 con
756 1526 909 1612 scriptum
936 1525 1068 1593 habetur
1097 1532 1130 1593 et
1156 1526 1190 1593 in
1218 1526 1424 1613 depositionis
1453 1526 1520 1594 eius
1548 1526 1709 1594 solemniis
1729 1526 1759 1593 in
1778 1544 1818 1593 ec·

668 1640 764 1709 clesia
785 1647 945 1709 cantatur:

826 1758 941 1824 laniis·
963 1758 997 1823 in
1019 1756 1119 1824 Nonis
1141 1758 1258 1823 festum
1279 1756 1459 1824 vonmubile
1482 1756 1572 1824 nobis
1889 1757 1897 1845 l

826 1864 976 1948 Advenit,
1000 1863 1145 1931 exultant
1165 1864 1280 1931 frenes
1303 1884 1376 1931 enm
1398 1864 1520 1931 civibus
1541 1866 1576 1931 in
1599 1884 1672 1951 quo,
1889 1849 1897 1861 '¹

826 1970 915 2037 'l'nnc
938 1972 1012 2057 qnia
1033 1970 1193 2037 caelorum
1214 1972 1330 2038 meruit
1351 1972 1532 2039 Bonifaeius
1555 1972 1620 2037 alta

827 2076 995 2163 Scandne,
1018 2084 1203 2166 perpetuam
1227 2086 1386 2148 mercatus
1408 2082 1560 2163 sangnine
1581 2080 1691 2146 vitam.

756 2191 836 2259 Mihi
864 2198 970 2260 summ
997 2196 1032 2261 in
1060 2196 1169 2263 eadem
1198 2197 1326 2279 regione
1354 2196 1528 2265 sciscitanti
1555 2195 1595 2262 de
1623 2214 1676 2279 eo,
1706 2196 1733 2261 si
1760 2194 1820 2280 quid

667 2308 805 2375 scribere
826 2328 962 2395 possem,
985 2310 1119 2377 relatum
1144 2316 1207 2379 est:
1232 2312 1334 2378 adhue
1356 2314 1558 2399 superstitem
1582 2332 1652 2379 esse
1668 2310 1820 2396 qnamdam

666 2426 833 2492 mulierem
859 2424 915 2491 sed
944 2426 1009 2491 iam
1037 2426 1128 2493 valde
1151 2428 1361 2514 decrepitam,
1391 2448 1471 2513 quae
1492 2428 1696 2494 iureiurando
1719 2446 1822 2493 assare

668 2540 737 2625 bat,
766 2562 800 2608 se
825 2540 1025 2607 decollationi
1048 2542 1158 2609 militis
1182 2542 1300 2609 Christi
1322 2544 1420 2610 fuisse
1442 2549 1651 2630 praesentem.
1691 2542 1823 2609 Dicebat·

668 2674 745 2741 que,
773 2656 873 2741 qnod,
901 2675 973 2722 cum
994 2657 1100 2741 gladio
1122 2659 1281 2727 feriendus
1304 2665 1402 2744 esset,
1427 2680 1551 2727 sacrum
1574 2658 1732 2742 euangelii
1753 2657 1824 2725 cedi·

667 2790 737 2839 cem
759 2773 857 2859 capiti
879 2792 936 2840 suo
957 2775 1155 2860 imposuerit
1179 2780 1215 2841 nt
1236 2776 1294 2841 snb
1310 2796 1346 2842 eo
1362 2776 1459 2842 ictum
1474 2776 1669 2862 percussoris
1685 2774 1824 2861 reolperot

668 2888 798 2974 eiusque
819 2890 1013 2975 praesidium
1035 2890 1166 2957 haberet
1187 2891 1221 2957 in
1243 2896 1361 2975 morte,
1384 2892 1473 2957 cuius
1495 2891 1660 2957 lectionem
1684 2890 1824 2958 dilexerat

666 3006 701 3071 in
728 3006 803 3071 vita
893 3004 1054 3092 Perempti
1081 3011 1157 3071 sunt
1184 3012 1290 3073 autem
1318 3012 1351 3073 et
1377 3007 1524 3094 discipuli
1552 3007 1619 3073 eius
1648 3024 1722 3073 cum
1744 3006 1822 3073 eoin

666 3120 737 3187 loco
764 3122 819 3206 qni
840 3118 1023 3205 Docldnga¹
1044 3122 1175 3203 dieitur3
1206 3122 1261 3189 nbi
1288 3128 1399 3209 postea
1420 3124 1452 3189 in
1476 3122 1625 3189 honorem
1649 3122 1733 3189 tanti
1753 3140 1822 3187 nar·

666 3238 747 3323 tyris
780 3242 961 3303 consancta
994 3243 1044 3304 est
1070 3236 1202 3304 basilica
1230 3238 1361 3323 nobilis,
1395 3240 1486 3305 iuxta
1515 3258 1609 3324 quam
1637 3239 1710 3305 lons
1738 3254 1822 3322 aquae

667 3352 768 3419 dulcis
795 3358 937 3438 emanat,
966 3372 1038 3419 cnm
1067 3352 1143 3421 alibi
1171 3374 1228 3439 per
1256 3360 1357 3421 totam
1383 3354 1542 3438 regionem
1569 3352 1658 3420 illam
1681 3352 1823 3421 salsaeet

668 3488 795 3535 amarae
816 3470 882 3535 sint
903 3488 1012 3554 aquae.
1047 3468 1092 3535 Et
1112 3468 1233 3553 lerunt,
1255 3470 1339 3535 hunc
1360 3470 1479 3537 fontem
1503 3464 1706 3537 aBonilaoio
1727 3472 1822 3537 inven-
1902 3494 1903 3501 ¹

666 3590 735 3651 tum
765 3590 798 3651 et
824 3584 1052 3651 sanctificatum
1082 3604 1167 3670 esse,
1196 3586 1329 3671 ideoque
1353 3592 1444 3653 tanta
1464 3584 1628 3653 dulcedine
1650 3586 1822 3671 insignitum

667 3707 700 3768 et
720 3701 877 3787 potationi
899 3708 1081 3768 cunctorum
1105 3702 1183 3767 satis
1206 3702 1452 3769 accommodum.

755 3816 864 3902 ltaque
891 3818 1104 3884 venerandum
1127 3818 1194 3884 eius
1216 3836 1330 3903 eorpus
1352 3818 1489 3905 primum
1512 3818 1657 3885 Treiecto
1680 3817 1823 3905 perlatum

668 3939 725 4000 est
764 3932 879 3999 Postea
911 3934 951 4000 ad
981 3932 1138 4001 Fnldense
1173 3934 1397 4001 monasterinm
1431 3932 1620 4001 translatum
1654 3939 1718 4018 est,
1750 3929 1823 4018 quod

667 4049 795 4135 quidem
821 4050 891 4137 ipse
919 4070 940 4115 a
965 4050 1169 4117 fundamento
1198 4054 1419 4116 construxerat
1444 4053 1478 4115 et
1505 4051 1539 4115 in
1567 4068 1629 4134 quo
1655 4056 1762 4137 pastor
1781 4047 1822 4113 in-

667 4164 760 4231 clitus
782 4166 1038 4233 honestissimum
1058 4186 1153 4233 verae
1167 4164 1365 4231 innocentiae
1380 4184 1508 4249 gregem
1523 4166 1696 4233 adunamur
1709 4164 1822 4232 Christo

667 4282 844 4349 devoverat.
879 4282 915 4348 ln
943 4288 1080 4369 quatuor
1104 4300 1179 4364 ergo
1201 4280 1391 4348 felicissimis
1413 4280 1506 4364 loeis,
1533 4278 1567 4347 id
1589 4286 1638 4348 est
1659 4278 1821 4362 Doclringa,

632 4386 641 4399 ’
668 4398 826 4482 Treiecto,
853 4399 889 4464 in
909 4396 1073 4482 Mogontia
1101 4396 1194 4481 urbe,
1223 4398 1258 4463 in
1280 4396 1429 4464 Fnldonsi
1451 4398 1616 4482 coenobio,
1646 4396 1728 4465 beati
1748 4414 1821 4462 mar·

582 4570 592 4585 .
667 4514 749 4601 tyris
776 4514 958 4601 praesentia
983 4512 1160 4581 visibilibus
1188 4512 1297 4581 crebro
1326 4514 1461 4580 sentitur
1487 4514 1628 4598 indiciis,
1662 4516 1696 4581 in
1721 4510 1821 4599 quibus

668 4650 727 4717 per
757 4630 997 4697 intercessiones
1030 4630 1098 4697 eins
1131 4628 1287 4716 plurimae
1319 4630 1470 4697 sanitates
1500 4650 1519 4697 a
1546 4629 1683 4697 Domino
1709 4626 1820 4711 aisque

669 4752 871 4833 praestantur
892 4744 1044 4814 benefida
1063 4766 1163 4832 usque
1185 4746 1220 4812 in
1242 4744 1429 4813 hodiernum
1452 4746 1536 4813 diem

740 4880 766 4933 l.
790 4877 930 4934 Dokkllln.
1134 4902 1155 4935 s.
1175 4887 1253 4935 lunius
1268 4886 1305 4934 οδ.

1115 5016 1386 5040 ·-·—--—
