4342 6034
638 736 682 803 64
887 752 914 801 s.
930 752 1108 803 somnum
1129 752 1175 802 uo
1195 751 1299 801 uum
1319 749 1507 801 amorosa
1529 750 1560 797 rs

479 900 620 957 oro-ooo
637 893 751 961 ultima
785 892 1012 981 disoipulorum
1046 912 1104 961 seu
1136 891 1364 979 discipulorum
1390 897 1537 959 tuarum·
1564 888 1745 959 aeternam*
1774 889 1810 957 iu

637 1009 775 1077 Domino
798 1010 961 1097 sospitatis
984 1008 1129 1077 salutem.

726 1124 879 1193 Karitatis
907 1129 981 1193 tuae
1007 1124 1172 1211 oopulam·
1198 1122 1333 1204 ioteor⁶3
1364 1129 1415 1189 ast
1441 1122 1518 1189 dum
1545 1142 1605 1208 per
1625 1120 1811 1189 interiorem

639 1240 799 1308 hominem
827 1241 966 1325 gustavi,
994 1240 1086 1326 quasi
1108 1239 1276 1325 quiddam·
1298 1237 1440 1305 mellitae
1461 1237 1637 1305 duloedinis
1658 1237 1740 1305 meis
1762 1237 1810 1303 vi·

640 1357 780 1424 soeribus
802 1355 854 1423 hio
875 1376 970 1442 sapor
992 1356 1119 1422 insidet
1154 1354 1198 1423 Et
1217 1354 1292 1421 lieet
1306 1354 1445 1439 interim,
1468 1358 1505 1421 ut
1518 1352 1649 1421 nauota'
1663 1373 1746 1436 sum,
1769 1352 1809 1421 ab

640 1478 788 1560 ospeotu⁸
810 1470 966 1559 oorporali
988 1470 1152 1538 visualiter
1173 1470 1360 1539 defraudata
1379 1470 1452 1554 sim,
1474 1470 1592 1537 sororis
1605 1474 1713 1537 tamon
1728 1488 1811 1535 sem·

640 1608 698 1676 por
720 1586 917 1674 amplexibus
939 1586 1056 1655 oollum
1077 1592 1168 1653 tuum
1190 1586 1417 1655 semoinxero.
1463 1584 1737 1669 Quamobrem,
1766 1584 1812 1651 mi

641 1704 783 1788 amande,
806 1704 873 1769 iam
894 1702 972 1769 olim
993 1702 1103 1787 dator,
1125 1722 1211 1770 nuno
1233 1708 1340 1769 autem
1362 1701 1454 1769 ambo
1476 1701 1598 1788 paritor
1619 1701 1654 1767 in
1672 1700 1812 1769 Domino

640 1818 854 1887 dominorum:
884 1818 966 1887 abba
988 1822 1083 1905 atque
1105 1819 1205 1886 irater
1226 1819 1426 1905 appellarim.
1516 1816 1614 1902 Quia,
1642 1821 1813 1903 postquam

641 1955 733 2003 ame
755 1935 916 2023 separavit
938 1954 1048 2003 amara
1068 1955 1155 2001 mors
1177 1939 1211 2003 et
1231 1934 1366 2003 erudelis
1389 1934 1490 2018 illum,
1514 1952 1609 2019 quem
1631 1952 1730 2019 supra
1743 1952 1813 1999 om·

640 2070 697 2119 nes
724 2050 803 2117 alios
831 2068 938 2116 amare
965 2070 1206 2134 oonsuevoram,
1234 2070 1421 2134 germanum
1447 2070 1556 2117 meum
1577 2047 1752 2132 0shemm‘,
1780 2053 1812 2115 te

640 2187 742 2254 poene
763 2165 876 2233 oetoris
899 2165 1044 2233 omnibus
1066 2164 1234 2233 masculini
1255 2186 1349 2235 sexus
1371 2165 1514 2233 ueritatis
1532 2184 1639 2233 amore
1653 2163 1812 2252 praefare-

641 2282 724 2351 bom.
758 2280 802 2349 Et
823 2300 863 2347 no
885 2280 1003 2348 diutius
1026 2282 1114 2349 vario
1135 2280 1232 2349 rerba
1253 2280 1473 2368 protelarem,
1495 2301 1559 2348 non
1576 2278 1725 2347 volvitur¹
1741 2280 1808 2347 dies

641 2417 743 2483 noque
764 2416 828 2464 nox
851 2396 986 2465 elabitur
1013 2397 1080 2465 ulla
1107 2398 1176 2465 siue
1204 2399 1359 2465 momoria
1384 2397 1560 2481 magisterii
1588 2396 1645 2463 tui
1691 2394 1811 2463 ldoiroo

641 2513 734 2581 oredo
762 2512 854 2597 mihi,
883 2513 951 2581 Deo
979 2518 1075 2581 testa:
1107 2515 1183 2599 quia
1206 2518 1238 2581 te
1260 2532 1384 2581 summo
1405 2512 1586 2599 oonpleotor
1607 2530 1725 2579 amore.
1769 2510 1814 2577 Et

642 2628 681 2697 de
713 2633 745 2696 te
780 2628 917 2715 oonfido,
954 2629 1037 2715 quod
1069 2649 1243 2715 numquam
1269 2630 1425 2697 inmemor
1453 2630 1497 2697 sis
1524 2627 1610 2695 illius
1638 2627 1808 2712 amioitiae,

642 2764 737 2831 quam
760 2764 830 2811 oum
852 2746 951 2813 fratm
972 2765 1042 2813 meo
1058 2750 1101 2831 to,
1124 2752 1246 2813 oertum
1260 2746 1331 2830 luit,
1352 2745 1478 2813 habero.
1511 2742 1582 2829 ligo
1597 2750 1714 2827 autem,
1738 2742 1813 2811 lieet

642 2861 774 2929 seientia
795 2862 936 2929 tardiora
957 2862 1080 2929 meritis
1102 2861 1240 2929 viliora·¹¹
1261 2862 1316 2929 illo
1337 2862 1408 2947 sim,
1431 2866 1539 2929 tamen
1554 2880 1630 2944 erga
1643 2865 1718 2927 tuae
1732 2860 1813 2927 osri-

642 2978 717 3045 tatis
740 2977 925 3063 obsequium
947 2978 1057 3066 dispar
1078 2999 1144 3045 non
1166 2998 1247 3045 sum.
1280 2978 1325 3046 Et
1347 2978 1491 3063 quamvis
1513 2982 1694 3063 temporum
1715 2976 1812 3045 sorios

642 3094 748 3161 ocius*
777 3094 931 3161 ourrondo
958 3094 1177 3179 deoresoerit⁰,
1205 3096 1338 3162 meroris
1360 3100 1469 3162 tamen
1489 3112 1663 3179 numquam
1684 3112 1736 3159 mo
1757 3113 1814 3161 ue-

642 3208 718 3276 bula
740 3213 810 3275 atra
830 3208 979 3276 deseruit.
1016 3208 1079 3277 Sed
1101 3210 1275 3278 maiorum'
1293 3210 1416 3297 spotia¹
1434 3215 1628 3296 temporum·
1642 3208 1814 3275 maiorum·

642 3324 933 3420 mihinaddiderunt
953 3324 1042 3392 luera
1063 3325 1263 3409 iniuriarum,
1285 3331 1322 3393 ut
1336 3324 1491 3412 seriptum
1506 3331 1568 3393 est:
1591 3327 1695 3391 Amor
1710 3326 1813 3393 domi·

642 3444 693 3507 ais
716 3443 842 3507 deducit
863 3442 1018 3522 dolorm,
1048 3464 1141 3507 umor·
1162 3455 1266 3509 uatem
1288 3440 1405 3509 meti
1423 3443 1681 3509 inluminator.
1770 3440 1815 3509 Et

642 3562 811 3645 postquem
838 3556 918 3623 milri
940 3555 1035 3623 simul
1057 3556 1223 3623 carissima
1243 3576 1334 3623 soror
1353 3555 1552 3643 Wethburg‘‚
1581 3557 1673 3642 quasi
1693 3555 1814 3623 inllioto

643 3672 772 3741 vulnere
799 3672 976 3759 iteratoque
1003 3672 1126 3758 dolore,
1155 3671 1259 3739 subito
1287 3671 1327 3739 ab
1355 3671 1453 3739 oeulis
1481 3673 1625 3758 evanuit,
1655 3692 1729 3739 oum
1752 3692 1814 3757 qua

644 3788 785 3857 adolevi·
813 3808 885 3855 oum
912 3808 976 3875 qua
1002 3788 1133 3855 odoravi
1160 3788 1246 3855 idem
1272 3788 1460 3855 nutrioium'
1487 3790 1591 3873 sinus3
1619 3808 1685 3856 uua
1711 3794 1815 3857 mater

644 3904 795 3973 ambobus
817 3904 852 3971 in
873 3904 1010 3971 Domino
1033 3910 1065 3971 et
1087 3904 1277 3990 dereliquid3
1305 3903 1409 3972 lesum
1431 3910 1545 3975 testor:
1575 3904 1692 3991 ubique
1713 3904 1814 3989 dolor,

643 4022 759 4109 ubique
786 4040 902 4109 pavor,
931 4020 1047 4106 ubique
1069 4022 1181 4088 mortis
1203 4022 1309 4107 imago
1317 4017 1336 4089 ¹.
1380 4020 1480 4089 Malui
1501 4023 1598 4109 mori,
1627 4022 1655 4088 si
1677 4022 1724 4091 sio
1745 4020 1814 4089 Deo

716 4196 737 4229 a.
758 4184 845 4230 orac.
938 4180 960 4229 b.
982 4185 1079 4230 omn.
1172 4195 1192 4229 o.
1212 4182 1303 4243 eulpam
1324 4182 1555 4243 116⁸‚oopulnnV-
1647 4181 1671 4229 (l.
1692 4182 1815 4230 &coda

645 4276 665 4309 a.
685 4262 839 4322 quidamst.
932 4260 1066 4309 loomin
1086 4264 1197 4311 wisc.
1289 4275 1311 4321 Β.
1332 4262 1766 4323 abspeotudl‚corr.iuupootuc,·
1786 4262 1815 4309 ab

645 4342 739 4402 upaotu
757 4342 784 4389 7.
851 4338 875 4387 h.
895 4340 1003 4401 spoliaris
1021 4342 1048 4391 7.
1115 4342 1132 4390 i.
1152 4341 1247 4389 Oserem
1261 4346 1297 4391 M.
1358 4342 1382 4390 k.
1403 4360 1460 4389 corr.
1476 4344 1499 4389 ἡ
1514 4341 1626 4403 protelem
1641 4344 1667 4391 C.
1729 4342 1746 4389 1.
1766 4342 1815 4390 vol-

643 4420 707 4469 bitur
724 4422 751 4468 V.
832 4432 863 4467 m.
884 4438 942 4467 corr.
959 4423 982 4468 ia
1001 4421 1089 4469 tardior
1102 4445 1128 4455 -
1142 4422 1210 4471 vilior
1226 4424 1252 4471 c.
1334 4436 1358 4469 u.
1378 4422 1450 4469 rarior
1470 4422 1548 4469 oooius
1565 4423 1594 4469 V.
1676 4436 1697 4470 o.
1719 4440 1777 4469 corr.
1792 4424 1816 4469 in

645 4500 772 4548 decreverit
788 4504 814 4549 C.
891 4514 915 4561 p.
934 4502 1021 4549 maiora
1037 4505 1063 4550 C.
1136 4516 1159 4563 q.
1178 4503 1259 4550 msiori
1274 4502 1349 4563 spatio
1366 4506 1401 4549 Μ.
1470 4516 1488 4549 r.
1508 4504 1611 4563 tompore
1629 4502 1657 4550 7.
1726 4515 1746 4549 a.
1768 4516 1815 4549 ms·

644 4580 694 4629 loru
710 4584 744 4637 Μ,
759 4582 869 4628 maiorum
887 4582 935 4630 CV.
1012 4584 1030 4628 t.
1045 4581 1172 4641 Watlrbnrg
1187 4586 1222 4641 u,
1237 4582 1379 4641 arvernum
1395 4584 1421 4639 ι’,
1435 4580 1585 4641 Wieotlrbnrq
1602 4580 1630 4630 V.
1707 4594 1731 4629 u
1753 4594 1815 4629 cum·

645 4674 689 4723 qus
704 4660 805 4709 adolevit
820 4662 847 4711 C.
924 4675 945 4707 v.
966 4660 1079 4709 putidum
1094 4662 1164 4709 codd.

716 4768 742 4823 1.
759 4764 837 4836 virg.
849 4762 920 4820 Aen.
932 4764 960 4821 11
971 4766 1032 4821 369.
1045 4766 1113 4821 37οε
1134 4764 1278 4837 „Crudelis
1294 4764 1397 4836 ubique

848 4852 960 4925 Luotus,
977 4852 1079 4924 ubique
1096 4869 1192 4926 pavor,
1210 4858 1240 4911 ot
1255 4856 1373 4925 plurima
1390 4854 1485 4911 mortis
1501 4853 1621 4925 magos
