4342 6034
632 729 697 793 144
878 745 905 792 s.
924 744 1101 792 somnum
1121 745 1166 791 uu
1188 745 1290 792 nunus
1312 743 1498 792 u1>1suounu
1521 741 1552 789 so

541 892 593 948 745
630 907 712 953 anuo
734 888 789 969 26,
811 883 1106 972 postconsulatum
1128 886 1195 952 eius
1219 905 1301 952 anuo
1317 886 1348 968 5,
1371 903 1480 951 meuse
1495 881 1653 966 octobrio,
1677 883 1730 950 die
1746 883 1798 967 25,
1927 913 1928 964 ,

522 965 612 1013 ΟΜ
627 1002 799 1068 indictione
822 1003 872 1067 14.
963 999 1174 1068 Praesedeute
1197 1001 1395 1068 sanctissimo
1420 1019 1456 1066 ae
1478 999 1661 1066 beatissimo
1685 997 1801 1064 domuc

628 1117 782 1183 Zacharia
803 1137 889 1203 papa
910 1117 945 1182 in
967 1116 1160 1203 patriarchio
1183 1115 1408 1200 Lateranense,
1430 1117 1465 1181 iu
1488 1114 1619 1182 basilios
1642 1133 1724 1199 quae
1747 1133 1802 1199 ap-

622 1233 767 1320 pellatur
783 1232 954 1314 Theodori;
978 1231 1219 1299 consedentibus
1243 1232 1338 1299 etiam
1362 1251 1433 1298 cum
1457 1251 1493 1298 eo
1511 1229 1720 1298 sanctissimis
1737 1229 1803 1314 epi-

629 1349 733 1435 seopis
755 1348 935 1434 Epiphanio
959 1346 1047 1413 Silva
1069 1345 1226 1430 Candida,
1257 1346 1427 1414 Benedicta
1450 1347 1622 1428 Nomento,
1645 1343 1804 1410 Veuautio
1927 1419 1928 1438 χ

629 1463 811 1547 Peuestrae,
835 1461 987 1546 Gregorio
1001 1462 1184 1546 Portueuse,
1208 1463 1320 1529 Nieeta
1335 1461 1453 1547 Gabiis,
1478 1461 1641 1529 Theodoro
1657 1459 1803 1542 Ostensa,

632 1577 777 1646 Gratioso
795 1578 965 1660 Villitrias3
988 1599 1045 1646 seu
1065 1578 1298 1646 uenerabilibus
1321 1578 1515 1664 presbiteris,
1537 1577 1572 1642 id
1594 1581 1643 1642 est
1665 1574 1804 1640 iohanne

630 1695 908 1781 archipresbitero,
932 1693 1100 1778 Gregorio,
1125 1693 1301 1780 Stephano,
1323 1694 1401 1761 item
1425 1692 1600 1779 Stephano,
1624 1689 1803 1774 Dominieo,
1927 1747 1928 1786 3

630 1810 809 1893 Theodoro,
839 1811 1023 1894 Anastasio,
1053 1808 1204 1893 Georgia,
1234 1809 1359 1893 Sergio,
1388 1809 1558 1892 londanus,
1581 1805 1703 1890 Leone,
1727 1806 1804 1872 item

629 1925 750 2009 Leone,
779 1924 948 2010 Gregorio,
978 1925 1156 2012 Stephano,
1184 1925 1368 2009 Eustathie,
1396 1923 1549 2010 Procopio
1580 1928 1675 2008 atque
1703 1922 1804 1989 Theo-
1927 1925 1928 2016 }

629 2043 756 2130 phanio.

718 2157 912 2244 Praepositis
946 2157 981 2222 in
1007 2157 1113 2223 medio
1141 2156 1350 2222 sacrosanctis
1370 2154 1568 2238 euangeliis,
1605 2153 1804 2220 adstantibus

630 2293 753 2359 quoque
775 2271 958 2338 diaconibus
980 2270 1033 2336 vel
1054 2276 1166 2337 cuncto
1189 2271 1283 2354 clero,
1308 2269 1478 2354 Gregorius
1501 2270 1642 2337 notarius
1658 2270 1803 2354 regiona·

629 2390 696 2454 rius
724 2392 757 2454 et
785 2386 1023 2453 numenculator
1052 2386 1149 2452 dixit:
1187 2387 1367 2454 Secundum
1404 2389 1490 2473 qaod
1518 2411 1538 2451 a
1566 2400 1667 2452 vestm
1695 2399 1802 2452 sancto

630 2505 809 2592 apostolatu
831 2515 1034 2590 praeceptam
1057 2515 1101 2568 est
1122 2507 1158 2568 ia
1175 2507 1348 2591 praeterito
1363 2506 1540 2584 sewetmao,
1564 2515 1600 2568 at
1613 2503 1803 2568 Deneardas

629 2621 798 2706 relegiosus
809 2619 965 2706 presbiter
979 2619 1072 2683 bodie
1085 2641 1118 2684 ee
1132 2622 1242 2684 vestras
1259 2619 1414 2685 abactas
1424 2630 1652 2706 praesentaret,
1672 2631 1803 2704 praesto
1927 2673 1928 2716 3

630 2750 675 2802 est
691 2759 775 2822 prae
787 2736 929 2820 foribus.
966 2733 1054 2817 Quid
1071 2735 1282 2822 praecipitas?
1344 2733 1474 2800 Dictum
1497 2739 1561 2799 est:
1586 2733 1801 2819 [regrediatur.

631 2851 772 2937 Cumque
793 2851 955 2934 ingressus
977 2849 1099 2934 fuisset,
1122 2849 1291 2916 Zacharias
1312 2849 1529 2915 sanctissimus
1550 2867 1587 2915 ac
1601 2849 1802 2915 beatissimus

630 2988 715 3054 papa
737 2967 834 3033 dixit:
858 2968 966 3033 Habes
989 2967 1092 3032 adbuc
1116 2989 1154 3032 ec
1174 2966 1400 3051 samaleqoram
1413 2967 1542 3031 illoram
1557 2969 1746 3052 commisto,
1770 2979 1804 3032 at

630 3106 737 3150 coram
759 3085 891 3150 sonatio
908 3087 1076 3170 porrigere
1098 3083 1208 3147 debeas
1229 3082 1449 3168 relepeadam?
1515 3079 1701 3147 Deneardus
1724 3080 1803 3148 relc-

630 3201 736 3283 giosus
759 3197 915 3284 presbiter
938 3197 1118 3284 respondit:
1141 3199 1261 3278 Etiam,
1286 3199 1411 3263 domiue
1424 3200 1479 3277 mi,
1504 3197 1600 3263 tabeo
1617 3201 1802 3277 draconem,

533 3335 537 3340 ’
631 3339 728 3402 qaam
749 3317 812 3381 sibi
832 3315 1019 3380 Aldebertas
1041 3335 1216 3399 conponere
1243 3317 1331 3378 cisse
1360 3326 1420 3390 est3
1448 3325 1477 3378 et
1496 3335 1565 3396 ,ecee
1587 3336 1670 3400 prae
1698 3317 1803 3380 muni·

631 3433 688 3498 bus
710 3453 779 3496 eam
798 3438 915 3517 perat&
924 3430 1029 3494 Isbete
1051 3451 1120 3494 eam
1139 3431 1267 3516 serapi.
1343 3427 1387 3494 Et
1404 3428 1560 3514 accipiens
1577 3427 1689 3513 relegit
1702 3430 1736 3496 iu
1752 3429 1803 3496 his

630 3535 1036 3629 semouibuffiffltiouem,
1059 3545 1148 3611 cuius
1171 3544 1298 3610 initium
1320 3543 1384 3610 tale
1407 3549 1472 3610 est:

719 3664 858 3729 Domine
878 3662 967 3727 Daca
990 3665 1201 3748 armipotens,
1233 3659 1351 3726 Christi
1368 3661 1437 3743 filia·
1458 3660 1524 3726 Dei
1539 3673 1649 3748 pater,
1681 3663 1806 3760 donarat

630 3782 733 3845 semri
754 3779 828 3845 Iesse
850 3777 976 3859 otras,
1001 3792 1030 3844 et
1052 3774 1083 3844 Α
1108 3790 1136 3843 et
1159 3773 1211 3858 (a),
1237 3779 1295 3862 qai
1315 3777 1397 3842 sedis
1420 3797 1515 3862 saper
1536 3780 1666 3863 septimo
1689 3779 1802 3844 threno

631 3908 661 3962 et
688 3918 783 3982 saper
810 3893 965 3960 ίῚιωιὸίπ
992 3908 1022 3960 et
1051 3893 1230 3980 Seraphin,
1260 3894 1365 3979 pietas
1392 3914 1511 3978 mapsa
1538 3905 1568 3958 et
1596 3893 1802 3959 dabdads'm's

631 4015 709 4077 saeris
738 4025 782 4077 est
811 4013 900 4096 apud
928 4011 994 4076 tibi.
1046 4010 1145 4075 Pater
1173 4021 1354 4075 sanctorem
1381 4008 1579 4095 angelorum,
1616 4012 1673 4096 qud
1690 4009 1804 4094 fecisti

632 4129 752 4193 eaelum
774 4141 804 4192 et
825 4139 951 4207 terram
974 4147 1063 4191 mare
1085 4140 1115 4193 et
1138 4129 1245 4192 mania
1267 4147 1349 4211 qaae
1370 4129 1406 4190 c'c
1430 4129 1473 4190 eis
1496 4137 1578 4205 east,
1603 4139 1633 4190 te
1646 4129 1759 4190 invoco
1775 4138 1803 4191 et

632 4245 743 4324 clamo,
768 4255 797 4308 et
817 4245 915 4308 invito
939 4255 968 4307 te
989 4265 1084 4328 saper
1106 4265 1155 4307 me
1176 4244 1336 4322 miseriae,
1360 4243 1438 4328 qaia
1461 4253 1494 4306 to
1511 4242 1626 4327 dignans
1634 4241 1737 4326 jur'sti
1751 4244 1800 4306 di·

632 4381 714 4424 cere:
744 4357 992 4444 „Quodcumque
1013 4361 1170 4444 petieritis
1201 4383 1221 4422 a
1248 4359 1348 4423 Patre
1376 4360 1410 4422 ts
1440 4359 1566 4422 nomiae
1592 4377 1676 4437 meo,
1712 4359 1800 4422 dedi·

630 4469 767 4542 sawt
802 4475 836 4539 A
857 4487 989 4562 tepere,
1014 4498 1035 4538 a
1057 4487 1085 4540 te
1108 4473 1219 4553 clamo,
1243 4498 1264 4539 a
1287 4475 1413 4538 domino
1438 4471 1558 4543 Chasa
1582 4473 1703 4556 confido
1728 4475 1799 4538 ani·

630 4613 717 4656 mam
743 4612 854 4655 amana
945 4587 1086 4674 Cumque
1113 4609 1171 4675 per
1202 4587 1344 4655 ordinem
1377 4587 1549 4686 legeretur,
1582 4587 1729 4674 pervenit
1762 4585 1801 4653 cd

703 4744 724 4778 a.
744 4731 805 4778 dedo
822 4734 849 4780 C·
1202 4683 1344 4698 ·--·---·-

703 4836 729 4892 1.
754 4834 839 4891 lloh.
852 4835 895 4906 1e,
907 4835 951 4891 aa
