4342 6034
639 755 703 821 110
900 771 927 820 s.
942 771 1118 819 normann
1139 771 1184 818 nr
1205 771 1308 818 nuum
1329 769 1516 818 emenonis
1538 769 1569 816 41

468 934 493 974 c.
507 917 627 975 tao-'142
636 917 780 980 nostrae·
802 911 1031 1000 pauperculae*
1046 911 1153 978 vilitas
1174 911 1346 998 praevalet.
1381 911 1473 978 Nunc
1494 911 1601 996 itaque
1624 931 1664 978 ex
1686 911 1808 977 intimis

635 1029 893 1116 praecordiorum
913 1028 996 1096 iliis⁸
1018 1028 1204 1116 suppliciter
1226 1027 1419 1112 flagitamus:
1448 1032 1485 1094 nt
1507 1027 1646 1112 digneris
1669 1047 1727 1095 nos
1752 1027 1808 1094 ba·

635 1145 711 1212 bere
731 1145 767 1211 in
788 1150 862 1213 tuae
884 1163 993 1212 sacrae
1014 1144 1266 1228 congregationis
1288 1144 1518 1229 communione,
1542 1149 1574 1211 et
1591 1149 1733 1210 nostram
1748 1143 1808 1209 lin-

636 1265 733 1345 trem,
756 1261 941 1348 procellosis
962 1259 1108 1328 fluctibus
1131 1260 1224 1326 huius
1246 1260 1358 1326 mundi
1379 1261 1561 1346 fatigatam,
1585 1266 1713 1326 tuorum
1736 1279 1808 1326 ora-

635 1377 758 1443 minum
784 1377 943 1463 praesidio
973 1377 1013 1443 ad
1040 1375 1188 1463 portumd
1216 1375 1327 1442 salutis
1357 1375 1511 1443 deducere
1534 1383 1567 1443 et
1589 1381 1660 1442 atra
1681 1380 1808 1441 contra·

635 1492 832 1579 piaculorum
855 1493 978 1580 spicula
999 1513 1112 1580 parma
1133 1497 1207 1560 tuae
1229 1492 1380 1558 orationis
1404 1497 1569 1578 protegere
1588 1511 1652 1558 nou
1667 1511 1809 1572 recuses3

636 1609 719 1675 sicut
743 1629 802 1675 nos
825 1629 963 1694 quoque,
990 1608 1066 1675 licet
1092 1607 1298 1695 peccatores,
1328 1629 1385 1695 pro
1409 1613 1482 1676 tuae
1504 1607 1701 1675 celsitudinis
1724 1612 1810 1674 statu

636 1724 743 1791 divino
759 1723 919 1809 subfragio
935 1724 1067 1808 singulis
1081 1725 1251 1791 momentis
1267 1725 1471 1811 deprecantes
1487 1745 1604 1791 sumus.
1639 1723 1709 1790 Hoc
1722 1743 1808 1808 vero,

636 1841 663 1908 si
686 1840 870 1928 corporibus
892 1845 1093 1926 praesentes⁸
1108 1841 1286 1926 fuissemus,
1309 1839 1400 1908 flexis
1417 1841 1572 1925 genuum¹¹
1588 1839 1763 1927 poplitibus
1779 1845 1810 1906 et

636 1956 729 2024 salsis
757 1956 963 2025 lacrimarum
984 1957 1139 2024 imbribus
1162 1957 1336 2042 rogitantes
1360 1956 1504 2041 diligenti
1525 1957 1678 2043 petitione
1700 1977 1808 2044 spera-

636 2093 707 2139 mus
729 2093 823 2160 posse
844 2073 1024 2160 impetrari3
1048 2077 1082 2139 et
1102 2092 1186 2140 nunc
1209 2073 1354 2140 absentes
1376 2073 1437 2140 hoc
1459 2072 1543 2139 idem
1566 2073 1691 2140 obnixis
1706 2073 1808 2160 preci·

635 2190 694 2257 bus
709 2188 916 2275 postulamus.
943 2187 1025 2254 Illud
1039 2189 1135 2255 etiam
1151 2189 1231 2256 scire
1246 2189 1460 2256 desideramus
1475 2194 1549 2256 tuae
1564 2189 1746 2273 sagacitatis
1761 2190 1809 2256 in·

637 2305 809 2372 dustriam:
833 2304 926 2391 qnod,
949 2303 978 2370 si
993 2303 1044 2370 cui
1058 2309 1202 2371 nostrum
1219 2306 1373 2388 contingit
1387 2305 1480 2372 huius
1495 2304 1701 2372 Brittanicae¹
1716 2305 1808 2372 tellu-

636 2422 682 2487 ris
705 2427 830 2507 sceptra
844 2420 984 2502 visitare,
1008 2420 1092 2506 quod
1106 2420 1223 2488 nullius
1239 2421 1375 2488 hominis
1391 2421 1619 2488 oboedientiam
1636 2425 1669 2486 st
1682 2421 1809 2488 iustitu-

636 2538 755 2603 tionem
776 2540 870 2602 antea
888 2536 1078 2621 quaerimus,
1097 2557 1192 2621 quam
1209 2542 1283 2604 tuae
1300 2535 1548 2605 benivolentiae*¹
1566 2537 1808 2618 subiectionem

638 2652 704 2738 qui¹
726 2653 761 2718 in
782 2656 814 2718 te
836 2651 1051 2718 firmissimam
1074 2673 1164 2740 spem
1186 2655 1301 2720 mentis
1324 2660 1475 2721 nostraem
1490 2654 1629 2741 positam
1645 2653 1807 2721 habemus.

728 2767 882 2835 Similiter
913 2768 1130 2836 obsecramus:
1165 2775 1201 2836 ut
1228 2770 1377 2856 puerulos
1404 2770 1483 2836 duos
1510 2769 1655 2836 nomine'
1683 2768 1810 2836 Beiloc⁰

638 2890 671 2952 et
689 2884 765 2952 Mun
780 2921 823 2932 -
839 2904 917 2971 qnos
941 2903 998 2970 ego
1018 2883 1079 2952 Lul
1103 2889 1135 2952 ct
1156 2889 1248 2973 pater
1269 2891 1377 2954 noster
1397 2886 1513 2953 liberos
1536 2885 1725 2971 dimisimus,
1748 2885 1810 2954 Ro-

636 3023 723 3069 mam
751 3001 946 3069 destinantes
974 3006 1007 3067 et
1033 3001 1206 3068 avunculo*
1227 3007 1335 3069 nostro
1365 3003 1653 3070 commendavimus
1683 3039 1724 3049 -
1752 3023 1810 3089 pro

637 3119 782 3185 mercede
814 3118 939 3184 animae
964 3123 1069 3202 tueor,
1105 3123 1137 3185 et
1164 3119 1208 3184 si'
1228 3118 1320 3186 liberi
1348 3119 1472 3185 arbitrii
1500 3119 1578 3186 sint·
1607 3119 1652 3185 et‘
1681 3118 1810 3186 illorum

637 3234 783 3302 voluntas
812 3234 855 3300 sit
882 3239 914 3301 et
941 3235 976 3300 in
1004 3239 1061 3300 tna
1087 3239 1244 3320 potestate
1272 3235 1351 3320 sint,
1387 3236 1479 3304 nobis
1508 3236 1724 3302 transmittere
1753 3255 1810 3322 per

638 3350 751 3416 harum
772 3348 951 3417 litterarum
972 3349 1098 3434 gerulos
1122 3351 1259 3418 studeas.
1298 3349 1342 3416 Et
1365 3351 1393 3417 si
1416 3351 1530 3438 aliquis
1554 3352 1619 3418 eis¹¹
1642 3351 1810 3439 prohibere

638 3465 750 3533 vellet'
771 3466 833 3532 iter
855 3467 1008 3553 pergendi
1031 3467 1100 3533 sine
1123 3467 1254 3552 iustitia,
1279 3467 1494 3554 deprecamur,
1517 3471 1554 3533 ut
1573 3487 1626 3533 eos
1643 3467 1810 3534 defendere

638 3583 786 3667 digneris.
868 3581 973 3648 Parva
995 3602 1119 3668 quoque
1140 3582 1398 3650 munusculorum
1412 3583 1635 3650 transmissiow
1650 3583 1810 3651 scedulam

638 3699 734 3766 istam
756 3698 941 3780 comitatnr3
966 3716 1046 3783 quae
1068 3703 1144 3765 sunt
1166 3701 1239 3784 tria,
1262 3699 1295 3765 id
1319 3703 1368 3766 est
1389 3699 1469 3765 turis
1492 3701 1524 3766 et
1546 3699 1666 3787 piperis
1689 3705 1722 3766 et
1744 3701 1810 3770 cin·

637 3815 779 3881 namomi
800 3814 999 3901 permodica¹
1013 3815 1136 3899 xenia',
1159 3814 1216 3882 sed
1231 3815 1316 3882 omni
1331 3815 1447 3882 mentis
1462 3813 1626 3884 affectione
1642 3816 1808 3884 destinato.

638 3931 740 3997 Huius
768 3930 909 3997 muneris
937 3931 1187 4015 magnitudinem
1210 3938 1331 3998 utnon
1354 3931 1548 4017 consideres,
1579 3931 1635 4000 sed
1657 3933 1811 4020 spiritalis

638 4046 781 4114 caritatis
810 4066 950 4114 amorem
978 4047 1129 4133 adtende,
1158 4049 1342 4136 poscimus'.
1433 4047 1514 4114 lllud
1542 4049 1639 4114 etiam
1662 4049 1810 4135 petimus,

637 4169 675 4230 ut
700 4163 910 4230 mstioitatem
938 4163 1031 4230 huius
1060 4164 1289 4251 epistiunculae
1319 4163 1465 4232 emendes
1475 4175 1496 4249 ⁸,
1525 4169 1557 4231 et
1585 4164 1676 4232 nobis
1704 4165 1812 4252 aliqua

638 4278 736 4346 verba
770 4284 843 4345 tuae
871 4278 1046 4346 dulcedinis
1073 4301 1138 4347 non
1172 4279 1326 4348 rennuasl
1356 4281 1509 4366 dirigere,
1544 4301 1624 4366 quae
1651 4281 1811 4348 inhianter

710 4425 731 4460 ι.
750 4409 809 4460 noia?
826 4414 856 4469 C,
878 4411 925 4459 ιιῖιῖ
941 4414 970 4460 V.
1055 4413 1078 4461 b.
1100 4431 1130 4462 aa
1145 4415 1332 4476 paupertatulae?
1417 4428 1437 4460 c.
1457 4414 1504 4462 illis
1521 4417 1547 4463 C.
1632 4415 1655 4462 d
1675 4418 1765 4476 portem
1783 4417 1810 4466 V.

638 4507 659 4540 e.
679 4509 724 4539 om.
740 4495 766 4541 c.
833 4491 850 4540 f.
870 4495 1002 4552 patratores
1019 4495 1111 4540 addidi.
1173 4509 1195 4554 g.
1215 4496 1318 4556 presenti
1336 4497 1363 4544 V.
1425 4494 1448 4542 lu.
1469 4507 1576 4554 genarum
1595 4496 1621 4542 V.
1684 4496 1700 4542 i.
1721 4495 1809 4544 Bretta-

637 4573 702 4619 nicac
720 4573 747 4618 V.
833 4571 856 4619 b
877 4572 1048 4621 benevolentiae
1066 4575 1094 4622 V.
1180 4575 1195 4621 l.
1216 4575 1312 4635 quiec.
1393 4588 1423 4621 m.
1443 4575 1489 4622 ιιιῖιι
1507 4578 1533 4623 C.
1613 4589 1636 4622 n
1653 4559 1690 4622 .N—.
1706 4578 1733 4632 C,
1749 4573 1765 4622 ῐι
1783 4576 1809 4622 V.

638 4666 660 4699 ο.
678 4652 771 4711 Begiloc
787 4655 821 4710 ι’,-
841 4669 863 4699 o.
878 4669 949 4712 capra
962 4670 986 4713 p.
1002 4655 1032 4700 12
1048 4664 1070 4700 ιι
1086 4655 1115 4702 lt
1131 4673 1153 4701 a.
1164 4655 1187 4702 4.
1265 4669 1288 4716 p.
1305 4654 1416 4702 abunculo
1435 4657 1462 4704 V.
1540 4667 1563 4714 q.
1578 4667 1641 4701 meae
1659 4657 1689 4711 C,
1710 4657 1764 4702 tuas
1783 4657 1809 4702 V.

637 4745 656 4778 r.
677 4731 698 4778 sl
713 4749 757 4778 em.
774 4734 801 4780 C.
878 4745 898 4778 s.
918 4735 972 4779 sunt
987 4735 1014 4781 C.
1092 4736 1108 4780 t.
1129 4735 1150 4782 sl
1167 4735 1224 4782 add.
1242 4737 1268 4782 C.
1345 4749 1368 4780 u.
1391 4752 1445 4782 corr.
1462 4737 1485 4780 ta
1506 4747 1545 4780 eos
1563 4736 1589 4781 C.
1667 4747 1689 4780 r.
1710 4733 1767 4780 velit
1784 4737 1809 4783 ι’.

637 4825 665 4857 ιι.
684 4811 815 4859 trmsmtsio
833 4813 860 4860 V.
922 4825 944 4859 n
963 4811 1082 4872 permedia
1099 4814 1126 4862 V.
1189 4827 1211 4874 y.
1232 4814 1297 4861 ceula
1312 4813 1339 4861 V.
1403 4827 1423 4860 r.
1444 4813 1590 4874 poposcimus
1603 4814 1630 4862 V.
1692 4827 1713 4860 a
1734 4828 1810 4862 emen·

637 4889 680 4937 das
697 4893 726 4940 V.
802 4891 827 4938 b.
846 4905 945 4939 munuca
962 4893 989 4939 V.
