4342 6034
587 798 614 847 s.
631 796 808 847 somnum
828 800 872 846 su
895 798 998 847 noum
1019 796 1208 847 urmuouss
1231 800 1275 845 111
1451 782 1515 847 271

358 937 498 1005 biteratus
527 935 730 1025 abbatisque¹
751 938 869 1007 honore
891 958 964 1007 cum
985 939 1175 1026 precedente
1196 938 1400 1027 propriorum
1421 940 1517 1005 meri·
1535 944 1677 1001 tuo-'lat

356 1060 448 1121 torum
470 1054 620 1139 suffragio
643 1054 806 1141 decorato,
834 1054 961 1139 Lullus,
992 1060 1154 1121 extremus
1182 1052 1375 1121 orthodoxae
1404 1055 1516 1121 matris

354 1169 489 1237 videlicet
511 1169 661 1238 ecelesiae
684 1170 846 1254 alumnus,
869 1169 1129 1237 inmarcescibilis
1152 1170 1295 1237 caritatis
1317 1170 1352 1236 in
1374 1169 1518 1253 angulari

354 1284 450 1372 lapide
470 1286 636 1371 utriusque
657 1281 856 1353 testamenti¹
879 1286 1075 1355 salutiferam
1099 1286 1244 1353 salutem.

432 1400 511 1467 Fido
534 1407 678 1485 gestante
699 1400 826 1486 gerulo,
849 1422 981 1469 munera
1003 1402 1162 1485 largitatis
1185 1406 1258 1467 tuae
1282 1400 1323 1467 ad
1344 1420 1396 1467 me
1418 1418 1518 1485 nsque

354 1514 450 1583 delata
470 1522 698 1604 pervenerunt3
723 1517 779 1583 sed
801 1522 834 1583 et
855 1518 1059 1583 suavissimas
1083 1516 1263 1583 benivolas·
1286 1516 1428 1581 caritatis
1443 1522 1518 1581 tuae

353 1630 559 1717 sdutadoues,
582 1652 675 1699 omne
696 1652 812 1699 munus
835 1633 1005 1717 vincentes,
1029 1652 1119 1699 more
1141 1631 1235 1698 solito
1250 1631 1370 1717 pariter
1386 1630 1518 1698 comita·

353 1746 467 1815 bantur.
515 1747 634 1827 Quibus
658 1748 774 1815 auditis
796 1753 829 1815 et
856 1750 1030 1835 perceptis,
1060 1748 1173 1815 uberes
1195 1746 1263 1813 Deo
1285 1746 1430 1833 piissimo
1452 1746 1519 1833 pri·

352 1862 440 1930 nitus
462 1865 514 1947 egi
536 1865 673 1948 gratias,
701 1869 737 1929 ut
759 1846 872 1931 decuit.
918 1864 962 1931 Et
984 1864 1097 1931 deiude
1119 1862 1312 1931 fraternitati
1333 1866 1407 1927 tuae
1430 1862 1519 1928 debi-

352 1978 411 2045 as*
432 1978 559 2046 reddidi
586 1984 709 2063 gratem
740 1980 815 2065 qnia
841 1983 874 2047 te
900 1979 935 2045 in
962 1980 1084 2047 minore
1112 1983 1270 2065 potestate
1291 1975 1417 2044 fidelem
1439 1978 1519 2044 scie-

352 2092 427 2179 bam,
449 2096 484 2161 in
507 2096 628 2161 maiore
651 2094 743 2161 citius
766 2093 939 2161 fideliorem
961 2095 1164 2183 comprobavi

432 2209 593 2297 Comperto
616 2215 739 2277 antem⁰
761 2210 981 2297 prosperitatis
1004 2216 1078 2277 tuae
1100 2228 1258 2293 successu,
1281 2228 1355 2293 eger
1376 2206 1520 2274 animns‘

351 2330 513 2411 utumque
536 2327 615 2410 egit:
646 2326 804 2409 gaudebat
826 2325 865 2393 de
888 2326 1071 2393 ascensione
1094 2326 1179 2392 cari·
1201 2324 1338 2409 sodalis,
1367 2324 1423 2391 sed
1445 2343 1520 2390 cou-

350 2440 531 2509 tristubatur
558 2441 597 2508 de
626 2440 788 2509 divisione.
836 2440 916 2519 Quia
943 2440 1002 2508 boc
1034 2440 1246 2508 intollerabile
1269 2439 1355 2525 apud
1376 2439 1519 2506 homiues

351 2556 479 2641 ridetur,
503 2555 646 2641 dumis,
670 2556 725 2641 qui
748 2576 806 2643 pre
828 2557 940 2623 ceteris
963 2556 1035 2644 plus
1059 2555 1219 2640 diligitur,
1242 2561 1373 2641 repente
1396 2555 1521 2623 subtra-

351 2670 443 2754 hitur;
475 2672 621 2757 quamvis
649 2692 709 2759 pro
738 2677 823 2739 certo
853 2673 968 2755 sciam,
1005 2672 1090 2757 quod
1115 2671 1205 2737 nulla
1229 2675 1389 2738 terrarum
1417 2670 1522 2756 mutia

350 2786 414 2853 illos
437 2787 581 2855 dividere
603 2792 745 2874 possunt,
768 2806 846 2872 quos
868 2806 962 2853 verus
983 2785 1103 2853 Christi
1125 2804 1214 2852 amor
1236 2784 1429 2872 indisrupto‘
1451 2806 1521 2869 ger·
1566 2802 1570 2811 ·

351 2903 509 2971 maritatis
546 2902 671 2969 ducale
704 2902 812 2969 nectit.
866 2902 959 2969 Teste
989 2900 1056 2969 Deo
1086 2938 1128 2949 -
1160 2922 1202 2968 ne
1228 2902 1338 2969 videar
1366 2900 1521 2967 adolando

351 3018 453 3087 fallere
478 3056 522 3066 —
546 3018 622 3103 quia
644 3024 685 3103 te,
709 3024 810 3105 pater,
835 3022 987 3103 quantum
1009 3018 1125 3084 mentis
1147 3016 1343 3103 possibilitas
1359 3015 1521 3098 adtribuit,

350 3134 462 3201 luterni
486 3132 618 3201 allectus
641 3154 748 3201 amore
770 3132 878 3217 diligo.

432 3250 505 3318 Hoc
527 3255 633 3317 autem
655 3248 792 3315 subnixa
812 3268 906 3335 prece
928 3246 1090 3314 humiliter
1113 3246 1257 3314 obsecro:
1285 3253 1323 3313 ut
1350 3266 1521 3331 numquam

351 3366 443 3433 semel
472 3368 509 3433 in
532 3365 657 3433 Christo
686 3368 831 3451 ceptam⁸
853 3365 1018 3431 caritatem
1047 3363 1169 3430 desidia
1197 3364 1335 3450 torporis
1357 3363 1391 3429 in
1412 3367 1522 3428 nostro

351 3488 473 3568 pectore
495 3482 666 3565 frigescere
689 3480 829 3547 muamus
852 3479 939 3547 velut
960 3498 1093 3566 parvam
1115 3478 1287 3545 scintillam
1305 3479 1411 3545 tenuis
1426 3479 1520 3563 iguis,

350 3598 433 3666 fulva
459 3599 603 3665 cinerum
630 3595 740 3663 favilla
767 3594 968 3677 suffocatam,
1003 3614 1044 3661 ne
1076 3594 1111 3660 iu
1140 3594 1282 3661 dermum
1309 3594 1473 3661 veniamus
1502 3612 1523 3659 a

351 3712 601 3799 pretereuntibus
624 3717 752 3799 ceptum
775 3709 952 3778 aedilicium
974 3710 1247 3777 considerantibus
1268 3704 1394 3776 turris⁸.
1434 3706 1523 3775 Dicit

351 3830 521 3918 scriptura:
552 3828 618 3911 Qui
642 3830 1008 3915 possessoremque
1029 3828 1195 3911 inficeto,
1226 3827 1406 3893 bissulcas
1430 3820 1521 3903 erit‘g

351 3964 405 4013 nec
427 3944 562 4032 quilibet
583 3942 699 4010 artifex
722 3944 762 4010 de
783 3948 875 4029 cepto
899 3962 994 4029 opere
1023 3942 1188 4025 laudatur,
1217 3940 1273 4007 sed
1301 3940 1342 4007 de
1369 3940 1520 4027 perlecto.

352 4059 416 4127 lloc
444 4066 551 4127 numm
584 4078 689 4126 meam
722 4058 991 4142 mediocritatem,
1021 4056 1196 4143 quamlibet
1222 4060 1327 4123 aetate
1352 4056 1521 4140 iuniorem,

353 4176 463 4244 merito
485 4176 647 4261 gratimus
669 4174 834 4258 minorem,
858 4173 992 4241 scientia
1013 4172 1212 4256 inferiorem,
1236 4172 1355 4257 absquo
1376 4170 1442 4237 ullo
1464 4170 1522 4237 du·

422 4366 444 4399 a.
464 4352 596 4399 baenirclu
614 4354 641 4400 V.
723 4350 746 4397 b.
766 4350 857 4398 debitus
876 4350 903 4397 V.
987 4362 1007 4396 c.
1027 4349 1087 4398 Π.
1162 4349 1185 4395 d.
1205 4348 1287 4395 anlnns
1306 4348 1332 4395 7.
1404 4361 1425 4394 e.
1445 4360 1486 4394 cur
1503 4348 1527 4395 7

354 4428 407 4487 (vti
420 4434 512 4491 scripsit
526 4429 648 4489 samaa).
724 4430 878 4489 Lindisrlpiu
896 4430 925 4477 V.
1002 4442 1024 4487 g.
1045 4430 1138 4489 ceptum
1155 4429 1183 4477 V.

423 4536 449 4591 1.
473 4534 508 4591 V.
525 4535 593 4592 Vita
612 4532 641 4590 S.
658 4534 783 4604 Gregorii
800 4532 985 4589 {traiectensis
1009 4531 1119 4587 abbatis
1142 4547 1166 4586 c.
1185 4532 1219 4585 14
1241 4546 1286 4599 ap.
1303 4528 1434 4585 llabillon
1449 4528 1524 4584 Acta

356 4619 401 4677 SS.
419 4622 479 4678 ord.
496 4622 563 4679 Beu.
582 4637 654 4678 saec.
666 4622 736 4677 1112
752 4638 781 4692 p.
793 4622 859 4676 329:
885 4624 970 4691 ,post
992 4621 1154 4691 martyrium
1177 4620 1265 4673 sancti
1283 4618 1407 4687 magistri
1426 4617 1523 4682 (Boni-

356 4706 423 4779 satir)
439 4711 499 4781 ipse
515 4726 624 4781 qnoque
641 4710 668 4767 b.
681 4710 830 4780 Gregorius
848 4726 867 4764 a
877 4708 1017 4779 Stephano
1031 4710 1081 4775 (111
1094 4709 1147 4763 752
1153 4708 1252 4775 ³157)
1263 4706 1431 4777 apostolieae
1449 4705 1524 4761 sedis

357 4800 480 4866 pmcsule
497 4804 525 4855 st
542 4798 578 4855 ab
595 4800 693 4855 illustri
704 4813 770 4869 rege
781 4798 896 4869 Pippiuo
909 4799 1030 4868 suscepit
1042 4796 1232 4852 auctoritatem
1244 4794 1398 4851 seminandi
1408 4793 1523 4849 verbum

358 4884 448 4942 Deiln
459 4886 619 4945 &esculat
660 4889 687 4945 2.
698 4888 733 4944 V.
744 4886 933 4958 spumaue.
975 4888 1001 4942 3»
1015 4884 1057 4943 Gi.
1066 4887 1135 4941 Luc.
1143 4885 1186 4957 14,
1195 4885 1241 4941 29.
1279 4885 1306 4939 4„
1317 4882 1415 4939 flattu
1426 4884 1469 4953 10,
1479 4884 1523 4939 ii.
