4342 6034
691 786 758 854 454
930 802 1139 851 wmnraaaor
1160 804 1240 851 vrrs
1264 805 1290 851 s,
1307 804 1484 851 normann
1506 802 1582 851 aar.
1598 802 1635 850 vr

691 950 880 1029 congregata
908 964 1071 1011 servorum
1094 945 1154 1011 Dei
1182 944 1303 1012 unitate
1325 950 1359 1012 et
1378 946 1606 1013 monaohornm
1626 964 1752 1011 summ
1771 964 1853 1012 sana·

690 1062 791 1144 litate,
815 1066 1029 1128 constructum
1052 1062 1157 1127 estin
1178 1060 1258 1145 loeo,
1282 1060 1354 1147 qui·
1375 1060 1494 1128 dieitur
1515 1056 1693 1148 Ordorp'¹;
1715 1062 1770 1147 qui
1787 1082 1855 1148 pro·

690 1177 769 1264 priis
792 1176 853 1243 sibi
875 1195 963 1245 moro
987 1177 1160 1263 apostolico
1181 1176 1327 1244 manibus
1345 1178 1469 1245 vietum
1483 1176 1697 1262 restimque
1709 1179 1856 1245 inmautor

689 1288 881 1359 laborando'
905 1292 1156 1378 adquesierunt.

782 1407 896 1494 Sioque
920 1414 1047 1477 sanotae
1069 1430 1178 1475 rumor
1201 1408 1444 1495 praedicationis
1468 1408 1536 1475 eius
1555 1406 1741 1476 diffamatus
1762 1410 1856 1477 ostiu

690 1528 876 1610 tantumque
898 1525 1040 1609 inolevit,
1063 1531 1101 1591 ut
1120 1524 1375 1611 permaximam
1397 1525 1462 1591 iam
1475 1524 1625 1612 Europae
1640 1526 1858 1612 partemfama

691 1642 758 1708 eius
793 1646 1015 1729 perstreperet.
1061 1640 1106 1707 Et
1138 1660 1178 1707 ex
1210 1638 1406 1707 Brittaniae¹
1433 1640 1578 1727 partibus
1612 1660 1780 1708 sorvorum
1804 1641 1857 1707 Dei

690 1756 829 1844 plurima
851 1757 892 1823 ad
914 1776 986 1823 eum
1009 1762 1076 1823 tam
1097 1756 1252 1823 lectorum
1274 1775 1370 1841 quam
1393 1754 1490 1823 etlam
1511 1757 1703 1843 sariptoram
1718 1756 1870 1823 aliarum·
1904 1771 1905 1858 p

690 1894 751 1959 qus
774 1874 892 1939 artium
914 1873 1111 1940 eruditorum
1133 1872 1274 1938 virorum
1296 1873 1549 1956 congregationis
1573 1878 1767 1939 eonveuerat
1786 1872 1858 1939 mul-

689 1990 801 2057 titudo.
848 1988 988 2069 Quorum
1016 1988 1135 2075 quippe
1162 2006 1257 2073 qaam
1279 1988 1409 2074 plurimi
1430 1988 1570 2072 regulari
1591 2008 1627 2057 aa
1648 1990 1719 2056 eius
1739 1990 1856 2057 institu-

690 2106 777 2173 tione
793 2105 1010 2188 subdiderunt,
1021 2103 1237 2190 populumque
1252 2104 1292 2170 ab
1303 2105 1439 2171 erratica
1448 2104 1635 2187 gentilitatis
1644 2104 1856 2192 profanatione

691 2222 838 2309 plurimis
868 2222 903 2287 iu
925 2220 1003 2287 loeis
1026 2238 1206 2286 evooavere.
1251 2218 1296 2285 st
1317 2219 1373 2287 alii
1394 2220 1522 2304 quidem
1543 2220 1578 2287 iu
1600 2222 1766 2308 provintia
1787 2222 1856 2289 lire

691 2346 828 2422 sorum·‚
858 2336 913 2403 alii
942 2338 1036 2402 etiam
1065 2336 1101 2401 in
1126 2334 1327 2422 Thyriugia‘,
1356 2336 1492 2423 allapsum
1519 2336 1598 2420 late,
1627 2356 1687 2424 per
1713 2337 1856 2425 populun

690 2472 789 2540 pagos
813 2472 850 2519 ao
873 2452 960 2518 viem
981 2452 1112 2518 verbum
1136 2450 1198 2519 Dei
1218 2452 1455 2539 praedicabant
1725 2454 1728 2460 '

781 2568 922 2653 Cumque
944 2567 1056 2650 ingens
1079 2568 1244 2653 utriusque
1257 2567 1368 2654 populi
1381 2566 1552 2635 multitudo
1565 2566 1642 2655 fidei
1657 2576 1854 2648 sacramenta

691 2684 799 2751 multis
822 2683 950 2750 milibus
973 2684 1137 2751 homiuum
1160 2682 1346 2770 baptizatis,
1372 2685 1578 2771 perciperet‘‚
1607 2686 1674 2751 iam
1702 2677 1851 2754 defuneto'

692 2802 803 2867 beatae
832 2800 1005 2866 memoriae
1027 2796 1179 2883 Gregorio
1209 2800 1346 2866 seeundo
1372 2799 1458 2866 sedis
1486 2800 1677 2887 apostolieae
1704 2822 1808 2889 papa,
1832 2809 1855 2867 et

693 2914 829 3001 glorioso
862 2916 1027 3004 prostatus
1060 2916 1145 2982 sedis
1180 2914 1331 2999 Gregorio
1359 2913 1499 2983 iuniore‘
1525 2916 1692 3004 apostolici
1719 2917 1854 2984 emmim

585 3061 609 3099 ο.
623 3046 675 3101 732
693 3033 860 3101 cathedra*
876 3032 1087 3121 praesidente,
1104 3030 1207 3097 denuo
1220 3028 1353 3097 Romam
1373 3030 1477 3098 nuntii
1491 3032 1561 3098 eius
1574 3039 1739 3100 uenerunt
1773 3034 1854 3101 Sauo

692 3156 823 3236 tumque
847 3150 930 3216 sedis
955 3148 1147 3236 apostolieae
1167 3146 1349 3233 pontitioem
1372 3146 1509 3214 adlocuti
1531 3153 1615 3232 suut
1638 3149 1730 3235 eique
1750 3150 1853 3237 prioris

693 3266 850 3333 amicitiae
872 3265 1010 3349 foedera,
1034 3283 1115 3349 quae
1136 3262 1383 3329 miserirordlter
1404 3263 1445 3330 ab
1467 3269 1665 3333 autooessore
1683 3286 1743 3332 suo
1758 3270 1854 3333 mou

692 3380 868 3448 Bouefatio'
893 3382 1022 3466 eiusque
1043 3378 1183 3447 familiae
1204 3378 1331 3446 oonlata
1352 3385 1441 3463 sunt,
1464 3380 1758 3449 manifestaverunt
1802 3380 1853 3448 Soti

693 3504 726 3565 et
747 3498 894 3564 devotam
918 3496 985 3563 sius
1006 3497 1041 3562 iu
1063 3497 1206 3563 futurum
1227 3494 1416 3561 humilitatis
1439 3496 1631 3583 apostolieae
1652 3499 1723 3566 sedi
1744 3499 1853 3566 subiet

693 3614 812 3680 tionem
834 3618 1045 3680 narraverunt
1068 3617 1116 3695 et,
1143 3617 1182 3677 ut
1206 3610 1418 3677 familiaritati
1445 3632 1483 3679 aa
1509 3614 1744 3681 eommuuioni¹
1765 3614 1853 3681 saneti
1906 3681 1907 3688 ,

558 3782 562 3791 .
693 3727 852 3816 pontificis
876 3734 971 3813 atque
993 3728 1090 3793 totius
1112 3726 1197 3793 sedis
1220 3728 1412 3814 apostolieae
1433 3746 1474 3795 ex
1494 3728 1555 3796 hoo
1576 3728 1690 3797 deuote
1708 3730 1853 3797 subiecto

695 3844 951 3928 communicaret,
975 3844 1239 3929 quemadmodum
1254 3844 1358 3931 edooti
1372 3851 1473 3929 eraut,
1488 3844 1721 3932 precabantur'.
1751 3844 1852 3913 Statim

695 3980 770 4044 ergo
794 3964 920 4027 sanetus
944 3961 1028 4027 sedis
1051 3960 1243 4048 apostolieae
1263 3976 1349 4047 popa
1363 3958 1528 4047 pacificum
1544 3962 1667 4048 profert
1678 3980 1852 4049 responsam

696 4082 728 4143 et
751 4096 841 4143 suam
864 4076 1009 4163 sedisque
1032 4077 1224 4165 apostolieae
1245 4076 1470 4145 familiaritatis
1492 4082 1526 4143 st
1547 4076 1707 4144 amicitiae
1726 4094 1852 4144 eommu-

695 4192 823 4259 nionem
851 4198 917 4259 tam
950 4200 1058 4261 saneto
1087 4194 1247 4261 Bonifatio
1276 4210 1371 4277 qaam
1400 4193 1497 4259 etiam
1524 4192 1586 4259 sibi
1613 4193 1763 4261 subiectis
1787 4211 1851 4258 eou-

573 4342 585 4373 0
649 4326 679 4372 a.
696 4308 841 4392 donauit3
879 4316 1067 4398 sumptoque
1101 4308 1389 4396 arehiepisoopatus
1421 4305 1545 4395 pallio‘,
1578 4328 1652 4376 oum
1683 4308 1850 4377 muneribus
1902 4335 1907 4454 p

768 4474 789 4507 a
810 4472 856 4526 qup
872 4462 897 4508 F.
959 4460 982 4507 b.
1003 4458 1309 4520 eunomianorum.
1370 4473 1391 4505 a
1412 4458 1608 4519 adquialeruntA.
1669 4460 1693 4509 t
1710 4458 1847 4508 nrranrur.
1906 4457 1907 4536 ᾗ

696 4556 717 4589 a.
737 4540 863 4589 Hassoruur
873 4544 901 4588 A.
962 4540 980 4587 i.
1000 4540 1130 4599 Thyrlugaa
1138 4544 1167 4589 A.
1228 4552 1251 4598 g.
1271 4539 1416 4601 perciperent
1424 4543 1453 4589 A.
1514 4538 1538 4585 h.
1558 4538 1669 4588 amauri
1675 4544 1703 4599 17,
1718 4538 1848 4589 anana

696 4620 713 4667 i.
730 4620 844 4677 Bonifatio
854 4622 883 4667 A.
960 4618 984 4665 k.
1003 4620 1197 4667 oommuuloual'.
1274 4619 1291 4665 l.
1306 4622 1453 4679 precarentur
1463 4622 1491 4677 F,
1506 4619 1670 4680 putantum.

767 4725 792 4778 1.
817 4720 943 4792 Ohrdruf,
961 4722 1083 4779 aGotha
1101 4723 1136 4778 ast
1150 4722 1300 4779 manniam.
1371 4724 1397 4778 2.
1418 4722 1666 4792 lcoriuttr.4,12:
1685 4723 1847 4797 „naemu

696 4816 841 4883 operantes
864 4810 990 4867 mausona
1010 4812 1142 4867 nostris“.
1237 4813 1263 4867 3.
1287 4812 1340 4867 sol
1360 4810 1438 4867 Febr.
1458 4814 1500 4867 11.
1592 4814 1619 4868 4,
1640 4812 1695 4883 111,
1712 4808 1844 4868 'itt-ill.

555 4922 560 4933 ¹
697 4902 723 4957 5.
746 4918 773 4955 v.
792 4896 880 4956 Bonif.
899 4888 942 4969 ep.
955 4900 998 4970 28,
1017 4916 1101 4969 supra
1115 4918 1144 4970 p.
1156 4900 1201 4956 or.
1290 4938 1296 4949 .
