4342 6034
606 788 632 837 s.
649 788 825 837 somrarn
847 790 891 836 nr
913 789 1014 837 nonni
1037 788 1225 837 nrrsroonn
1248 789 1278 836 so
1464 772 1529 839 175

357 930 473 1013 transi,
505 930 539 995 in
566 928 757 1015 profundum
784 928 901 995 inferni
924 934 956 995 et
977 934 1132 997 tartarum
1157 930 1263 1017 abyssi
1284 930 1421 997 demersi
1444 936 1528 997 sunt
1548 938 1601 993 ιιι

355 1044 435 1111 Nam
450 1043 648 1129 ceolredum,
672 1064 887 1131 precessorem
910 1046 1090 1112 venerande
1112 1044 1307 1111 celsitudinis
1329 1052 1404 1112 tuae
1427 1082 1469 1093 —·-
1493 1052 1531 1112 ut

353 1161 482 1226 testati·
505 1165 588 1243 sunt,
612 1161 666 1245 qui
689 1164 871 1246 praesentes
886 1160 1012 1227 fuerant
1028 1196 1069 1207 -
1086 1162 1172 1247 apud
1188 1162 1318 1227 comites
1333 1181 1408 1227 suos
1423 1160 1530 1247 splen·

353 1274 424 1358 dide
449 1275 643 1362 epulantem,
667 1276 826 1360 malignus
849 1276 990 1362 spiritus,
1014 1277 1067 1361 qui
1091 1298 1163 1342 eum
1187 1277 1226 1342 ud
1249 1276 1397 1342 fiduciam
1416 1276 1529 1362 damp

352 1390 476 1457 nandae
506 1390 585 1474 legis
608 1390 669 1458 Dei
698 1390 857 1459 suadendo
880 1392 1027 1479 pellexit,
1056 1398 1238 1479 peccantem
1262 1392 1366 1458 subito
1387 1392 1422 1458 in
1443 1392 1530 1459 insa-

352 1506 436 1573 niam
459 1508 578 1573 mentis
601 1508 771 1590 eonvertit;
799 1513 835 1575 ut
857 1509 925 1575 sine
948 1508 1144 1595 paenitentia
1165 1512 1198 1573 et
1219 1507 1425 1591 confessione,
1447 1507 1528 1573 furi-

352 1620 475 1687 bundus
501 1626 534 1687 et
556 1640 664 1689 amens
688 1628 812 1689 etcum
835 1623 969 1690 diabolis
992 1624 1207 1689 sermocinans
1227 1628 1260 1688 et
1274 1622 1335 1688 Dei
1350 1622 1529 1689 sacerdotes

352 1736 571 1821 abhominaus,
588 1738 628 1805 do
642 1738 702 1805 hac
715 1738 785 1805 luce
800 1739 868 1806 siue
883 1739 979 1805 dubio
994 1738 1035 1805 ad
1050 1741 1210 1803 tormenta
1221 1736 1338 1803 infami
1349 1737 1501 1820 migravit
1509 1733 1527 1803 ¹.

352 1850 507 1919 Osredum
532 1872 655 1939 quoque
670 1854 801 1939 spiritus
817 1854 969 1938 luxoriae,
993 1854 1202 1920 fornicantem
1217 1857 1251 1918 et
1263 1872 1321 1939 per
1335 1853 1529 1918 monasteria

350 1986 529 2034 nonnarum
558 1972 698 2035 sacratas
716 1970 860 2053 ,virgines
889 1973 1087 2055 stuprantem
1116 1973 1149 2034 st
1175 1968 1350 2050 furentem,
1379 1968 1526 2051 agitavit3
1631 1950 1636 1959 ’

349 2102 447 2167 usque
470 2082 576 2168 quodb
591 2084 660 2171 ipse
675 2084 847 2168 gloriosum
862 2104 994 2169 regnum
1010 2089 1042 2151 et
1056 2083 1245 2150 iuvenilem⁰
1260 2084 1361 2149 vitam
1377 2088 1410 2148 et
1423 2084 1527 2169 ipsam

349 2196 546 2264 luxoriosum
570 2200 707 2265 animam
731 2200 960 2287 contemptibili
984 2206 1016 2269 et
1037 2200 1187 2286 despecta
1208 2204 1311 2265 morte
1332 2195 1499 2284 perdidit*

436 2313 651 2401 Quapropter,
674 2314 720 2381 lili
739 2316 910 2401 carissime,
934 2336 1011 2382 cave
1026 2316 1085 2381 tibi
1099 2316 1234 2397 foveam,
1257 2315 1292 2379 in
1308 2334 1403 2398 quam
1419 2314 1525 2380 vidisti
1545 2317 1685 2372 744-747

349 2448 454 2495 coram
484 2434 519 2495 te
548 2430 626 2497 alios
655 2432 814 2497 cecidisse.
861 2430 944 2497 Cave
972 2431 1031 2499 tibi
1053 2430 1158 2497 iacula
1180 2430 1302 2515 antiqui
1323 2430 1441 2514 hostis,
1470 2450 1527 2516 per

350 2564 426 2629 qnae
462 2546 660 2631 propinquos
689 2546 834 2633 proprios
864 2566 970 2615 coram
997 2552 1030 2613 te
1060 2546 1240 2612 vulneratos
1269 2546 1381 2612 cadere
1407 2546 1526 2612 vidisti.

348 2660 498 2727 Adtende
518 2660 578 2726 tibi
601 2680 620 2727 a
642 2661 754 2747 laqueo
778 2662 983 2747 insidiatoris,
1006 2662 1041 2728 in
1064 2682 1127 2747 quo
1141 2667 1234 2727 notos
1249 2666 1282 2727 et
1296 2660 1527 2728 commilitones

348 2780 417 2843 tuos
439 2775 575 2842 videbas
603 2776 815 2861 strangulatos
839 2783 872 2845 et
894 2782 1093 2865 praesentem
1115 2777 1216 2842 vitam
1238 2783 1272 2844 et
1292 2777 1432 2843 futuram
1454 2798 1527 2863 por-

348 2890 429 2958 dore.
479 2890 555 2958 Noli
580 2892 693 2959 talium
716 2894 755 2959 ad
778 2894 988 2980 perditionem
1012 2892 1159 2978 exempla
1180 2892 1279 2978 sequi.
1326 2892 1418 2959 Tales
1442 2893 1527 2959 enim

347 3006 436 3073 iuxta
463 3008 685 3094 prophetiam‘¹
708 3014 835 3075 sanctae
864 3011 1039 3096 scripturae
1070 3013 1159 3091 sunt,
1188 3008 1243 3092 qui
1266 3008 1528 3091 augustiaverunt

348 3123 446 3189 iustos
472 3126 506 3189 et
529 3124 583 3209 qui
606 3122 804 3191 abstulerunt
825 3124 950 3193 labores
973 3120 1110 3191 eorum'.
1145 3122 1183 3191 ln
1205 3122 1257 3189 die
1278 3123 1388 3189 iudicii
1411 3124 1527 3189 dicturi

349 3244 435 3305 sunt:
467 3240 658 3307 &ravimus
689 3266 710 3306 o
737 3244 791 3307 cio
819 3244 976 3323 certatio,
1008 3255 1036 3307 et
1064 3243 1203 3307 iustitiae
1232 3242 1335 3306 lamen
1357 3262 1422 3307 ooo
1445 3242 1527 3305 lacit

348 3356 447 3438 mio,
474 3369 505 3422 et
526 3356 575 3421 sol
596 3378 661 3423 moa
684 3370 729 3423 eoi
751 3370 837 3425 ortuo
860 3361 895 3423 io
917 3352 1044 3435 mobis³5
1068 3361 1114 3422 ot:
1138 3357 1230 3423 Viam
1244 3358 1381 3423 Domini
1393 3360 1524 3441 ipsora-

349 3467 484 3548 cimoa‘r
513 3475 561 3537 et:
594 3471 682 3553 Quid
703 3474 794 3539 mobis
815 3474 942 3560 prcp‘ait
962 3474 1129 3560 superbio,
1159 3487 1217 3539 aot
1239 3474 1318 3559 quid
1340 3474 1526 3537 divitiorem

348 3590 477 3655 metatio
502 3588 633 3653 contulit
653 3589 765 3653 notati
803 3588 1012 3654 Transierunt
1028 3592 1136 3654 onmia
1149 3589 1209 3654 illo
1224 3602 1385 3674 tamquam
1399 3589 1523 3669 aoobro,

349 3716 376 3769 et
397 3716 562 3789 tamquam
583 3708 714 3771 onomata
732 3728 960 3793 praecurreris,
987 3718 1016 3771 et
1037 3716 1200 3791 tamquam
1221 3707 1323 3786 navia,
1349 3726 1430 3791 qaae
1449 3726 1523 3790 per-

421 3832 441 3870 *
467 3854 514 3911 up.
537 3833 705 3893 Ws'llelmom
730 3834 1005 3893 Molmsoburienaem
1031 3844 1057 3892 ai
1076 3836 1235 3893 Buroaium
1261 3843 1417 3913 aequantur
1441 3835 1525 3891 doec:

469 3928 593 3991 carolus
609 3948 726 4007 qnoque
740 3930 880 4009 princeps
894 3932 1085 4009 Francorum,
1107 3931 1351 3991 monasteriorum
1366 3932 1523 3991 multorum

468 4045 589 4089 eversor
609 4033 639 4089 et
659 4029 926 4089 ecclesiasticarum
948 4030 1137 4105 pecuniarum
1159 4030 1191 4089 in
1211 4046 1282 4089 usus
1294 4029 1431 4105 proprios
1445 4046 1523 4088 com·

470 4129 608 4205 mutator,
629 4128 718 4205 longa
739 4128 869 4189 torsione
889 4132 920 4187 et
940 4126 1070 4188 verenda
1090 4131 1185 4187 morte
1206 4130 1396 4203 consumptus
1416 4130 1489 4187 ast‘.

422 4284 443 4317 ι.
463 4272 559 4318 testanti
576 4276 610 4319 Μ.
677 4270 699 4317 b.
721 4290 778 4319 corr.
794 4275 817 4319 in
833 4284 878 4331 quo
895 4275 921 4320 C.
987 4284 1008 4319 c.
1029 4271 1156 4317 iuvenalem
1171 4272 1229 4318 MV.
1294 4271 1318 4317 d.
1335 4270 1470 4331 prophetem
1487 4276 1522 4319 Μ.

421 4376 444 4431 1.
469 4373 511 4429 (ts.
530 4376 623 4445 ep.10
641 4390 724 4444 supra
740 4390 767 4445 p.
779 4376 822 4431 59.
850 4376 893 4430 De
911 4380 1003 4431 cetero
1021 4376 1114 4445 ipsum
1131 4374 1336 4429 Aethiibaldum
1355 4390 1372 4429 a
1390 4375 1523 4430 ceolredo

351 4462 493 4520 decessore
511 4478 563 4519 suo
581 4479 678 4534 aspere
695 4468 843 4519 mactatum
863 4478 925 4519 esse
943 4465 1059 4535 selmum
1085 4480 1113 4519 v.
1133 4464 1189 4519 Vir.
1207 4462 1236 4518 S.
1250 4462 1360 4519 Gattaei
1377 4462 1521 4527 (liabillou

352 4550 422 4605 Acta
437 4550 488 4608 SS.
503 4552 562 4607 ord.
575 4552 643 4608 Bou.
662 4568 733 4609 saco.
747 4554 787 4609 lll
803 4553 834 4609 P.
847 4552 861 4607 I
878 4554 954 4619 279t:
976 4568 1059 4624 ,cum
1077 4552 1141 4607 exul
1158 4552 1203 4607 ille
1216 4581 1250 4591 -
1262 4550 1448 4622 Etlrelbaldus,
1467 4550 1521 4605 huc

351 4638 465 4710 illucque
482 4648 665 4711 persequente
681 4643 756 4697 illum
769 4642 901 4699 Geolredo
912 4656 986 4711 roge,
1004 4641 1033 4697 in
1046 4640 1163 4696 diversis
1174 4640 1331 4695 nationibus
1342 4639 1520 4695 iactarotnr“.

352 4727 377 4781 2.
401 4726 542 4798 Sap.5.1.
631 4731 658 4785 3.
681 4730 745 4801 Sap.
758 4732 784 4800 5,
797 4732 822 4785 6.
912 4730 938 4785 i.
959 4728 1027 4799 Sap.
1040 4730 1065 4798 5,
1079 4730 1105 4784 7.
1195 4730 1222 4784 5.
1244 4728 1280 4783 de
1298 4728 1451 4783 adulterino
1468 4727 1521 4783 hoc

353 4814 537 4873 addihmento
554 4834 581 4874 v.
594 4818 672 4889 Pagii
689 4818 785 4874 critica
802 4818 832 4874 in
849 4818 962 4874 annales
978 4818 1091 4873 Baronii
1108 4816 1144 4873 sd
1161 4834 1188 4873 a.
1201 4818 1253 4886 141
1271 4834 1299 4873 ιι.
1310 4816 1392 4875 XVII
1408 4814 1520 4871 otllotlr

353 4900 513 4963 Gmtichta
530 4906 580 4963 dea
597 4905 853 4965 Beneficialwesem
870 4920 898 4977 p.
910 4907 963 4963 467
975 4920 1036 4977 squ.
