4342 6034
694 776 868 825 vunounnr
889 777 968 824 vius
991 778 1163 825 cannonis
1445 761 1509 829 cat

347 921 471 1004 postea,
494 916 593 1001 quod,
615 916 746 1003 paralisi
768 936 946 1003 percussus,
967 917 1032 985 illis
1053 918 1302 1005 inspicientibus,
1326 918 1438 1003 quibus
1455 940 1510 986 an·

347 1039 399 1099 tea
419 1037 540 1101 entem
562 1032 711 1099 duritiam
733 1032 850 1116 intulit,
872 1032 1039 1115 languidus
1062 1040 1095 1100 et
1116 1033 1216 1100 siccus
1239 1054 1338 1119 usque
1361 1034 1510 1101 adfinem

346 1148 410 1215 rite
438 1149 570 1214 exaruit
609 1148 665 1214 lile
692 1168 729 1214 ea
756 1148 850 1214 arbor
872 1149 1010 1231 ensfibt,
1038 1148 1079 1214 ad
1102 1149 1190 1215 cuius
1213 1149 1350 1215 redicem
1373 1150 1509 1219 securim

345 1262 481 1349 positam
504 1283 566 1329 uox
588 1263 732 1349 superius
754 1263 863 1329 audita
884 1265 1078 1331 memorauit
1113 1264 1156 1331 Et
1177 1264 1236 1331 boc
1252 1270 1309 1349 est,
1334 1265 1417 1349 quod
1431 1264 1509 1349 legi·

345 1399 431 1444 mus:
459 1380 591 1445 Patiens
613 1392 642 1445 et
662 1381 804 1445 redditor
825 1394 870 1445 aet
891 1381 1061 1447 eleemos
1070 1375 1087 1445 ¹.
1178 1378 1260 1445 Hinc
1283 1386 1315 1447 et
1336 1380 1507 1447 Iberemias

344 1495 403 1559 ait:
436 1495 546 1561 Oomab
567 1497 674 1575 Ιιοτηο,
705 1498 762 1581 qui
783 1497 913 1561 concedit
934 1519 1028 1561 acam
1050 1496 1209 1575 orabant,
1238 1499 1341 1563 deutae
1365 1500 1430 1563 eirca
1454 1498 1508 1563 ob-

343 1605 543 1696 stupescenti
584 1608 734 1687 euocet
762 1609 833 1677 aliis
860 1610 965 1677 uerbis
993 1610 1028 1675 in
1058 1610 1167 1677 eodem
1194 1610 1349 1697 propheta
1376 1612 1507 1679 dicitur:

349 1725 570 1813 Umqacqoo
590 1730 626 1791 in
646 1729 814 1812 iniquitate
835 1750 894 1792 eoo
914 1722 1091 1793 maa'owr’.

430 1839 493 1907 Per
515 1861 608 1907 omne
627 1840 741 1907 hiemis
762 1846 887 1925 tempus
909 1846 941 1907 et
963 1843 1073 1909 estatis
1086 1840 1275 1909 uenerabilis
1290 1842 1421 1909 antistes
1436 1847 1509 1929 post

342 1956 445 2041 prime
467 1956 664 2023 dormitionis
687 1958 824 2040 quietem
845 1976 970 2042 semper
992 1958 1182 2043 intempesta
1203 1962 1293 2023 nocte
1317 1962 1390 2023 ante
1405 1962 1508 2025 matu-

341 2071 426 2137 tinas
448 2071 543 2137 boras
564 2071 675 2138 solitus
698 2077 768 2138 erat
789 2072 829 2138 ad
851 2072 1015 2139 ecelesiam
1037 2073 1154 2157 uenire,
1177 2093 1241 2139 non
1256 2072 1369 2139 surdus
1385 2073 1508 2141 auditor

342 2186 476 2253 dicentis
503 2187 673 2273 prophete:
701 2190 825 2255 Mamor
844 2190 906 2273 foc'
931 2193 968 2254 io
994 2203 1083 2255 cocco
1104 2193 1241 2256 nominis
1263 2190 1399 2255 Domini
1406 2186 1425 2253 ⁴.
1460 2188 1508 2257 Ibi

341 2302 406 2385 diu,
428 2302 590 2369 inmobilis
613 2302 694 2371 fiune
718 2303 833 2387 vigiliis
856 2309 887 2369 et
909 2304 1122 2388 orationibus,
1146 2324 1218 2370 cum
1239 2302 1376 2371 Domine
1399 2304 1508 2389 luque-

341 2416 434 2484 batur
455 2418 492 2483 in
513 2418 689 2485 celestibus.
768 2418 909 2498 Quadam
926 2439 1001 2485 vero
1015 2424 1108 2487 nocte
1122 2420 1156 2485 in
1172 2420 1249 2487 urbe
1263 2418 1506 2505 Magantinensi,

341 2535 426 2601 muca
449 2554 522 2600 aras
543 2534 578 2601 in
606 2535 738 2601 ccclesia
765 2536 911 2602 inuentus
940 2535 1041 2619 selus,
1070 2534 1110 2601 ab
1139 2535 1290 2601 hostiario
1318 2536 1377 2603 sub
1404 2536 1508 2622 specie

340 2649 443 2733 ignoti
465 2648 598 2717 alicuius
620 2650 703 2717 fuste
717 2651 778 2717 fuit
791 2671 856 2717 non
870 2652 1009 2734 segniter
1023 2650 1216 2718 verberatus.
1250 2649 1398 2717 Proximo
1414 2672 1507 2718 mane

340 2784 410 2831 cum
434 2766 549 2831 ceteris
570 2767 762 2852 pauperibus
785 2766 825 2832 ad
848 2766 1045 2833 elimosinam
1066 2786 1157 2831 suam
1179 2766 1263 2832 idem
1286 2768 1374 2833 stetit
1388 2766 1506 2833 hostia-

339 2881 415 2947 rius.
453 2879 553 2958 Quem
574 2887 610 2947 ut
632 2882 713 2947 vidit
733 2882 928 2965 recognovit3
957 2891 1099 2966 unoque·
1122 2881 1251 2947 denario
1274 2882 1348 2949 dato
1370 2902 1428 2969 pro
1451 2882 1507 2948 eli-

339 2998 475 3081 mosina,
498 2996 631 3063 alterum
653 2998 756 3083 pretio
776 2997 864 3065 dedit
875 3018 935 3084 pro
948 2997 1165 3065 verberatione
1181 3002 1334 3083 suscepta
1424 2996 1507 3075 Quo-

339 3114 421 3179 tiens
457 3112 584 3197 quidem
618 3113 782 3179 matutinis
815 3113 960 3180 laudibus
990 3114 1144 3181 interesse
1175 3112 1239 3179 iam
1274 3118 1417 3199 ceperat,
1452 3113 1506 3179 diu

339 3228 510 3315 protractis
537 3228 738 3312 lectionibus,
769 3248 857 3295 sacre
883 3228 1001 3295 fluenta
1022 3229 1177 3315 scripture
1200 3228 1358 3295 sitibundo
1380 3232 1507 3314 pectore

338 3343 468 3411 haurire
489 3350 702 3411 consueuerat
738 3343 850 3431 Sicque
874 3364 910 3412 eo
934 3345 1134 3413 saturabatur
1155 3344 1235 3428 cibo,
1259 3344 1297 3411 de
1320 3365 1382 3429 quo
1396 3342 1506 3415 Domie

340 3480 397 3526 nus
421 3457 617 3527 ait⁸2c1oo
640 3462 725 3527 cibas
749 3474 808 3541 eet,
831 3462 1008 3546 etfaciam
1029 3462 1216 3527 uoluntatem
1233 3464 1339 3548 paura
1361 3454 1450 3541 mei‘,
1475 3465 1507 3525 et

340 3574 485 3643 bibebat·
508 3594 623 3660 aquam
646 3575 810 3643 salientem
832 3576 866 3641 in
888 3577 987 3643 uitam
1009 3572 1177 3647 eternam.
1210 3576 1253 3643 Et
1267 3576 1426 3663 particeps
1440 3574 1505 3641 iac·

341 3695 389 3758 tus
412 3696 465 3759 est
487 3690 705 3774 beatitudinis,
735 3690 775 3757 de
803 3711 866 3777 qua
892 3692 926 3757 in
955 3692 1118 3776 euangelio
1147 3692 1278 3758 dicitur:
1310 3692 1419 3773 Booti,
1450 3694 1507 3777 qm·

341 3812 483 3875 aarum
503 3821 533 3875 at
554 3811 665 3875 sitim
685 3811 856 3885 instituam
878 3812 1029 3895 quoniam
1050 3812 1118 3896 apsi
1137 3802 1388 3875 coemebantur'.

428 3922 532 4010 Super
558 3922 709 4009 populum
734 3924 962 4011 procurationis
984 3944 1041 3990 sue
1062 3944 1233 4009 numquam
1256 3924 1317 3990 fuit
1338 3924 1504 4010 episcopus

340 4039 469 4107 munieris
499 4038 723 4105 misericordie.
757 4038 894 4107 Clericus
922 4045 955 4105 et
979 4039 1076 4105 laicos
1099 4059 1138 4105 ex
1160 4039 1272 4105 humili
1294 4038 1361 4106 loco
1384 4038 1504 4126 pleros·

341 4174 414 4239 que,
443 4154 580 4221 Domino
603 4155 803 4239 exhortante,
832 4156 867 4222 iu
888 4174 1003 4239 magno
1025 4155 1189 4221 constituit
1209 4155 1336 4222 bonore.
1372 4154 1505 4221 Dicebat

341 4291 425 4359 sepe,
449 4269 559 4337 Sancti
575 4268 704 4337 Martini
725 4270 845 4337 divitiis
867 4271 980 4337 merito
1001 4270 1163 4337 subueniri
1184 4270 1297 4338 debere
1312 4270 1503 4357 pauperibus

411 4426 433 4459 a.
454 4412 547 4472 nau
561 4430 582 4459 ι.
652 4411 676 4459 u
696 4412 807 4459 nonum
822 4413 855 4459 sc
869 4412 899 4459 es
913 4425 959 4472 quo
973 4413 1026 4459 aa
1099 4424 1120 4458 a.
1140 4412 1232 4459 eruco
1246 4414 1338 4472 suero
1352 4412 1505 4459 aureum
1577 4374 1580 4382 ’

340 4492 474 4549 probibeat
489 4492 541 4539 cod.

411 4598 437 4652 1.
454 4596 539 4653 Eacii
550 4596 577 4667 5,
585 4597 616 4651 4:
631 4594 809 4667 „Alu'ssimus
820 4596 892 4651 enim
903 4599 947 4651 est
958 4596 1066 4666 patiens
1076 4594 1228 4651 secutura
1300 4596 1325 4651 2.
1344 4595 1395 4651 Ier.
1406 4595 1449 4665 31,
1459 4594 1502 4649 30.

343 4684 368 4738 b
389 4684 442 4741 Ier.
453 4685 498 4754 31,
509 4686 554 4740 30.
623 4686 650 4741 4.
672 4686 718 4741 Ps.
730 4686 791 4754 118,
802 4686 847 4741 55.
917 4685 944 4740 ὁ.
964 4683 1023 4740 lob.
1034 4684 1061 4754 4,
1072 4684 1117 4738 34.
1190 4686 1216 4739 6.
1235 4681 1499 4752 ct.1oh.4,1e.14:

344 4770 414 4840 „Qui
430 4778 524 4829 sutem
540 4772 641 4829 biberit
657 4788 693 4829 ex
709 4788 782 4843 aqua
798 4770 956 4829 hnc-tici
971 4773 1001 4829 in
1017 4787 1052 4829 eo
1068 4770 1131 4829 fons
1143 4786 1232 4842 aquae
1243 4772 1500 4829 sabentsinritam

344 4862 510 4919 noemma
598 4865 623 4919 i.
647 4863 742 4919 iiattb.
755 4866 781 4935 5,
793 4865 819 4919 e.
