4342 6034
646 740 712 809 222
895 758 922 806 s.
939 758 1117 807 somnum
1137 759 1183 805 mr
1203 757 1307 807 unum
1326 756 1516 805 nrmnoueu
1538 755 1569 805 co

560 907 611 963 tol
734 898 783 967 De
805 900 962 987 episcopis
985 904 1091 967 antem
1113 896 1308 967 Francorum
1330 903 1364 967 st
1385 896 1517 985 palleis·
1538 894 1712 985 scripsisti,
1734 894 1816 981 qnod

546 980 630 1029 ΠΜ
644 1018 735 1085 iuxta
758 1015 998 1103 promissionem
1020 1034 1112 1083 suam
1131 1014 1273 1083 nondum
1295 1014 1516 1103 immevorunt
1562 1012 1633 1099 Qui,
1656 1013 1685 1079 si
1706 1011 1815 1100 imple·

645 1132 767 1201 verintl
790 1133 881 1199 iuxta
902 1131 1034 1199 verbum
1057 1152 1166 1216 mum,
1193 1129 1355 1199 habebunt
1376 1151 1417 1199 cx
1439 1150 1476 1198 cc
1497 1129 1641 1211 laudem3
1670 1130 1722 1196 sin
1743 1147 1815 1195 roro

647 1248 739 1317 aliter
762 1248 893 1333 egerint,
916 1248 979 1336 ipsi
1001 1247 1163 1316 videbunt
1196 1246 1263 1315 Nos
1285 1247 1382 1331 enim,
1404 1246 1515 1314 divina
1532 1245 1639 1330 gretie
1650 1243 1815 1329 iurgium

646 1364 730 1451 qnod
752 1364 851 1449 gratis
874 1364 1064 1451 accepimus,
1086 1363 1187 1447 gratis
1208 1362 1321 1431 damus
1329 1358 1348 1431 ¹.
1383 1362 1452 1431 Tua
1469 1361 1597 1449 quidem
1612 1366 1747 1449 propter
1760 1359 1817 1427 hoc

645 1481 782 1565 benigna
803 1479 948 1547 voluntas
971 1500 991 1547 a
1012 1479 1104 1547 nobis
1126 1484 1274 1569 suscepta
1294 1485 1353 1547 ost

735 1596 834 1682 Igitur
857 1601 890 1663 et
910 1595 970 1663 hoc
991 1596 1102 1683 petisti
1123 1601 1174 1663 ut:
1197 1595 1425 1694 monesterium
1446 1595 1481 1661 in
1501 1594 1687 1661 vastissima
1707 1591 1817 1659 solitu·

646 1712 720 1781 dine
742 1718 775 1781 et
795 1714 830 1779 in
851 1711 956 1780 medio
979 1712 1122 1797 gentium
1144 1711 1258 1797 quibus
1280 1711 1446 1799 praedicas
1460 1710 1668 1778 constitutum
1690 1714 1724 1776 et
1747 1728 1768 1776 a
1787 1714 1818 1777 te

645 1829 812 1897 fundatum
836 1848 905 1897 esse
928 1832 1023 1914 atquo
1044 1828 1079 1895 in
1101 1828 1222 1895 honore
1242 1827 1410 1895 salvatoris
1425 1826 1487 1894 Dei
1508 1826 1611 1894 nostri
1626 1825 1817 1909 dedicatum,

645 1945 700 2012 nbi
723 1945 820 2013 etiam
842 1950 875 2013 et
896 1944 1067 2012 monachos
1091 1943 1150 2011 sub
1172 1943 1283 2029 regula
1304 1943 1390 2011 beati
1410 1942 1574 2011 Benedicti
1596 1941 1713 2026 degere
1735 1941 1819 2009 ordi·

645 2060 740 2145 uasti,
762 2058 859 2127 illud·
879 2058 1058 2128 venerabile
1080 2060 1309 2127 monasterium
1329 2059 1453 2127 nomini
1472 2064 1528 2125 tuo
1550 2057 1719 2146 privilegio
1736 2057 1819 2125 sedis

646 2175 818 2263 apostolico
839 2175 967 2243 muniri.
1002 2175 1110 2260 Quod,
1131 2177 1215 2243 votis
1237 2176 1301 2243 tuis
1324 2176 1574 2261 acquiescentes,
1601 2173 1819 2241 ordinavimus

561 2288 563 2293 ’
645 2292 735 2359 iuxta
762 2290 954 2359 desiderium
982 2296 1015 2358 et
1041 2292 1228 2377 petitionem
1255 2297 1353 2359 tuam.
1404 2291 1558 2376 Congruit
1585 2290 1687 2374 enim,
1717 2289 1819 2357 divini

645 2408 815 2475 ministerii
841 2406 1091 2494 praedicatorem
1117 2408 1336 2494 optimumque
1362 2408 1544 2475 ministrum
1571 2406 1613 2473 ad
1640 2406 1821 2474 desiderata

645 2523 825 2611 pertingere
854 2528 886 2590 et
912 2527 1060 2611 coeptum
1089 2522 1208 2591 bonnm
1235 2544 1315 2611 opus
1342 2544 1443 2610 nsque
1468 2524 1503 2591 in
1531 2520 1628 2591 linem
1649 2520 1818 2610 perticere3

645 2638 728 2705 sicut
755 2638 910 2726 scriptum
938 2642 987 2705 est
1012 2640 1047 2706 iu
1075 2639 1234 2707 dominico
1260 2644 1449 2727 praecepto:
1484 2639 1551 2723 ραι·
1573 2642 1821 2728 perecooooen‘t

645 2777 744 2843 caque
765 2759 800 2821 sia
814 2756 929 2839 ficem,
953 2756 1004 2822 iic
1025 2757 1131 2823 soloas
1154 2752 1250 2835 erat¹3
1279 2760 1327 2824 et:
1356 2758 1476 2824 Becco
1497 2780 1605 2825 conus
1625 2758 1696 2839 tlte,
1728 2778 1820 2844 quom

646 2894 717 2937 csom
744 2874 863 2938 conset
890 2872 1067 2955 Dominus,
1103 2876 1258 2941 iucem
1285 2876 1332 2940 sc'o
1356 2874 1550 2959 focimteme
1582 2876 1697 2941 weiss
1723 2894 1821 2961 saper

646 2991 753 3055 omnio
775 2988 858 3055 bono
880 3010 938 3055 aaa
961 2991 1126 3056 corucem
1146 2983 1245 3056 ecom'.

733 3102 819 3171 luter
848 3124 886 3171 ca
912 3104 1095 3190 praedictus
1111 3109 1190 3171 tuus
1212 3102 1341 3189 gerulus
1361 3103 1424 3171 Lul
1444 3124 1519 3172 cnm
1540 3105 1654 3173 ceteris
1676 3106 1746 3173 sois
1767 3124 1821 3173 oo-

644 3218 803 3305 mitibus‘,
833 3238 914 3305 quae
942 3219 1101 3287 iniuncta·
1122 3219 1252 3287 fuerunt
1279 3240 1301 3287 a
1320 3225 1378 3287 tna
1398 3220 1540 3288 materna
1561 3221 1730 3289 sanctitate
1752 3226 1821 3289 tam

643 3335 679 3401 in
701 3334 797 3402 verbo
820 3354 977 3421 quamque
998 3355 1056 3422 per
1078 3335 1222 3423 scripta‘,
1245 3336 1353 3403 omnia
1372 3335 1526 3423 liquidius
1546 3341 1752 3422 merentes
1768 3338 1821 3405 in·

644 3454 824 3517 notuerunt
870 3449 920 3519 De
942 3450 1055 3536 quibus
1077 3454 1145 3518 tam
1167 3452 1202 3517 in
1224 3451 1321 3520 verbo
1342 3472 1532 3539 responsum
1552 3452 1682 3536 dantes,
1705 3458 1740 3521 et
1760 3474 1821 3541 por

645 3566 765 3653 scripta
785 3570 860 3634 tuac
881 3566 1062 3633 remisimus
1083 3566 1287 3635 fraternitati
1332 3568 1543 3637 Gontincbant
1570 3569 1656 3637 enim
1678 3570 1821 3657 capitula

644 3682 679 3749 in
701 3677 857 3770 petatio⁸‘
879 3681 919 3749 ab
942 3682 988 3751 eie
1010 3686 1167 3769 porrecto,
1190 3703 1273 3769 quae
1292 3684 1425 3752 inierim
1440 3704 1566 3753 aunem
1579 3690 1669 3769 sunt3
1692 3684 1734 3753 dc
1749 3686 1819 3773 qni·

644 3797 703 3865 bus
725 3796 877 3883 flagitasti
900 3818 920 3865 a
941 3796 1042 3883 nobis,
1065 3818 1148 3885 quac
1169 3800 1353 3887 recipienda
1373 3820 1455 3887 quac
1475 3801 1655 3889 respuenda
1676 3802 1759 3869 sint:

733 3912 771 3981 ln
797 3914 910 4001 primis
938 3914 978 3981 de
1000 3914 1197 4000 volatilibus,
1223 3915 1260 3983 id
1287 3921 1337 3985 est
1362 3917 1404 3985 de
1431 3916 1569 4002 graculis
1596 3923 1630 3986 ct
1649 3918 1819 3987 corniculis

645 4034 740 4117 atque
768 4030 907 4097 ciconiis.
946 4028 1033 4109 Quae
1061 4033 1189 4099 omnino
1211 4032 1371 4101 cavendae
1392 4039 1468 4101 sunt
1489 4033 1530 4101 ab
1552 4054 1609 4101 esu
1629 4034 1818 4104 christiano·

643 4166 725 4213 rum.
770 4144 879 4213 Etiam
901 4151 934 4215 et
956 4145 1028 4215 fibri
1051 4152 1146 4233 atquc
1167 4147 1293 4235 lepores
1315 4154 1348 4217 et
1369 4151 1443 4235 equi
1464 4149 1602 4218 silvatici
1622 4150 1723 4219 multo
1751 4172 1818 4219 am·

643 4260 728 4349 plius
750 4260 882 4329 vitaudi
916 4263 1079 4348 Attamen,
1102 4264 1302 4334 sanctissimt
1322 4265 1432 4352 mater,
1454 4266 1495 4335 dc
1516 4266 1663 4335 omuibus
1680 4267 1817 4356 scriptu·

644 4378 689 4445 ris
713 4378 811 4446 sacris
834 4378 915 4448 bene
937 4383 1117 4466 compertus
1140 4400 1184 4448 es.

733 4494 783 4563 Dc
805 4494 879 4580 igne
902 4499 1008 4563 autem
1030 4492 1190 4582 paschali⁸
1213 4496 1297 4584 qnod
1318 4498 1489 4585 inquisisti.
1523 4497 1684 4585 Apriacis
1698 4500 1817 4569 sanctis

716 4651 737 4683 a
759 4654 815 4684 corr.
832 4640 855 4683 is
870 4636 947 4698 palliis
964 4642 990 4687 c.
1064 4638 1086 4686 b.
1106 4639 1258 4700 lmplererunt
1274 4645 1301 4691 ι’.
1371 4654 1392 4687 c.
1411 4640 1456 4687 hoo
1471 4642 1499 4689 c.
1568 4640 1592 4688 d.
1613 4640 1816 4691 concomitrtmc.

644 4730 665 4765 e.
685 4716 781 4765 iniuncti
797 4720 833 4765 21.
910 4716 927 4765 t.
948 4718 1034 4780 scripto
1051 4722 1086 4766 21.
1164 4732 1187 4779 g.
1207 4719 1327 4781 impotatio
1343 4722 1378 4775 Μ.
1395 4736 1452 4767 corr.
1469 4722 1492 4767 t·
1506 4720 1531 4768 ln
1545 4720 1638 4781 pittatio
1655 4723 1682 4770 ι’.

715 4810 740 4866 1.
763 4810 859 4868 naun.
873 4811 916 4882 10,
929 4813 955 4868 s.
1047 4812 1073 4867 2.
1098 4812 1314 4886 man1o,m;
1332 4814 1376 4885 24,
1392 4815 1435 4871 13.
1527 4816 1552 4871 a.
1576 4814 1814 4887 nummata

642 4898 668 4956 d
692 4899 815 4970 pittacio.
903 4900 929 4959 5.
949 4900 990 4960 Gt.
1010 4900 1115 4958 Grimm
1133 4900 1273 4961 manche
1289 4902 1458 4976 ilythologie
1476 4902 1531 4971 (ed
1542 4904 1635 4973 tertia)
1652 4904 1746 4962 1583.
