4342 6034
674 766 861 817 memnones
883 766 1112 817 uoouunmss
1134 768 1187 815 se
1449 753 1514 819 319

356 904 498 973 Βοιιιιιιίι)
526 907 618 975 troni
645 927 683 975 oo
698 907 930 977 Wormseensis
951 909 1089 976 eivitatis
1112 910 1258 996 episeopo
1282 910 1316 977 in
1339 909 1397 977 deo
1420 914 1512 996 petre
1531 916 1672 973 Boe-813

353 1002 385 1087 et
404 1022 527 1089 domino
550 1023 621 1090 Iesu
635 1024 761 1091 Christo
784 1030 816 1091 et
836 1026 1013 1111 proesentis
1035 1026 1119 1091 vitoe
1141 1024 1323 1093 felicitatem
1344 1030 1376 1093 et
1390 1025 1514 1093 futurae

354 1138 444 1205 etism
465 1144 611 1226 optumus
633 1140 870 1208 testitudinem.

435 1254 554 1323 Notum
576 1256 619 1321 sit
640 1255 776 1324 olmiteti
791 1261 925 1340 vestroe,
948 1254 1219 1340 quarteriorum,
1242 1255 1373 1323 olerious
1389 1276 1426 1323 oo
1439 1255 1515 1323 dde-

351 1369 388 1435 lio
408 1368 492 1437 filius
514 1377 632 1454 noster,
655 1391 726 1439 oum
749 1372 836 1438 omni
857 1371 1035 1439 humilitste
1057 1392 1077 1439 o
1099 1371 1189 1439 nobis
1211 1371 1314 1458 petiit,
1337 1378 1373 1439 ιιι
1395 1374 1425 1439 ei
1439 1373 1515 1439 visi-

351 1485 475 1553 tationis
497 1507 555 1553 seu
577 1487 753 1555 deuotionis
775 1488 880 1571 grstia
901 1493 968 1555 tom
989 1488 1173 1571 religionem
1196 1492 1335 1555 vestram
1359 1508 1514 1573 quomque

352 1606 381 1667 et
399 1601 470 1669 loeo
491 1622 590 1686 soors,
616 1604 704 1669 vobis
727 1624 747 1669 u
768 1602 837 1672 Deo
860 1604 901 1671 od
922 1603 1161 1687 gubernandum
1184 1604 1361 1687 oomrnisse,
1384 1604 1513 1671 visitare

350 1716 501 1800 denses&
524 1740 563 1786 eu
584 1719 706 1786 sedicet
726 1719 920 1786 oonditione:
951 1725 1002 1803 ut,
1025 1720 1053 1785 si
1075 1728 1205 1805 propter
1227 1739 1339 1787 osusus
1362 1719 1515 1803 quasdem

352 1868 389 1879 -
407 1853 428 1899 s
448 1836 610 1902 nonnullis
633 1834 844 1919 oseulteudos,
867 1835 957 1903 vobis
974 1841 1080 1902 eutem
1096 1834 1343 1901 manifestandos
1359 1870 1401 1881 -
1419 1835 1514 1901 utris-

352 1970 407 2034 que
427 1950 520 2017 vobis
543 1952 716 2037 videretur,
739 1957 775 2017 ut
797 1950 995 2019 adsalutem
1017 1951 1142 2017 enimse
1165 1972 1241 2017 suae
1264 1950 1425 2019 vobiscum
1447 1971 1515 2017 mo

350 2070 436 2133 neret
465 2086 503 2133 oo
524 2072 649 2135 vestrae
671 2074 910 2153 vestrorumque
933 2088 967 2133 se
990 2064 1194 2133 sollicitudini
1216 2067 1441 2149 oommitteret,
1469 2066 1516 2135 ita

350 2182 449 2251 meere
475 2183 632 2267 licuisset3
661 2185 712 2251 sin
733 2189 854 2268 sutem,
883 2184 1003 2268 absque
1024 2182 1209 2251 dlovnoxio
1230 2183 1396 2267 vagatione
1417 2182 1515 2249 inter·

350 2299 452 2385 posito
473 2300 515 2367 sd
536 2320 595 2367 nos
616 2306 781 2368 remearet.
826 2299 916 2367 Unde
938 2300 968 2366 ei
990 2299 1072 2365 hano
1094 2298 1276 2385 epistolum,
1305 2297 1515 2365 eoelesioetioo

350 2435 433 2483 more
455 2417 597 2483 numeris
620 2436 657 2483 so
679 2416 955 2503 supputationibus
969 2415 1116 2498 oongruis
1132 2414 1345 2501 astipulatum,
1367 2413 1437 2481 fieri
1451 2414 1515 2481 ins-

351 2532 462 2617 simus,
492 2538 529 2599 ιιι
554 2532 635 2599 seire
663 2532 768 2600 voleat
788 2532 858 2601 Deo
880 2533 977 2616 digno
997 2531 1181 2599 ιιιιιιιιιίιιιι
1208 2536 1328 2597 vestre:
1358 2550 1429 2599 eum
1458 2550 1516 2597 neo

350 2647 421 2732 fogo
446 2648 573 2735 lopsum
599 2668 659 2717 neo
685 2647 797 2715 froude
818 2648 1010 2735 profectum,
1039 2646 1096 2714 sod
1124 2651 1233 2713 nostre
1259 2650 1436 2732 spontaneo
1460 2666 1516 2712 vo·

350 2762 469 2833 luntote
496 2765 537 2833 od
564 2783 620 2831 vos
647 2764 745 2831 inisse
772 2764 973 2831 destinstum.
1019 2763 1042 2827 i.
1066 2761 1106 2830 Ι).
1132 2780 1217 2827 xxx.
1258 2761 1367 2829 Valete
1395 2762 1428 2829 in
1451 2760 1515 2829 Do-

351 2880 442 2949 mino.
466 2900 599 2948 xcvmu

352 3091 385 3161 4.
414 3095 555 3178 Quidum
569 3093 805 3161 laedwieuml
821 3095 1040 3179 iuopermrem
1063 3104 1143 3171 orat,
1167 3104 1202 3157 ot
1223 3092 1286 3157 eidi
1306 3112 1441 3179 suaeque
1463 3114 1514 3157 eo-

411 3214 482 3277 roes'
502 3212 701 3277 hereditatem
718 3223 888 3297 potentum
909 3210 1031 3273 retitui
1050 3201 1201 3273 iubeat'¹.

603 3343 749 3431 lnoipit
770 3341 1055 3411 reolemotorie
1076 3338 1255 3427 epistole.

434 3459 592 3527 Piissimis
614 3460 743 3527 auribus
770 3458 900 3541 vestris,
930 3456 1176 3539 elementissimo
1199 3476 1236 3523 uo
1258 3454 1393 3539 gloriose
1414 3456 1514 3543 impe-
1532 3476 1556 3515 o.
1570 3461 1622 3515 815

352 3581 450 3660 rotor,
477 3597 543 3643 non
572 3574 840 3664 praesumptionis
869 3572 998 3639 audetis
1025 3572 1082 3639 sed
1109 3593 1167 3659 pro
1191 3592 1306 3655 magne
1328 3572 1514 3639 necessitate

353 3712 420 3759 mes
439 3712 608 3777 suggerere
631 3691 778 3774 oonebor,
801 3689 936 3775 qualiter
958 3710 978 3753 s
999 3708 1051 3755 me
1074 3692 1238 3774 peoostore
1262 3694 1293 3755 et
1314 3708 1386 3753 mea
1408 3706 1515 3754 sorore

352 3813 480 3893 paterna
505 3808 665 3877 heredites
692 3812 802 3875 nostro
829 3810 898 3873 erst
926 3804 1029 3891 primo
1057 3803 1204 3887 elongato
1231 3808 1263 3871 et
1290 3802 1391 3869 sdhuo
1418 3802 1515 3871 stium

353 3923 515 3993 usuum
550 3924 594 3991 Et
614 3924 702 4008 ideo,
728 3922 871 4010 piissime
892 3922 1065 4007 imperator
1087 3924 1120 3985 et
1142 3918 1281 3985 omnium
1304 3918 1514 4003 indigentium

353 4040 640 4109 miserioordissime
667 4037 871 4123 suffragator,
898 4036 1035 4104 multum
1062 4034 1239 4119 indigemus
1261 4034 1437 4122 patrocinio
1460 4054 1513 4101 ve-

354 4160 430 4223 stro:
461 4162 617 4243 quatenus
645 4174 703 4241 per
729 4153 979 4221 misericordiam
1008 4172 1045 4219 so
1073 4150 1281 4237 elymosinam
1308 4155 1444 4217 vestrum
1474 4148 1514 4215 od

354 4271 451 4356 ipsam
471 4273 681 4340 hereditatem
701 4270 867 4357 peruenire
887 4269 1063 4349 veleamus3
1086 4288 1125 4334 eo
1148 4266 1231 4351 quod
1253 4265 1317 4332 ullo
1341 4265 1433 4332 modo
1457 4264 1514 4331 uli·

355 4392 402 4453 ter
419 4390 510 4457 nobis
532 4410 571 4457 es
591 4387 717 4455 restitui
737 4406 802 4453 non
824 4385 926 4469 volet,
954 4384 1018 4449 nisi
1039 4404 1097 4469 per
1118 4387 1257 4449 uestrum
1279 4379 1514 4447 devotissimum

357 4522 533 4593 semperque
553 4502 732 4572 benivolum
744 4503 829 4569 inste
842 4500 979 4567 fuoiendi
993 4498 1202 4567 elementiam.
1236 4496 1295 4563 His
1310 4497 1366 4581 ito,
1389 4496 1514 4563 domine

424 4688 443 4721 ι
461 4692 491 4721 a
505 4674 558 4722 „r
571 4674 739 4722 russum
752 4672 898 4731 queem
912 4671 938 4718 s.
948 4670 1062 4725 rsuram
1073 4669 1112 4726 ur
1124 4668 1172 4715 ue„
1181 4666 1246 4715 -ιι,

424 4780 447 4833 1.
468 4779 547 4834 Hono
569 4778 713 4849 epistolum
736 4772 857 4845 signavit
877 4772 1001 4828 Serodm
1024 4770 1180 4842 (Epistulae
1203 4768 1231 4827 S.
1243 4767 1388 4837 Bonifatii)
1410 4782 1436 4823 n.
1453 4766 1513 4838 115,

360 4862 562 4923 wordtuoinius
579 4884 607 4922 n.
619 4866 680 4936 142,
699 4864 818 4922 Gilesius
834 4880 863 4919 n.
876 4862 936 4917 132.
