4342 6034
659 828 848 879 samsones
868 828 1102 880 mossur-nean
1120 818 1175 879 'se
1436 815 1502 883 325

348 992 416 1039 som.
448 970 540 1040 Modo
562 978 636 1060 peto
660 972 860 1039 sanctitatem
876 978 1026 1057 vestram
1049 979 1086 1041 nt
1104 974 1242 1059 dignetis
1257 974 1503 1045 consolationem
1521 986 1663 1041 814-840

346 1093 469 1156 ranem
497 1089 532 1155 in
558 1108 611 1157 me
639 1093 836 1176 peecatorem
864 1088 1064 1176 impendere3
1097 1092 1263 1176 quianon
1291 1092 1392 1159 habeo
1418 1094 1503 1161 refu-

345 1206 421 1289 gium
440 1204 550 1289 ulium,
572 1204 636 1271 nisi
660 1205 700 1271 ad
722 1224 779 1271 ros
801 1209 835 1271 et
855 1204 910 1271 ubi
932 1210 1001 1271 tota
1022 1224 1099 1289 gens
1122 1206 1280 1293 refugium
1302 1208 1406 1276 habet.

422 1319 599 1387 drotwinus
621 1321 753 1388 olerious
775 1320 873 1387 habet
888 1321 1035 1387 eclesiam
1050 1342 1148 1389 uuam
1163 1324 1198 1390 in
1214 1324 1365 1419 comitatu
1380 1324 1503 1393 Erken·

343 1437 429 1521 gorio.
464 1436 588 1505 Deinde
613 1437 731 1503 ortarit
756 1457 808 1504 me
829 1436 1025 1523 Frotwinus,
1054 1442 1182 1505 eantare
1204 1440 1238 1505 in
1260 1439 1333 1507 iila·
1356 1440 1503 1524 eoelesie;

343 1558 487 1641 etsuper
512 1554 620 1619 omnia
645 1553 761 1620 habere
788 1552 966 1619 debuissem
994 1553 1199 1621 medietatem
1228 1555 1267 1622 de
1293 1554 1349 1622 ilia
1371 1557 1502 1624 deoima

342 1668 427 1735 ineo
447 1668 543 1735 modo
566 1671 612 1736 sio
634 1671 749 1737 serviri
773 1670 813 1735 ad
835 1668 923 1735 iliam
946 1668 1110 1737 eeclesiam
1136 1690 1252 1737 annum
1276 1677 1308 1739 et
1325 1672 1503 1758 dimidium,

342 1784 415 1869 quod
429 1784 509 1851 nihil
524 1786 597 1852 inde
613 1786 731 1873 aesopi,
752 1786 836 1852 uude
851 1804 909 1851 nos
924 1786 1165 1853 eonsentionem
1182 1786 1357 1855 habuimus.
1389 1787 1505 1856 Postea

340 1902 437 1985 rogaui
463 1901 556 1968 illum
583 1906 706 1989 partem
735 1922 839 1968 meam
865 1902 905 1969 do
927 1900 984 1967 iile
1005 1900 1137 1968 deeima.
1172 1902 1216 1969 Et
1237 1904 1291 1972 ille
1314 1905 1434 1971 exarsit
1454 1906 1504 1971 ni·

340 2019 396 2083 nio
422 2018 531 2085 furore
558 2018 591 2083 in
619 2018 725 2084 animo
754 2038 810 2084 sno
838 2038 933 2105 super
954 2038 1021 2100 me;
1051 2022 1084 2084 et
1105 2019 1193 2087 venit
1214 2040 1273 2107 per
1294 2026 1386 2087 noeto
1409 2040 1505 2108 super

339 2153 384 2200 ne
409 2154 481 2200 oum
511 2134 695 2221 parentibus
724 2135 790 2201 suis
813 2134 941 2201 Albrioo
968 2140 1001 2200 et
1023 2132 1209 2202 Kebabardo
1234 2142 1265 2203 et
1281 2134 1503 2219 Woliramm03

339 2251 379 2316 sio
397 2248 637 2335 flagellaverunt
656 2270 719 2335 me,
740 2270 841 2337 usque
862 2250 938 2317 dum
959 2250 1014 2316 vix
1038 2250 1163 2318 minei
1178 2250 1367 2321 dimiserunt
1387 2252 1421 2319 in
1435 2270 1504 2319 oor·

338 2386 408 2453 pore
434 2386 517 2433 meo.
552 2365 621 2451 Ego
648 2367 745 2433 misor
771 2367 969 2434 miserrimus
995 2367 1096 2453 petivi
1118 2366 1179 2435 Dei
1201 2368 1450 2437 miseridordiam
1474 2373 1506 2436 et

338 2490 474 2550 sanetum
497 2482 698 2566 Remedium,
727 2489 759 2549 et
784 2482 956 2550 reclamavi
982 2504 1041 2571 per
1067 2502 1184 2551 nomeu
1206 2490 1358 2551 vestrm.
1392 2484 1437 2553 Et
1457 2482 1505 2551 ilii

338 2599 495 2685 dixerunt,
524 2619 582 2666 neo
610 2599 711 2665 saneti
739 2618 799 2665 neo
825 2599 919 2665 bomo
945 2599 1030 2666 ullus
1052 2620 1104 2665 me
1125 2600 1261 2667 liberere
1284 2601 1445 2669 debuisset
1466 2600 1506 2669 do

338 2718 477 2784 manibus
507 2736 626 2783 eorum.
659 2714 775 2782 Postea
802 2721 970 2782 traxerunt
991 2736 1043 2783 me
1066 2716 1107 2782 ad
1131 2716 1230 2782 altare
1254 2718 1354 2785 saneti
1376 2716 1507 2787 Remedi

338 2834 534 2901 otiooerunt
560 2853 613 2899 me
641 2833 746 2899 iurare
776 2830 982 2899 stabilitatem
1012 2832 1052 2898 ad
1079 2830 1136 2899 illa
1162 2831 1303 2899 eeclesia.
1342 2832 1386 2899 Et
1408 2833 1506 2900 alium

337 2954 563 3017 sanamentum
590 2948 734 3015 fecerunt
760 2968 811 3014 me
839 2948 960 3014 iurare:
991 2952 1117 3013 utnon
1146 2947 1324 3015 debuissem
1354 2969 1374 3014 a
1396 2948 1505 3017 diebus

336 3066 406 3131 meis
428 3064 605 3132 reclamare
626 3086 678 3131 me
696 3064 736 3130 ad
755 3068 893 3130 vestram
911 3064 1063 3150 pietatem
1077 3082 1137 3130 neo
1152 3063 1339 3131 admissum
1354 3068 1504 3149 vestrum,

337 3182 360 3246 si
379 3203 429 3249 me
450 3182 603 3249 fecissent
624 3181 790 3247 iustitiam.
859 3179 948 3247 Tune
961 3180 1061 3267 petivi
1075 3179 1229 3246 iustitiam
1246 3200 1350 3247 meam
1366 3181 1406 3247 ad
1420 3180 1504 3267 illos,

337 3298 386 3364 sod
406 3298 541 3365 minime
561 3298 679 3363 inveni.
714 3294 809 3363 Modo
830 3296 944 3362 timeo‘
967 3298 1003 3362 in
1024 3294 1293 3363 oomeorationem
1315 3316 1435 3382 meam,
1463 3300 1504 3365 ti-

337 3432 415 3498 meo,
437 3414 525 3501 quod
546 3412 594 3480 illi
616 3433 681 3479 uon
702 3413 886 3479 timuerunt
976 3409 1112 3500 Propter
1133 3412 1193 3479 hoo
1215 3414 1366 3501 depreoor
1388 3414 1505 3481 sancti-

337 3533 425 3597 tatem
448 3536 606 3597 vestram
629 3534 667 3595 ut
687 3529 841 3597 iustitiam
864 3548 969 3595 meam
982 3528 1105 3595 valeam
1126 3530 1301 3617 pervenire.
1336 3528 1426 3609 Quod
1442 3550 1505 3597 non

337 3667 459 3733 possum
483 3647 627 3713 iuvenire
650 3664 709 3711 neo
729 3644 884 3712 iustitiam
901 3664 960 3711 neo
973 3645 1223 3713 misericordiam
1238 3646 1323 3733 apud
1337 3646 1419 3731 illos,
1442 3647 1505 3713 nisi

336 3782 388 3849 per
407 3763 661 3831 miseridordiam
683 3760 856 3843 sestrm⁴3
884 3767 917 3828 et
937 3780 996 3847 pro
1019 3760 1234 3849 redemptione
1258 3762 1381 3831 animae
1403 3764 1505 3851 putris

336 3882 426 3947 vestri
435 3877 454 3965 ¹,
479 3881 531 3947 oui
553 3898 662 3946 servus
686 3882 781 3945 antea
800 3877 856 3942 tui.

338 4040 369 4109 8.
399 4040 575 4131 Greqoriree
586 4040 611 4106 Ι
612 4040 643 4106 V
656 4064 750 4128 popa
767 4040 900 4127 thosto
924 4039 1161 4127 archiepiscopo
1176 4040 1365 4127 Moyante'no
1381 4040 1419 4105 de
1433 4062 1503 4105 mo-

397 4150 526 4215 mnino
548 4150 653 4213 mosis
673 4151 796 4234 oratius
818 4150 896 4233 oqit.
933 4144 1027 4227 Quod
1045 4149 1201 4232 petiisset,
1226 4169 1340 4233 eorpus
1362 4160 1504 4213 eundum

396 4258 539 4323 nondum
561 4268 719 4341 repertum
741 4276 806 4319 esee
826 4246 998 4319 odanw'.

420 4388 591 4475 Gregorius
613 4389 779 4475 episeopus
802 4407 910 4453 servus
933 4407 1096 4454 servorum
1112 4386 1172 4454 Dei
1195 4386 1448 4454 reverentissimo
1472 4390 1504 4453 et
1521 4396 1663 4453 827-844

339 4507 532 4573 emetissimo
554 4504 685 4589 Otgurio
708 4502 966 4591 arehiepisoopo'.

403 4654 426 4687 a
445 4638 487 4689 iiii
504 4640 534 4688 V.
602 4639 626 4687 b.
645 4655 726 4686 nm
741 4640 849 4683 recentior
865 4654 922 4683 core.
938 4639 961 4683 ie
976 4637 1081 4684 animam
1151 4650 1171 4683 o.
1190 4638 1246 4685 timo
1265 4636 1292 4683 V.
1360 4634 1384 4683 d.
1404 4637 1502 4681 resim

340 4719 361 4762 i·
373 4720 448 4766 ture
511 4735 532 4767 e.
551 4737 581 4765 cz
590 4720 616 4768 S.
626 4721 741 4776 Bmisnii
754 4719 900 4777 epistolem
915 4718 994 4764 codiee
1006 4717 1177 4765 Vndobomi
1189 4719 1233 4777 fol.
1244 4716 1301 4764 ito.
1323 4717 1376 4765 siu
1391 4716 1501 4763 mate.

340 4796 354 4842 i.
372 4796 457 4857 otgarii
471 4798 638 4860 arehiepiaeopi
655 4798 683 4845 V.

405 4888 431 4940 1.
454 4886 544 4943 Caroii
560 4886 598 4941 ii.
669 4886 696 4940 2.
719 4884 796 4939 Haeo
813 4898 857 4954 ep.
876 4898 919 4953 ap.
932 4880 1070 4937 Sororium
1084 4882 1235 4951 (Epistolae
1253 4876 1282 4936 S.
1295 4878 1435 4950 Bonifatii)
1454 4895 1501 4937 no·

341 4974 395 5028 tan
410 4978 454 5031 est
471 4992 497 5031 n
511 4976 571 5045 116,
589 4990 634 5046 ap.
645 4973 873 5031 Wtirdtweinium
890 4988 918 5027 n.
931 4971 992 5041 137,
1010 4986 1054 5042 au.
1067 4969 1199 5026 Gilesium
1217 4986 1244 5025 n.
1258 4970 1318 5026 127.
