4342 6034
682 781 748 847 466
907 798 1113 845 wmurnaum
1134 798 1215 844 vum
1238 796 1266 844 s.
1281 796 1458 845 somnum
1478 797 1556 845 oss.
1571 796 1635 845 vm

602 946 654 1001 '156
681 937 888 1023 stomaohum,
910 937 1100 1023 tandemque
1122 938 1163 1004 de
1183 939 1321 1025 aooeptis
1343 938 1460 1025 praede
1473 936 1596 1025 spoliis,
1617 938 1697 1004 inito
1711 937 1835 1023 oomdio,

589 1020 664 1068 ιω
682 1053 820 1120 mirabili
843 1054 1068 1139 omnipotentis
1090 1053 1151 1120 Dei
1174 1054 1380 1141 dispositione
1402 1059 1539 1120 metare
1561 1058 1609 1137 et,
1633 1054 1764 1137 qualitor
1782 1073 1836 1119 nou

682 1170 786 1235 uisum
810 1168 937 1254 quidem
960 1188 1070 1235 aurum
1094 1168 1146 1235 vel
1169 1175 1334 1252 argentum
1356 1171 1440 1235 inter
1463 1189 1497 1236 se
1518 1168 1655 1235 inuicem
1671 1168 1837 1255 disputiro

683 1291 763 1367 tur·,
792 1284 966 1353 consulere.
1012 1284 1154 1371 Cumque
1181 1283 1338 1371 prolixius
1366 1285 1407 1351 de
1434 1290 1525 1351 tanta
1550 1285 1755 1371 pecuniarum
1774 1285 1838 1350 esti·

682 1402 820 1467 motione
841 1402 1081 1485 sermocinaret,
1103 1402 1168 1467 iam
1190 1402 1317 1485 iamque
1337 1400 1513 1483 iurgiorum
1534 1400 1722 1487 disceptatio
1743 1406 1839 1467 exorta
1884 1455 1888 1464 .

682 1522 731 1583 est
759 1522 791 1583 et
817 1522 908 1583 tants
935 1516 1110 1583 disoordiae
1132 1516 1258 1583 demum
1280 1516 1449 1583 iuimieiu'a
1476 1516 1639 1600 inehoata‚
1668 1522 1720 1599 nt,
1746 1516 1839 1581 furore

682 1633 778 1699 etiam
805 1633 952 1699 vesaniae
979 1633 1157 1717 insaniens,
1185 1632 1280 1699 turba
1305 1632 1340 1697 in
1369 1630 1448 1698 duas
1471 1632 1575 1697 divisa
1593 1630 1663 1698 est*
1684 1631 1838 1709 medonem

682 1748 777 1815 etad
799 1752 976 1815 extremum
1000 1768 1105 1831 mma,
1128 1747 1242 1833 quibus
1263 1752 1389 1814 sanetus
1412 1753 1485 1815 ante
1507 1758 1563 1815 ea·
1585 1752 1742 1833 martyres
1762 1747 1840 1830 iuqu-

681 1863 804 1947 larunt,
827 1865 861 1929 in
884 1864 1026 1951 seipsos
1049 1863 1218 1931 crudeliter
1239 1864 1409 1949 pugnando
1431 1868 1605 1930 uerterunt

770 1978 859 2045 Tuno
880 1980 997 2065 itaque,
1020 1980 1162 2045 maxima
1182 1978 1369 2045 insanientis
1383 1979 1475 2046 turbe
1489 1984 1582 2065 parte
1596 1984 1767 2065 prosuata,
1786 1980 1839 2043 iam

682 2095 737 2179 qui
759 2095 1009 2181 supervixerant,
1033 2094 1073 2160 od
1095 2094 1234 2178 luorum,
1258 2096 1434 2161 animarum
1458 2095 1583 2180 uitaque
1604 2094 1721 2160 damno
1744 2093 1841 2178 adqui·

682 2211 788 2293 situm,
812 2210 985 2277 iacentibus
1009 2209 1198 2275 adversariis
1222 2211 1276 2295 qui
1297 2210 1358 2276 eibi
1379 2230 1475 2296 super
1497 2210 1675 2276 desiderato
1698 2209 1840 2295 cupiditi-

681 2326 724 2391 tis
745 2326 894 2392 thesauro
922 2324 1132 2408 obsistebant,
1160 2325 1331 2409 gaudentes
1359 2331 1573 2392 ouourrernnt
1619 2324 1664 2392 Et
1684 2324 1840 2391 ooniraotis

681 2441 835 2508 librorum
863 2441 1074 2527 repositoriis,
1103 2442 1199 2507 etiarn
1226 2461 1285 2528 pro
1307 2461 1384 2507 auro
1407 2441 1568 2508 uolumina
1589 2447 1622 2508 et
1642 2462 1702 2528 pro
1724 2446 1840 2525 argento
1900 2505 1901 2532 ἦ

683 2556 809 2623 diuinae
831 2557 981 2623 scientiae
1003 2562 1107 2623 oartas
1129 2556 1365 2643 reppererunt‘.
1411 2556 1526 2642 Sitque
1548 2558 1688 2643 pretioso
1710 2556 1781 2623 auri
1800 2576 1840 2621 ar·
1900 2537 1901 2614 i

682 2673 830 2756 gentique
845 2673 949 2759 pretio
964 2673 1091 2759 priuati,
1114 2672 1249 2756 oodioes,
1272 2692 1350 2758 quos
1364 2674 1562 2757 invenerunt,
1582 2672 1662 2738 aliua
1676 2692 1737 2759 per
1750 2670 1839 2757 emnp'

683 2787 846 2873 planitiem
868 2788 1113 2875 disparemus,
1137 2787 1215 2854 ulios
1238 2788 1394 2873 siquidem
1413 2788 1566 2875 paludum
1586 2771 1787 2854 arundineto‘
1801 2787 1839 2851 iu·

682 2901 835 2986 ferentes,
864 2902 943 2969 alios
973 2904 1069 2970 etiam
1098 2904 1133 2969 in
1160 2902 1295 2969 diversis
1322 2904 1498 2989 quibusque
1526 2904 1604 2970 loeis
1627 2902 1839 2970 absoondente
1900 2921 1901 2998 t

683 3020 891 3105 proieoerunt
928 3018 990 3086 Sed
1012 3026 1078 3085 tam
1102 3020 1329 3105 omnipotentis
1343 3018 1404 3085 Dei
1425 3019 1531 3103 gratia
1551 3038 1646 3104 quam
1668 3020 1765 3085 etism
1777 3036 1837 3105 pro
1900 3003 1901 3096 i

683 3134 770 3201 uibus
794 3136 896 3201 saneti
909 3134 1070 3220 Rouiiatii,
1094 3136 1211 3201 summi
1233 3132 1391 3221 pontificis
1413 3141 1508 3222 Quo
1528 3135 1691 3222 martyria
1712 3135 1839 3201 inludet

683 3250 877 3335 intemerati,
901 3271 1015 3335 magno
1038 3257 1150 3338 postea
1171 3250 1295 3337 dilapso
1315 3251 1468 3337 temporis
1491 3251 1606 3337 spatio,
1627 3252 1747 3338 reperti
1768 3254 1836 3331 suut

684 3372 717 3433 et
738 3366 779 3433 sd
801 3366 940 3451 domum,
964 3368 997 3433 in
1021 3376 1101 3452 qua¹
1121 3385 1221 3452 usque
1242 3366 1336 3432 bodie
1357 3366 1535 3433 animarum
1555 3373 1692 3453 prosunt
1706 3366 1837 3448 saluis

683 3482 815 3565 singulis
831 3481 1006 3567 quibusque
1019 3482 1236 3549 inventoribus
1249 3482 1403 3549 remissi'.
1438 3480 1609 3550 Guruiiioes
1624 3486 1741 3567 autem,
1756 3498 1837 3566 super

683 3599 848 3664 estimatae
870 3598 1049 3664 amissione¹
1064 3598 1217 3685 peenniae
1238 3598 1427 3681 uentristati,
1450 3598 1578 3664 domum
1599 3599 1731 3683 reuersi,
1751 3596 1836 3663 maio·

626 3744 663 3775 un.
682 3712 768 3780 rem*
791 3712 1034 3779 domestioarum
1054 3734 1161 3781 rernm
1183 3720 1258 3801 post
1277 3714 1375 3780 trium
1395 3714 1535 3780 indutias
1556 3714 1681 3781 dierum
1702 3715 1836 3782 damnum

685 3829 796 3896 sedet
822 3828 906 3895 uitae
935 3829 1153 3915 dispendium,
1179 3830 1291 3896 mortis
1317 3835 1446 3916 reoepta
1472 3829 1605 3913 talione,
1633 3834 1835 3918 pereeperunt

682 3944 777 4023 Quia¹
799 3946 997 4033 omnipotens
1020 3946 1131 4013 mundi
1152 3946 1297 4013 eonditor
1318 3965 1356 4012 ao
1376 3946 1564 4012 reformator
1582 3945 1692 4013 ulrisui
1707 3967 1741 4015 se
1753 3944 1838 4011 votuit

684 4061 722 4127 de
749 4060 886 4127 inimicis
914 4065 946 4129 et
972 4062 1103 4130 iusum·
1124 4082 1184 4150 pro
1211 4083 1247 4129 se
1272 4067 1453 4128 sanctorum
1478 4062 1665 4147 sanguinem
1687 4066 1837 4129 oonsueto'

683 4176 917 4245 miseridordiae
939 4178 1008 4246 zelo
1031 4179 1138 4265 puniri
1161 4198 1198 4244 ao
1217 4179 1273 4245 diu
1287 4178 1476 4265 protelatam
1490 4176 1667 4245 idulornm·
1682 4176 1837 4245 oultoribm

683 4293 774 4377 iram,
798 4314 880 4361 novo
902 4296 1037 4362 resuntis
1059 4294 1201 4361 malitiae
1221 4294 1328 4361 furore
1341 4299 1514 4382 permotus,
1535 4293 1663 4382 publioe
1677 4292 1835 4361 ostendero

772 4408 914 4495 Cumque
941 4410 1105 4497 inprouisa
1131 4416 1312 4477 sanctornm
1339 4416 1515 4499 mamyrum
1543 4409 1729 4496 temporalis
1753 4410 1837 4475 intu-

684 4527 802 4612 emptio
832 4526 937 4593 exitii*
959 4546 1017 4613 per
1037 4544 1142 4613 pagos
1170 4545 1208 4593 ae
1234 4526 1320 4593 viem
1347 4545 1535 4611 omnemque
1556 4526 1750 4612 provintiam
1771 4522 1836 4589 voli

756 4672 776 4705 a
797 4658 956 4719 dispertiretur
972 4661 998 4706 A.
1064 4658 1087 4706 b.
1108 4660 1171 4707 esset
1185 4663 1214 4708 A.
1279 4673 1299 4706 r.
1320 4662 1387 4707 antea
1402 4662 1430 4707 A.
1492 4658 1515 4705 d.
1534 4654 1619 4719 rsppsi
1634 4662 1662 4707 t.
1723 4674 1743 4707 s.
1761 4656 1836 4717 ᾶίφῐ-

684 4740 762 4784 serunt
778 4740 804 4785 A.
889 4737 906 4784 i.
925 4737 1076 4785 harundineto
1091 4743 1120 4786 A.
1201 4752 1223 4799 q.
1245 4752 1290 4800 qno
1306 4742 1332 4787 F.
1413 4738 1437 4786 b.
1457 4738 1536 4786 remim
1551 4740 1578 4786 F.
1661 4739 1678 4786 i.
1699 4738 1800 4786 amisium
1813 4734 1837 4781 F.

684 4816 956 4865 manumission.
1026 4817 1258 4880 aniF‚qutsA.
1326 4817 1628 4876 mmmmm.
1698 4812 1836 4869 minoto&

684 4898 805 4944 semustae
821 4901 849 4945 A.
927 4912 949 4945 o.
969 4897 1081 4945 idolorum
1097 4902 1126 4946 A.
1202 4912 1226 4959 p.
1245 4898 1308 4946 onitu
1322 4900 1348 4947 Ρ.
