<?xml version="1.0" encoding="UTF-8"?>
<!DOCTYPE html PUBLIC "-//W3C//DTD XHTML 1.0 Transitional//EN"
    "http://www.w3.org/TR/xhtml1/DTD/xhtml1-transitional.dtd">
<html xmlns="http://www.w3.org/1999/xhtml" xml:lang="en" lang="en">
 <head>
  <title>
</title>
<meta http-equiv="Content-Type" content="text/html;charset=utf-8" />
  <meta name='ocr-system' content='tesseract 3.04.00' />
  <meta name='ocr-capabilities' content='ocr_page ocr_carea ocr_par ocr_line ocrx_word'/>
</head>
<body>
  <div class='ocr_page' id='page_1' title='image "./monumentamogunt00lulgoog/monumentamogunt00lulgoog_0417.png"; bbox 0 0 4342 6034; ppageno 0'>
   <div class='ocr_carea' id='block_1_1' title="bbox 659 776 1485 845">
    <p class='ocr_par' dir='ltr' id='par_1_1' title="bbox 659 776 1485 845">
     <span class='ocr_line' id='line_1_1' title="bbox 659 776 1485 845; baseline 0.002 -2"><span class='ocrx_word' id='word_1_1' title='bbox 659 794 845 843; x_wconf 77' lang='lat' dir='ltr'><strong>urreuouau</strong></span> <span class='ocrx_word' id='word_1_2' title='bbox 867 794 1096 845; x_wconf 71' lang='lat' dir='ltr'><strong>mensuum</strong></span> <span class='ocrx_word' id='word_1_3' title='bbox 1117 794 1148 843; x_wconf 79' lang='lat' dir='ltr'><strong>u</strong></span> <span class='ocrx_word' id='word_1_4' title='bbox 1419 776 1485 845; x_wconf 72' lang='lat'><strong>390</strong></span> 
     </span>
    </p>
   </div>
   <div class='ocr_carea' id='block_1_2' title="bbox 308 933 1572 4053">
    <p class='ocr_par' dir='ltr' id='par_1_2' title="bbox 340 933 1485 1257">
     <span class='ocr_line' id='line_1_2' title="bbox 340 933 1485 1026; baseline -0.002 -21"><span class='ocrx_word' id='word_1_5' title='bbox 340 933 391 1005; x_wconf 79' lang='lat' dir='ltr'><strong>il.</strong></span> <span class='ocrx_word' id='word_1_6' title='bbox 408 935 614 1003; x_wconf 66' lang='lat' dir='ltr'><strong>emissae</strong></span> <span class='ocrx_word' id='word_1_7' title='bbox 644 936 741 1003; x_wconf 79' lang='lat' dir='ltr'><strong>addes</strong></span> <span class='ocrx_word' id='word_1_8' title='bbox 766 934 1026 1005; x_wconf 68' lang='lat' dir='ltr'><strong>Claroeeollerese&#39;s</strong></span> <span class='ocrx_word' id='word_1_9' title='bbox 1047 936 1187 1005; x_wconf 71' lang='lat' dir='ltr'><strong>Heraion</strong></span> <span class='ocrx_word' id='word_1_10' title='bbox 1208 936 1485 1026; x_wconf 70' lang='lat' dir='ltr'><strong>Ioeeds&#39;epe‘seopo</strong></span> 
     </span>
     <span class='ocr_line' id='line_1_3' title="bbox 410 1052 1484 1141; baseline 0.002 -22"><span class='ocrx_word' id='word_1_11' title='bbox 410 1052 596 1140; x_wconf 73' lang='lat' dir='ltr'><strong>Hopuaiiao</strong></span> <span class='ocrx_word' id='word_1_12' title='bbox 625 1054 665 1119; x_wconf 87' lang='lat' dir='ltr'><strong>de</strong></span> <span class='ocrx_word' id='word_1_13' title='bbox 686 1052 877 1121; x_wconf 67' lang='lat' dir='ltr'><strong>Iudaeorum</strong></span> <span class='ocrx_word' id='word_1_14' title='bbox 899 1056 1067 1136; x_wconf 61' lang='lat' dir='ltr'><strong>omes,</strong></span> <span class='ocrx_word' id='word_1_15' title='bbox 1096 1079 1119 1119; x_wconf 81' lang='lat' dir='ltr'><strong>a</strong></span> <span class='ocrx_word' id='word_1_16' title='bbox 1141 1053 1311 1141; x_wconf 67' lang='lat' dir='ltr'><strong>liudolpho</strong></span> <span class='ocrx_word' id='word_1_17' title='bbox 1332 1054 1484 1121; x_wconf 71' lang='lat' dir='ltr'><strong>mdo</strong></span> 
     </span>
     <span class='ocr_line' id='line_1_4' title="bbox 410 1170 793 1257; baseline -0.005 -22"><span class='ocrx_word' id='word_1_18' title='bbox 410 1170 577 1249; x_wconf 61' lang='lat' dir='ltr'><strong>maeitatm</strong></span> <span class='ocrx_word' id='word_1_19' title='bbox 600 1170 793 1257; x_wconf 68' lang='lat' dir='ltr'><strong>respondes.</strong></span> 
     </span>
    </p>

    <p class='ocr_par' dir='ltr' id='par_1_3' title="bbox 409 1298 1572 1388">
     <span class='ocr_line' id='line_1_5' title="bbox 409 1298 1572 1388; baseline -0.002 -21"><span class='ocrx_word' id='word_1_20' title='bbox 409 1298 588 1369; x_wconf 75' lang='lat' dir='ltr'><strong>Venerabili</strong></span> <span class='ocrx_word' id='word_1_21' title='bbox 621 1301 749 1368; x_wconf 88' lang='lat' dir='ltr'><strong>domino</strong></span> <span class='ocrx_word' id='word_1_22' title='bbox 776 1307 808 1368; x_wconf 93' lang='lat' dir='ltr'><strong>et</strong></span> <span class='ocrx_word' id='word_1_23' title='bbox 835 1300 997 1367; x_wconf 89' lang='lat' dir='ltr'><strong>oarissimo</strong></span> <span class='ocrx_word' id='word_1_24' title='bbox 1025 1302 1112 1388; x_wconf 87' lang='lat' dir='ltr'><strong>patri</strong></span> <span class='ocrx_word' id='word_1_25' title='bbox 1138 1300 1274 1370; x_wconf 79' lang='lat' dir='ltr'><strong>Heurioo</strong></span> <span class='ocrx_word' id='word_1_26' title='bbox 1300 1300 1485 1385; x_wconf 72' lang='lat' dir='ltr'><strong>Hoguutino</strong></span> <span class='ocrx_word' id='word_1_27' title='bbox 1503 1310 1572 1365; x_wconf 73' lang='lat' dir='ltr'><strong>nte</strong></span> 
     </span>
    </p>

    <p class='ocr_par' dir='ltr' id='par_1_4' title="bbox 308 1414 1485 1619">
     <span class='ocr_line' id='line_1_6' title="bbox 308 1414 1485 1504; baseline 0.003 -21"><span class='ocrx_word' id='word_1_28' title='bbox 308 1414 556 1504; x_wconf 78' lang='lat' dir='ltr'><strong>‚meliapiseopo</strong></span> <span class='ocrx_word' id='word_1_29' title='bbox 577 1416 757 1485; x_wconf 86' lang='lat' dir='ltr'><strong>Beruardus</strong></span> <span class='ocrx_word' id='word_1_30' title='bbox 780 1416 892 1485; x_wconf 82' lang='lat' dir='ltr'><strong>Clarae</strong></span> <span class='ocrx_word' id='word_1_31' title='bbox 918 1416 1010 1484; x_wconf 87' lang='lat' dir='ltr'><strong>uallis</strong></span> <span class='ocrx_word' id='word_1_32' title='bbox 1039 1416 1153 1503; x_wconf 85' lang='lat' dir='ltr'><strong>abbas,</strong></span> <span class='ocrx_word' id='word_1_33' title='bbox 1180 1418 1324 1486; x_wconf 78' lang='lat' dir='ltr'><strong>inuenire</strong></span> <span class='ocrx_word' id='word_1_34' title='bbox 1349 1418 1485 1502; x_wconf 77' lang='lat' dir='ltr'><strong>gratim</strong></span> 
     </span>
     <span class='ocr_line' id='line_1_7' title="bbox 333 1532 539 1619; baseline 0.019 -22"><span class='ocrx_word' id='word_1_35' title='bbox 333 1532 406 1619; x_wconf 90' lang='lat' dir='ltr'><strong>apud</strong></span> <span class='ocrx_word' id='word_1_36' title='bbox 425 1532 539 1601; x_wconf 85' lang='lat' dir='ltr'><strong>Deum.</strong></span> 
     </span>
    </p>

    <p class='ocr_par' dir='ltr' id='par_1_5' title="bbox 326 1646 1486 2776">
     <span class='ocr_line' id='line_1_8' title="bbox 408 1646 1486 1736; baseline 0.002 -22"><span class='ocrx_word' id='word_1_37' title='bbox 408 1646 545 1715; x_wconf 72' lang='lat' dir='ltr'><strong>Litteras</strong></span> <span class='ocrx_word' id='word_1_38' title='bbox 567 1648 743 1717; x_wconf 71' lang='lat' dir='ltr'><strong>dilectionis</strong></span> <span class='ocrx_word' id='word_1_39' title='bbox 765 1653 889 1716; x_wconf 75' lang='lat' dir='ltr'><strong>vestm</strong></span> <span class='ocrx_word' id='word_1_40' title='bbox 911 1647 1017 1715; x_wconf 89' lang='lat' dir='ltr'><strong>debita</strong></span> <span class='ocrx_word' id='word_1_41' title='bbox 1037 1648 1239 1715; x_wconf 59' lang='lat' dir='ltr'><strong>sermone</strong></span> <span class='ocrx_word' id='word_1_42' title='bbox 1261 1650 1400 1736; x_wconf 84' lang='lat' dir='ltr'><strong>suseepi3</strong></span> <span class='ocrx_word' id='word_1_43' title='bbox 1429 1646 1486 1716; x_wconf 89' lang='lat' dir='ltr'><strong>sed</strong></span> 
     </span>
     <span class='ocr_line' id='line_1_9' title="bbox 331 1763 1485 1852; baseline 0 -21"><span class='ocrx_word' id='word_1_44' title='bbox 331 1782 397 1849; x_wconf 87' lang='lat' dir='ltr'><strong>praa</strong></span> <span class='ocrx_word' id='word_1_45' title='bbox 416 1763 618 1833; x_wconf 86' lang='lat' dir='ltr'><strong>multitudiue</strong></span> <span class='ocrx_word' id='word_1_46' title='bbox 644 1764 843 1849; x_wconf 82' lang='lat' dir='ltr'><strong>negotiorum</strong></span> <span class='ocrx_word' id='word_1_47' title='bbox 871 1764 975 1831; x_wconf 85' lang='lat' dir='ltr'><strong>brevis</strong></span> <span class='ocrx_word' id='word_1_48' title='bbox 1003 1768 1051 1831; x_wconf 89' lang='lat' dir='ltr'><strong>est</strong></span> <span class='ocrx_word' id='word_1_49' title='bbox 1078 1764 1251 1851; x_wconf 76' lang='lat' dir='ltr'><strong>responsio.</strong></span> <span class='ocrx_word' id='word_1_50' title='bbox 1297 1764 1485 1852; x_wconf 74' lang='lat' dir='ltr'><strong>Depositum</strong></span> 
     </span>
     <span class='ocr_line' id='line_1_10' title="bbox 331 1878 1486 1967; baseline 0.002 -22"><span class='ocrx_word' id='word_1_51' title='bbox 331 1878 463 1963; x_wconf 88' lang='lat' dir='ltr'><strong>querelae</strong></span> <span class='ocrx_word' id='word_1_52' title='bbox 492 1886 616 1947; x_wconf 83' lang='lat' dir='ltr'><strong>vestrae</strong></span> <span class='ocrx_word' id='word_1_53' title='bbox 638 1880 723 1967; x_wconf 90' lang='lat' dir='ltr'><strong>apud</strong></span> <span class='ocrx_word' id='word_1_54' title='bbox 744 1900 801 1947; x_wconf 91' lang='lat' dir='ltr'><strong>uos</strong></span> <span class='ocrx_word' id='word_1_55' title='bbox 824 1882 949 1963; x_wconf 79' lang='lat' dir='ltr'><strong>siguum</strong></span> <span class='ocrx_word' id='word_1_56' title='bbox 972 1884 1021 1946; x_wconf 91' lang='lat' dir='ltr'><strong>est</strong></span> <span class='ocrx_word' id='word_1_57' title='bbox 1043 1882 1075 1945; x_wconf 89' lang='lat' dir='ltr'><strong>et</strong></span> <span class='ocrx_word' id='word_1_58' title='bbox 1096 1880 1210 1967; x_wconf 79' lang='lat' dir='ltr'><strong>pignus</strong></span> <span class='ocrx_word' id='word_1_59' title='bbox 1233 1880 1425 1965; x_wconf 86' lang='lat' dir='ltr'><strong>dileetionis,</strong></span> <span class='ocrx_word' id='word_1_60' title='bbox 1453 1884 1486 1947; x_wconf 88' lang='lat' dir='ltr'><strong>et</strong></span> 
     </span>
     <span class='ocr_line' id='line_1_11' title="bbox 329 1993 1486 2083; baseline 0.001 -21"><span class='ocrx_word' id='word_1_61' title='bbox 329 1996 507 2083; x_wconf 86' lang='lat' dir='ltr'><strong>praeeipuae</strong></span> <span class='ocrx_word' id='word_1_62' title='bbox 534 1996 721 2063; x_wconf 87' lang='lat' dir='ltr'><strong>humilitatis</strong></span> <span class='ocrx_word' id='word_1_63' title='bbox 743 1994 904 2062; x_wconf 89' lang='lat' dir='ltr'><strong>iudioium.</strong></span> <span class='ocrx_word' id='word_1_64' title='bbox 950 1993 1026 2073; x_wconf 87' lang='lat' dir='ltr'><strong>Quis</strong></span> <span class='ocrx_word' id='word_1_65' title='bbox 1049 1996 1134 2063; x_wconf 90' lang='lat' dir='ltr'><strong>enim</strong></span> <span class='ocrx_word' id='word_1_66' title='bbox 1156 2016 1213 2080; x_wconf 79' lang='lat' dir='ltr'><strong>ago</strong></span> <span class='ocrx_word' id='word_1_67' title='bbox 1236 2016 1307 2063; x_wconf 90' lang='lat' dir='ltr'><strong>sum</strong></span> <span class='ocrx_word' id='word_1_68' title='bbox 1328 2001 1384 2063; x_wconf 90' lang='lat' dir='ltr'><strong>aut</strong></span> <span class='ocrx_word' id='word_1_69' title='bbox 1405 2016 1486 2082; x_wconf 86' lang='lat' dir='ltr'><strong>quae</strong></span> 
     </span>
     <span class='ocr_line' id='line_1_12' title="bbox 328 2108 1486 2199; baseline 0.001 -22"><span class='ocrx_word' id='word_1_70' title='bbox 328 2108 428 2179; x_wconf 89' lang='lat' dir='ltr'><strong>domus</strong></span> <span class='ocrx_word' id='word_1_71' title='bbox 455 2112 558 2199; x_wconf 90' lang='lat' dir='ltr'><strong>patris</strong></span> <span class='ocrx_word' id='word_1_72' title='bbox 585 2112 664 2196; x_wconf 88' lang='lat' dir='ltr'><strong>mei,</strong></span> <span class='ocrx_word' id='word_1_73' title='bbox 693 2117 729 2178; x_wconf 92' lang='lat' dir='ltr'><strong>ut</strong></span> <span class='ocrx_word' id='word_1_74' title='bbox 757 2112 797 2177; x_wconf 88' lang='lat' dir='ltr'><strong>ad</strong></span> <span class='ocrx_word' id='word_1_75' title='bbox 823 2132 875 2177; x_wconf 91' lang='lat' dir='ltr'><strong>me</strong></span> <span class='ocrx_word' id='word_1_76' title='bbox 896 2111 1052 2178; x_wconf 75' lang='lat' dir='ltr'><strong>referatur</strong></span> <span class='ocrx_word' id='word_1_77' title='bbox 1074 2110 1302 2199; x_wconf 85' lang='lat' dir='ltr'><strong>arehiepieoopi</strong></span> <span class='ocrx_word' id='word_1_78' title='bbox 1323 2116 1486 2199; x_wconf 87' lang='lat' dir='ltr'><strong>ooutemp-</strong></span> 
     </span>
     <span class='ocr_line' id='line_1_13' title="bbox 328 2224 1485 2315; baseline 0.002 -22"><span class='ocrx_word' id='word_1_79' title='bbox 328 2230 371 2293; x_wconf 91' lang='lat' dir='ltr'><strong>tus</strong></span> <span class='ocrx_word' id='word_1_80' title='bbox 396 2233 428 2294; x_wconf 92' lang='lat' dir='ltr'><strong>et</strong></span> <span class='ocrx_word' id='word_1_81' title='bbox 453 2226 715 2313; x_wconf 87' lang='lat' dir='ltr'><strong>metropolitanae</strong></span> <span class='ocrx_word' id='word_1_82' title='bbox 737 2224 819 2294; x_wconf 87' lang='lat' dir='ltr'><strong>sedis</strong></span> <span class='ocrx_word' id='word_1_83' title='bbox 841 2226 977 2293; x_wconf 80' lang='lat' dir='ltr'><strong>iniuria?</strong></span> <span class='ocrx_word' id='word_1_84' title='bbox 1004 2226 1117 2294; x_wconf 85' lang='lat' dir='ltr'><strong>Nonne</strong></span> <span class='ocrx_word' id='word_1_85' title='bbox 1138 2246 1197 2311; x_wconf 79' lang='lat' dir='ltr'><strong>ego</strong></span> <span class='ocrx_word' id='word_1_86' title='bbox 1219 2247 1289 2294; x_wconf 89' lang='lat' dir='ltr'><strong>sum</strong></span> <span class='ocrx_word' id='word_1_87' title='bbox 1310 2246 1390 2314; x_wconf 88' lang='lat' dir='ltr'><strong>puer</strong></span> <span class='ocrx_word' id='word_1_88' title='bbox 1411 2247 1485 2315; x_wconf 65' lang='lat' dir='ltr'><strong>pen</strong></span> 
     </span>
     <span class='ocr_line' id='line_1_14' title="bbox 327 2337 1485 2428; baseline 0.002 -20"><span class='ocrx_word' id='word_1_89' title='bbox 327 2341 418 2427; x_wconf 73' lang='lat' dir='ltr'><strong>sulus,</strong></span> <span class='ocrx_word' id='word_1_90' title='bbox 439 2343 592 2428; x_wconf 79' lang='lat' dir='ltr'><strong>ignoraus</strong></span> <span class='ocrx_word' id='word_1_91' title='bbox 613 2343 778 2409; x_wconf 88' lang='lat' dir='ltr'><strong>introitum</strong></span> <span class='ocrx_word' id='word_1_92' title='bbox 793 2348 826 2410; x_wconf 90' lang='lat' dir='ltr'><strong>et</strong></span> <span class='ocrx_word' id='word_1_93' title='bbox 840 2361 1002 2427; x_wconf 75' lang='lat' dir='ltr'><strong>egressum</strong></span> <span class='ocrx_word' id='word_1_94' title='bbox 1016 2362 1122 2410; x_wconf 90' lang='lat' dir='ltr'><strong>meum</strong></span> <span class='ocrx_word' id='word_1_95' title='bbox 1130 2337 1158 2408; x_wconf 77' lang='lat'><strong>¹?</strong></span> <span class='ocrx_word' id='word_1_96' title='bbox 1181 2341 1407 2411; x_wconf 73' lang='lat' dir='ltr'><strong>Verumtamen</strong></span> <span class='ocrx_word' id='word_1_97' title='bbox 1420 2363 1485 2410; x_wconf 92' lang='lat' dir='ltr'><strong>nou</strong></span> 
     </span>
     <span class='ocr_line' id='line_1_15' title="bbox 326 2456 1484 2545; baseline 0.002 -20"><span class='ocrx_word' id='word_1_98' title='bbox 326 2456 425 2541; x_wconf 71' lang='lat' dir='ltr'><strong>ignoro</strong></span> <span class='ocrx_word' id='word_1_99' title='bbox 453 2459 587 2526; x_wconf 85' lang='lat' dir='ltr'><strong>verbum</strong></span> <span class='ocrx_word' id='word_1_100' title='bbox 614 2459 757 2526; x_wconf 83' lang='lat' dir='ltr'><strong>ueritatis</strong></span> <span class='ocrx_word' id='word_1_101' title='bbox 784 2478 1046 2545; x_wconf 87' lang='lat' dir='ltr'><strong>usquequaque,</strong></span> <span class='ocrx_word' id='word_1_102' title='bbox 1079 2458 1163 2544; x_wconf 91' lang='lat' dir='ltr'><strong>quod</strong></span> <span class='ocrx_word' id='word_1_103' title='bbox 1184 2478 1225 2526; x_wconf 85' lang='lat' dir='ltr'><strong>ex</strong></span> <span class='ocrx_word' id='word_1_104' title='bbox 1247 2479 1303 2527; x_wconf 91' lang='lat' dir='ltr'><strong>ore</strong></span> <span class='ocrx_word' id='word_1_105' title='bbox 1324 2459 1484 2527; x_wconf 80' lang='lat' dir='ltr'><strong>Altissimi</strong></span> 
     </span>
     <span class='ocr_line' id='line_1_16' title="bbox 326 2574 1486 2664; baseline 0.003 -25"><span class='ocrx_word' id='word_1_106' title='bbox 326 2574 474 2660; x_wconf 89' lang='lat' dir='ltr'><strong>prooodit:</strong></span> <span class='ocrx_word' id='word_1_107' title='bbox 504 2576 636 2643; x_wconf 78' lang='lat' dir='ltr'><strong>Necesse</strong></span> <span class='ocrx_word' id='word_1_108' title='bbox 658 2588 703 2642; x_wconf 77' lang='lat' dir='ltr'><strong>eet</strong></span> <span class='ocrx_word' id='word_1_109' title='bbox 723 2588 758 2643; x_wconf 82' lang='lat' dir='ltr'><strong>st</strong></span> <span class='ocrx_word' id='word_1_110' title='bbox 778 2579 884 2643; x_wconf 65' lang='lat' dir='ltr'><strong>verim</strong></span> <span class='ocrx_word' id='word_1_111' title='bbox 904 2576 1106 2653; x_wconf 61' lang='lat' dir='ltr'><strong>eremium</strong></span> <span class='ocrx_word' id='word_1_112' title='bbox 1132 2596 1192 2642; x_wconf 83' lang='lat' dir='ltr'><strong>eae</strong></span> <span class='ocrx_word' id='word_1_113' title='bbox 1212 2588 1316 2644; x_wconf 71' lang='lat' dir='ltr'><strong>oseem</strong></span> <span class='ocrx_word' id='word_1_114' title='bbox 1335 2576 1402 2659; x_wconf 72' lang='lat' dir='ltr'><strong>titt,</strong></span> <span class='ocrx_word' id='word_1_115' title='bbox 1423 2598 1486 2664; x_wconf 86' lang='lat' dir='ltr'><strong>per</strong></span> 
     </span>
     <span class='ocr_line' id='line_1_17' title="bbox 326 2686 539 2776; baseline 0.005 -19"><span class='ocrx_word' id='word_1_116' title='bbox 326 2712 407 2776; x_wconf 70' lang='lat' dir='ltr'><strong>pren</strong></span> <span class='ocrx_word' id='word_1_117' title='bbox 426 2686 539 2758; x_wconf 78' lang='lat' dir='ltr'><strong>eenit¹.</strong></span> 
     </span>
    </p>

    <p class='ocr_par' dir='ltr' id='par_1_6' title="bbox 323 2800 1485 4053">
     <span class='ocr_line' id='line_1_18' title="bbox 403 2800 1484 2891; baseline 0 -18"><span class='ocrx_word' id='word_1_118' title='bbox 403 2805 508 2873; x_wconf 90' lang='lat' dir='ltr'><strong>Homo</strong></span> <span class='ocrx_word' id='word_1_119' title='bbox 529 2800 612 2891; x_wconf 79' lang='lat' dir='ltr'><strong>ille&#39;,</strong></span> <span class='ocrx_word' id='word_1_120' title='bbox 635 2806 675 2873; x_wconf 92' lang='lat' dir='ltr'><strong>de</strong></span> <span class='ocrx_word' id='word_1_121' title='bbox 696 2826 758 2891; x_wconf 87' lang='lat' dir='ltr'><strong>quo</strong></span> <span class='ocrx_word' id='word_1_122' title='bbox 781 2804 886 2890; x_wconf 79' lang='lat' dir='ltr'><strong>agitur</strong></span> <span class='ocrx_word' id='word_1_123' title='bbox 907 2806 941 2871; x_wconf 90' lang='lat' dir='ltr'><strong>in</strong></span> <span class='ocrx_word' id='word_1_124' title='bbox 964 2804 1079 2872; x_wconf 85' lang='lat' dir='ltr'><strong>litteris</strong></span> <span class='ocrx_word' id='word_1_125' title='bbox 1101 2805 1226 2890; x_wconf 80' lang='lat' dir='ltr'><strong>vestris,</strong></span> <span class='ocrx_word' id='word_1_126' title='bbox 1249 2824 1351 2891; x_wconf 88' lang='lat' dir='ltr'><strong>neque</strong></span> <span class='ocrx_word' id='word_1_127' title='bbox 1373 2806 1414 2874; x_wconf 85' lang='lat' dir='ltr'><strong>ab</strong></span> <span class='ocrx_word' id='word_1_128' title='bbox 1427 2806 1484 2873; x_wconf 88' lang='lat' dir='ltr'><strong>lro·</strong></span> 
     </span>
     <span class='ocr_line' id='line_1_19' title="bbox 324 2920 1484 3009; baseline 0.002 -22"><span class='ocrx_word' id='word_1_129' title='bbox 324 2922 399 2989; x_wconf 90' lang='lat' dir='ltr'><strong>mine</strong></span> <span class='ocrx_word' id='word_1_130' title='bbox 421 2942 526 3009; x_wconf 91' lang='lat' dir='ltr'><strong>neque</strong></span> <span class='ocrx_word' id='word_1_131' title='bbox 544 2940 603 3009; x_wconf 88' lang='lat' dir='ltr'><strong>por</strong></span> <span class='ocrx_word' id='word_1_132' title='bbox 621 2921 780 2988; x_wconf 90' lang='lat' dir='ltr'><strong>hominem</strong></span> <span class='ocrx_word' id='word_1_133' title='bbox 803 2921 858 2989; x_wconf 85' lang='lat' dir='ltr'><strong>sod</strong></span> <span class='ocrx_word' id='word_1_134' title='bbox 878 2941 978 3006; x_wconf 89' lang='lat' dir='ltr'><strong>neque</strong></span> <span class='ocrx_word' id='word_1_135' title='bbox 993 2940 1014 2987; x_wconf 88' lang='lat' dir='ltr'><strong>a</strong></span> <span class='ocrx_word' id='word_1_136' title='bbox 1027 2920 1095 2987; x_wconf 91' lang='lat' dir='ltr'><strong>Deo</strong></span> <span class='ocrx_word' id='word_1_137' title='bbox 1110 2920 1225 2987; x_wconf 89' lang='lat' dir='ltr'><strong>missus</strong></span> <span class='ocrx_word' id='word_1_138' title='bbox 1240 2921 1336 2988; x_wconf 86' lang='lat' dir='ltr'><strong>veuit.</strong></span> <span class='ocrx_word' id='word_1_139' title='bbox 1365 2920 1484 3001; x_wconf 82' lang='lat' dir='ltr'><strong>Quodsi</strong></span> 
     </span>
     <span class='ocr_line' id='line_1_20' title="bbox 324 3034 1484 3123; baseline 0.002 -20"><span class='ocrx_word' id='word_1_140' title='bbox 324 3056 353 3104; x_wconf 92' lang='lat' dir='ltr'><strong>se</strong></span> <span class='ocrx_word' id='word_1_141' title='bbox 372 3038 561 3105; x_wconf 85' lang='lat' dir='ltr'><strong>monaahum</strong></span> <span class='ocrx_word' id='word_1_142' title='bbox 584 3041 640 3104; x_wconf 91' lang='lat' dir='ltr'><strong>aut</strong></span> <span class='ocrx_word' id='word_1_143' title='bbox 662 3038 825 3105; x_wconf 89' lang='lat' dir='ltr'><strong>eremitam</strong></span> <span class='ocrx_word' id='word_1_144' title='bbox 846 3038 953 3123; x_wconf 82' lang='lat' dir='ltr'><strong>laetat,</strong></span> <span class='ocrx_word' id='word_1_145' title='bbox 977 3040 1009 3103; x_wconf 89' lang='lat' dir='ltr'><strong>et</strong></span> <span class='ocrx_word' id='word_1_146' title='bbox 1031 3055 1071 3103; x_wconf 85' lang='lat' dir='ltr'><strong>ex</strong></span> <span class='ocrx_word' id='word_1_147' title='bbox 1093 3054 1131 3102; x_wconf 92' lang='lat' dir='ltr'><strong>eo</strong></span> <span class='ocrx_word' id='word_1_148' title='bbox 1152 3034 1214 3103; x_wconf 86' lang='lat' dir='ltr'><strong>eibi</strong></span> <span class='ocrx_word' id='word_1_149' title='bbox 1235 3037 1369 3104; x_wconf 77' lang='lat' dir='ltr'><strong>assumit</strong></span> <span class='ocrx_word' id='word_1_150' title='bbox 1388 3036 1484 3105; x_wconf 85' lang='lat' dir='ltr'><strong>liber·</strong></span> 
     </span>
     <span class='ocr_line' id='line_1_21' title="bbox 323 3152 1484 3240; baseline -0.001 -19"><span class='ocrx_word' id='word_1_151' title='bbox 323 3156 413 3221; x_wconf 58' lang='lat' dir='ltr'><strong>mmm</strong></span> <span class='ocrx_word' id='word_1_152' title='bbox 439 3154 493 3221; x_wconf 84' lang='lat' dir='ltr'><strong>vel</strong></span> <span class='ocrx_word' id='word_1_153' title='bbox 520 3152 658 3220; x_wconf 75' lang='lat' dir='ltr'><strong>officium</strong></span> <span class='ocrx_word' id='word_1_154' title='bbox 686 3153 945 3240; x_wconf 74' lang='lat' dir='ltr'><strong>praedicationis,</strong></span> <span class='ocrx_word' id='word_1_155' title='bbox 973 3157 1079 3240; x_wconf 90' lang='lat' dir='ltr'><strong>potest</strong></span> <span class='ocrx_word' id='word_1_156' title='bbox 1105 3152 1187 3219; x_wconf 85' lang='lat' dir='ltr'><strong>seire</strong></span> <span class='ocrx_word' id='word_1_157' title='bbox 1209 3157 1242 3219; x_wconf 89' lang='lat' dir='ltr'><strong>et</strong></span> <span class='ocrx_word' id='word_1_158' title='bbox 1262 3152 1371 3239; x_wconf 84' lang='lat' dir='ltr'><strong>debet,</strong></span> <span class='ocrx_word' id='word_1_159' title='bbox 1400 3154 1484 3239; x_wconf 89' lang='lat' dir='ltr'><strong>qnod</strong></span> 
     </span>
     <span class='ocr_line' id='line_1_22' title="bbox 324 3265 1485 3356; baseline 0.001 -22"><span class='ocrx_word' id='word_1_160' title='bbox 324 3271 488 3337; x_wconf 80' lang='lat' dir='ltr'><strong>monachus</strong></span> <span class='ocrx_word' id='word_1_161' title='bbox 515 3288 579 3335; x_wconf 90' lang='lat' dir='ltr'><strong>uon</strong></span> <span class='ocrx_word' id='word_1_162' title='bbox 607 3268 702 3336; x_wconf 86' lang='lat' dir='ltr'><strong>habet</strong></span> <span class='ocrx_word' id='word_1_163' title='bbox 724 3269 864 3337; x_wconf 80' lang='lat' dir='ltr'><strong>docentis</strong></span> <span class='ocrx_word' id='word_1_164' title='bbox 887 3268 942 3336; x_wconf 90' lang='lat' dir='ltr'><strong>sod</strong></span> <span class='ocrx_word' id='word_1_165' title='bbox 965 3268 1144 3356; x_wconf 80' lang='lat' dir='ltr'><strong>plangentis</strong></span> <span class='ocrx_word' id='word_1_166' title='bbox 1166 3265 1337 3353; x_wconf 82' lang='lat' dir='ltr'><strong>offieium‘3</strong></span> <span class='ocrx_word' id='word_1_167' title='bbox 1366 3268 1485 3356; x_wconf 85' lang='lat' dir='ltr'><strong>quippe</strong></span> 
     </span>
     <span class='ocr_line' id='line_1_23' title="bbox 324 3380 1484 3473; baseline 0.001 -22"><span class='ocrx_word' id='word_1_168' title='bbox 324 3386 368 3451; x_wconf 89' lang='lat' dir='ltr'><strong>oui</strong></span> <span class='ocrx_word' id='word_1_169' title='bbox 388 3385 542 3473; x_wconf 91' lang='lat' dir='ltr'><strong>oppidum</strong></span> <span class='ocrx_word' id='word_1_170' title='bbox 563 3404 671 3452; x_wconf 88' lang='lat' dir='ltr'><strong>earoer</strong></span> <span class='ocrx_word' id='word_1_171' title='bbox 692 3404 761 3453; x_wconf 89' lang='lat' dir='ltr'><strong>esse</strong></span> <span class='ocrx_word' id='word_1_172' title='bbox 783 3385 877 3452; x_wconf 89' lang='lat' dir='ltr'><strong>debet</strong></span> <span class='ocrx_word' id='word_1_173' title='bbox 897 3390 930 3452; x_wconf 89' lang='lat' dir='ltr'><strong>et</strong></span> <span class='ocrx_word' id='word_1_174' title='bbox 952 3383 1087 3451; x_wconf 88' lang='lat' dir='ltr'><strong>solitudo</strong></span> <span class='ocrx_word' id='word_1_175' title='bbox 1106 3380 1299 3471; x_wconf 80' lang='lat' dir='ltr'><strong>paradisus‘.</strong></span> <span class='ocrx_word' id='word_1_176' title='bbox 1334 3380 1395 3451; x_wconf 87' lang='lat' dir='ltr'><strong>Hie</strong></span> <span class='ocrx_word' id='word_1_177' title='bbox 1408 3403 1484 3452; x_wconf 86' lang='lat' dir='ltr'><strong>vero</strong></span> 
     </span>
     <span class='ocr_line' id='line_1_24' title="bbox 324 3500 1485 3588; baseline 0.002 -23"><span class='ocrx_word' id='word_1_178' title='bbox 324 3501 526 3569; x_wconf 88' lang='lat' dir='ltr'><strong>aooutrariis</strong></span> <span class='ocrx_word' id='word_1_179' title='bbox 556 3506 589 3567; x_wconf 92' lang='lat' dir='ltr'><strong>et</strong></span> <span class='ocrx_word' id='word_1_180' title='bbox 615 3500 816 3568; x_wconf 87' lang='lat' dir='ltr'><strong>solitudinem</strong></span> <span class='ocrx_word' id='word_1_181' title='bbox 844 3520 902 3588; x_wconf 93' lang='lat' dir='ltr'><strong>pro</strong></span> <span class='ocrx_word' id='word_1_182' title='bbox 930 3518 1055 3568; x_wconf 86' lang='lat' dir='ltr'><strong>oareere</strong></span> <span class='ocrx_word' id='word_1_183' title='bbox 1082 3504 1115 3567; x_wconf 89' lang='lat' dir='ltr'><strong>at</strong></span> <span class='ocrx_word' id='word_1_184' title='bbox 1136 3500 1288 3587; x_wconf 90' lang='lat' dir='ltr'><strong>oppidum</strong></span> <span class='ocrx_word' id='word_1_185' title='bbox 1309 3500 1405 3569; x_wconf 85' lang='lat' dir='ltr'><strong>habet</strong></span> <span class='ocrx_word' id='word_1_186' title='bbox 1425 3520 1485 3588; x_wconf 94' lang='lat' dir='ltr'><strong>pro</strong></span> 
     </span>
     <span class='ocr_line' id='line_1_25' title="bbox 323 3614 1483 3705; baseline 0.003 -24"><span class='ocrx_word' id='word_1_187' title='bbox 323 3617 475 3701; x_wconf 87' lang='lat' dir='ltr'><strong>paradiso.</strong></span> <span class='ocrx_word' id='word_1_188' title='bbox 522 3616 550 3684; x_wconf 95' lang='grc' dir='ltr'>Ο</span> <span class='ocrx_word' id='word_1_189' title='bbox 578 3616 736 3684; x_wconf 90' lang='lat' dir='ltr'><strong>hominem</strong></span> <span class='ocrx_word' id='word_1_190' title='bbox 765 3616 834 3684; x_wconf 91' lang='lat' dir='ltr'><strong>siue</strong></span> <span class='ocrx_word' id='word_1_191' title='bbox 861 3622 1004 3705; x_wconf 86' lang='lat' dir='ltr'><strong>peetore;</strong></span> <span class='ocrx_word' id='word_1_192' title='bbox 1040 3637 1058 3683; x_wconf 95' lang='grc' dir='ltr'><strong>ο</strong></span> <span class='ocrx_word' id='word_1_193' title='bbox 1085 3614 1246 3684; x_wconf 89' lang='lat' dir='ltr'><strong>hominem</strong></span> <span class='ocrx_word' id='word_1_194' title='bbox 1273 3616 1343 3684; x_wconf 91' lang='lat' dir='ltr'><strong>sine</strong></span> <span class='ocrx_word' id='word_1_195' title='bbox 1369 3615 1483 3702; x_wconf 81' lang='lat' dir='ltr'><strong>fronte,</strong></span> 
     </span>
     <span class='ocr_line' id='line_1_26' title="bbox 323 3731 1485 3819; baseline 0.002 -22"><span class='ocrx_word' id='word_1_196' title='bbox 323 3732 404 3799; x_wconf 80' lang='lat' dir='ltr'><strong>orius</strong></span> <span class='ocrx_word' id='word_1_197' title='bbox 426 3732 562 3800; x_wconf 86' lang='lat' dir='ltr'><strong>stultitia</strong></span> <span class='ocrx_word' id='word_1_198' title='bbox 583 3731 705 3800; x_wconf 86' lang='lat' dir='ltr'><strong>elevata</strong></span> <span class='ocrx_word' id='word_1_199' title='bbox 727 3737 776 3799; x_wconf 92' lang='lat' dir='ltr'><strong>est</strong></span> <span class='ocrx_word' id='word_1_200' title='bbox 797 3750 892 3819; x_wconf 89' lang='lat' dir='ltr'><strong>super</strong></span> <span class='ocrx_word' id='word_1_201' title='bbox 905 3732 1145 3817; x_wconf 73' lang='lat' dir='ltr'><strong>caudelabrum,</strong></span> <span class='ocrx_word' id='word_1_202' title='bbox 1167 3736 1204 3799; x_wconf 89' lang='lat' dir='ltr'><strong>ut</strong></span> <span class='ocrx_word' id='word_1_203' title='bbox 1217 3738 1370 3819; x_wconf 84' lang='lat' dir='ltr'><strong>appareat</strong></span> <span class='ocrx_word' id='word_1_204' title='bbox 1383 3733 1485 3799; x_wconf 89' lang='lat' dir='ltr'><strong>omni·</strong></span> 
     </span>
     <span class='ocr_line' id='line_1_27' title="bbox 323 3844 1485 3935; baseline 0.003 -22"><span class='ocrx_word' id='word_1_205' title='bbox 323 3844 385 3933; x_wconf 68' lang='lat' dir='ltr'><strong>bus</strong></span> <span class='ocrx_word' id='word_1_206' title='bbox 408 3848 464 3935; x_wconf 92' lang='lat' dir='ltr'><strong>qui</strong></span> <span class='ocrx_word' id='word_1_207' title='bbox 485 3848 615 3916; x_wconf 89' lang='lat' dir='ltr'><strong>suntin</strong></span> <span class='ocrx_word' id='word_1_208' title='bbox 636 3844 756 3916; x_wconf 82' lang='lat' dir='ltr'><strong>domo⁸.</strong></span> <span class='ocrx_word' id='word_1_209' title='bbox 839 3848 915 3915; x_wconf 89' lang='lat' dir='ltr'><strong>Tria</strong></span> <span class='ocrx_word' id='word_1_210' title='bbox 936 3868 1012 3915; x_wconf 90' lang='lat' dir='ltr'><strong>saue</strong></span> <span class='ocrx_word' id='word_1_211' title='bbox 1034 3848 1164 3915; x_wconf 89' lang='lat' dir='ltr'><strong>suntin</strong></span> <span class='ocrx_word' id='word_1_212' title='bbox 1186 3866 1224 3914; x_wconf 87' lang='lat' dir='ltr'><strong>eo</strong></span> <span class='ocrx_word' id='word_1_213' title='bbox 1243 3848 1485 3935; x_wconf 82' lang='lat' dir='ltr'><strong>reprehensione</strong></span> 
     </span>
     <span class='ocr_line' id='line_1_28' title="bbox 323 3960 1484 4053; baseline 0 -22"><span class='ocrx_word' id='word_1_214' title='bbox 323 3960 518 4048; x_wconf 73' lang='lat' dir='ltr'><strong>dignissima:</strong></span> <span class='ocrx_word' id='word_1_215' title='bbox 549 3964 712 4051; x_wconf 87' lang='lat' dir='ltr'><strong>usurpatio</strong></span> <span class='ocrx_word' id='word_1_216' title='bbox 739 3964 998 4051; x_wconf 61' lang='lat' dir='ltr'><strong>praedieatiouia</strong></span> <span class='ocrx_word' id='word_1_217' title='bbox 1027 3968 1226 4051; x_wconf 87' lang='lat' dir='ltr'><strong>oontemptus</strong></span> <span class='ocrx_word' id='word_1_218' title='bbox 1253 3965 1484 4053; x_wconf 75' lang='lat' dir='ltr'><strong>episcoporum,</strong></span> 
     </span>
    </p>
   </div>
   <div class='ocr_carea' id='block_1_3' title="bbox 323 4102 1487 4966">
    <p class='ocr_par' dir='ltr' id='par_1_7' title="bbox 323 4102 1487 4407">
     <span class='ocr_line' id='line_1_29' title="bbox 389 4102 1484 4167; baseline 0.003 -15"><span class='ocrx_word' id='word_1_219' title='bbox 389 4118 411 4152; x_wconf 74' lang='grc' dir='ltr'>ι</span> <span class='ocrx_word' id='word_1_220' title='bbox 432 4108 500 4153; x_wconf 69' lang='lat' dir='ltr'><strong>nne</strong></span> <span class='ocrx_word' id='word_1_221' title='bbox 514 4108 539 4157; x_wconf 83' lang='lat' dir='ltr'><strong>s.</strong></span> <span class='ocrx_word' id='word_1_222' title='bbox 552 4108 679 4155; x_wconf 65' lang='lat' dir='ltr'><strong>sensere</strong></span> <span class='ocrx_word' id='word_1_223' title='bbox 692 4122 726 4166; x_wconf 71' lang='grc' dir='ltr'><strong>φ.</strong></span> <span class='ocrx_word' id='word_1_224' title='bbox 739 4106 784 4155; x_wconf 85' lang='lat' dir='ltr'><strong>ase</strong></span> <span class='ocrx_word' id='word_1_225' title='bbox 797 4106 871 4153; x_wconf 70' lang='lat' dir='ltr'><strong>essee</strong></span> <span class='ocrx_word' id='word_1_226' title='bbox 881 4106 978 4153; x_wconf 69' lang='lat' dir='ltr'><strong>naeus</strong></span> <span class='ocrx_word' id='word_1_227' title='bbox 989 4102 1058 4167; x_wconf 69' lang='lat' dir='ltr'><strong>(opp.</strong></span> <span class='ocrx_word' id='word_1_228' title='bbox 1073 4109 1098 4156; x_wconf 87' lang='lat' dir='ltr'><strong>s.</strong></span> <span class='ocrx_word' id='word_1_229' title='bbox 1109 4106 1189 4153; x_wconf 65' lang='lat' dir='ltr'><strong>sne.</strong></span> <span class='ocrx_word' id='word_1_230' title='bbox 1204 4108 1304 4154; x_wconf 65' lang='lat' dir='ltr'><strong>saue«</strong></span> <span class='ocrx_word' id='word_1_231' title='bbox 1314 4108 1381 4165; x_wconf 79' lang='lat' dir='ltr'><strong>rna,</strong></span> <span class='ocrx_word' id='word_1_232' title='bbox 1396 4105 1484 4166; x_wconf 83' lang='lat' dir='ltr'><strong>rear).</strong></span> 
     </span>
     <span class='ocr_line' id='line_1_30' title="bbox 323 4184 1487 4248; baseline 0.004 -16"><span class='ocrx_word' id='word_1_233' title='bbox 323 4184 407 4232; x_wconf 63' lang='lat' dir='ltr'><strong>Dum</strong></span> <span class='ocrx_word' id='word_1_234' title='bbox 416 4190 520 4233; x_wconf 68' lang='lat' dir='ltr'><strong>nerem</strong></span> <span class='ocrx_word' id='word_1_235' title='bbox 535 4196 557 4233; x_wconf 75' lang='lat' dir='ltr'><strong>et</strong></span> <span class='ocrx_word' id='word_1_236' title='bbox 568 4187 665 4235; x_wconf 62' lang='lat' dir='ltr'><strong>Durani</strong></span> <span class='ocrx_word' id='word_1_237' title='bbox 675 4185 746 4245; x_wconf 74' lang='lat' dir='ltr'><strong>(cell</strong></span> <span class='ocrx_word' id='word_1_238' title='bbox 757 4188 827 4247; x_wconf 75' lang='lat' dir='ltr'><strong>ampl.</strong></span> <span class='ocrx_word' id='word_1_239' title='bbox 842 4190 857 4235; x_wconf 87' lang='lat'><em>1</em></span> <span class='ocrx_word' id='word_1_240' title='bbox 868 4184 922 4245; x_wconf 73' lang='grc'><strong>746)</strong></span> <span class='ocrx_word' id='word_1_241' title='bbox 938 4188 961 4233; x_wconf 78' lang='lat' dir='ltr'><strong>s&#39;e</strong></span> <span class='ocrx_word' id='word_1_242' title='bbox 977 4188 1147 4248; x_wconf 66' lang='lat' dir='ltr'><strong>nenoteanes·</strong></span> <span class='ocrx_word' id='word_1_243' title='bbox 1159 4188 1305 4245; x_wconf 62' lang='lat' dir='ltr'><strong>qaenam</strong></span> <span class='ocrx_word' id='word_1_244' title='bbox 1320 4188 1345 4235; x_wconf 79' lang='lat' dir='ltr'><strong>S.</strong></span> <span class='ocrx_word' id='word_1_245' title='bbox 1358 4188 1487 4237; x_wconf 66' lang='lat' dir='ltr'><strong>mardi</strong></span> 
     </span>
     <span class='ocr_line' id='line_1_31' title="bbox 324 4264 1484 4328; baseline 0.003 -17"><span class='ocrx_word' id='word_1_246' title='bbox 324 4266 397 4311; x_wconf 70' lang='lat' dir='ltr'><strong>metu</strong></span> <span class='ocrx_word' id='word_1_247' title='bbox 416 4266 469 4313; x_wconf 77' lang='lat' dir='ltr'><strong>lete</strong></span> <span class='ocrx_word' id='word_1_248' title='bbox 489 4268 599 4326; x_wconf 77' lang='lat' dir='ltr'><strong>eps‘siolae</strong></span> <span class='ocrx_word' id='word_1_249' title='bbox 614 4270 742 4325; x_wconf 76' lang='lat' dir='ltr'><strong>promisso</strong></span> <span class='ocrx_word' id='word_1_250' title='bbox 761 4266 818 4313; x_wconf 74' lang='lat' dir='ltr'><strong>hoec</strong></span> <span class='ocrx_word' id='word_1_251' title='bbox 836 4282 898 4313; x_wconf 71' lang='lat' dir='ltr'><strong>aaa:</strong></span> <span class='ocrx_word' id='word_1_252' title='bbox 920 4265 957 4313; x_wconf 81' lang='lat' dir='ltr'><strong>nd</strong></span> <span class='ocrx_word' id='word_1_253' title='bbox 976 4264 1099 4313; x_wconf 78' lang='lat' dir='ltr'><strong>Hauritum</strong></span> <span class='ocrx_word' id='word_1_254' title='bbox 1114 4264 1271 4324; x_wconf 65' lang='lat' dir='ltr'><strong>lingentium</strong></span> <span class='ocrx_word' id='word_1_255' title='bbox 1290 4266 1484 4328; x_wconf 69' lang='lat' dir='ltr'><strong>flrehlepbeopun</strong></span> 
     </span>
     <span class='ocr_line' id='line_1_32' title="bbox 324 4342 1087 4407; baseline 0.003 -16"><span class='ocrx_word' id='word_1_256' title='bbox 324 4346 397 4391; x_wconf 72' lang='lat' dir='ltr'><strong>tenua</strong></span> <span class='ocrx_word' id='word_1_257' title='bbox 411 4342 504 4393; x_wconf 63' lang='lat' dir='ltr'><strong>danem</strong></span> <span class='ocrx_word' id='word_1_258' title='bbox 519 4344 650 4403; x_wconf 76' lang='lat' dir='ltr'><strong>Rodullum,</strong></span> <span class='ocrx_word' id='word_1_259' title='bbox 665 4346 705 4407; x_wconf 83' lang='lat' dir='ltr'><strong>qui</strong></span> <span class='ocrx_word' id='word_1_260' title='bbox 719 4346 771 4393; x_wconf 86' lang='lat' dir='ltr'><strong>ueol</strong></span> <span class='ocrx_word' id='word_1_261' title='bbox 785 4344 918 4393; x_wconf 79' lang='lat' dir='ltr'><strong>ludaeorum</strong></span> <span class='ocrx_word' id='word_1_262' title='bbox 935 4346 1087 4393; x_wconf 71' lang='lat' dir='ltr'><strong>summust.</strong></span> 
     </span>
    </p>

    <p class='ocr_par' dir='ltr' id='par_1_8' title="bbox 324 4446 1485 4966">
     <span class='ocr_line' id='line_1_33' title="bbox 390 4446 1484 4522; baseline 0.002 -19"><span class='ocrx_word' id='word_1_263' title='bbox 390 4450 415 4504; x_wconf 93' lang='lat'><strong>1.</strong></span> <span class='ocrx_word' id='word_1_264' title='bbox 438 4450 536 4521; x_wconf 72' lang='lat' dir='ltr'><strong>ilieg.</strong></span> <span class='ocrx_word' id='word_1_265' title='bbox 549 4450 575 4521; x_wconf 82' lang='grc'><strong>3,</strong></span> <span class='ocrx_word' id='word_1_266' title='bbox 589 4450 613 4505; x_wconf 83' lang='grc'><strong>7.</strong></span> <span class='ocrx_word' id='word_1_267' title='bbox 702 4450 728 4505; x_wconf 77' lang='lat'><strong>2.</strong></span> <span class='ocrx_word' id='word_1_268' title='bbox 751 4448 942 4520; x_wconf 84' lang='lat' dir='ltr'><strong>liattlr.18,l.</strong></span> <span class='ocrx_word' id='word_1_269' title='bbox 1031 4450 1057 4505; x_wconf 83' lang='grc'><strong>3.</strong></span> <span class='ocrx_word' id='word_1_270' title='bbox 1081 4446 1242 4519; x_wconf 77' lang='lat' dir='ltr'><strong>liudolphus</strong></span> <span class='ocrx_word' id='word_1_271' title='bbox 1262 4448 1427 4522; x_wconf 56' lang='lat' dir='ltr'><strong>monaulum</strong></span> <span class='ocrx_word' id='word_1_272' title='bbox 1448 4449 1484 4505; x_wconf 90' lang='lat' dir='ltr'><strong>de</strong></span> 
     </span>
     <span class='ocr_line' id='line_1_34' title="bbox 324 4536 1484 4609; baseline 0.002 -18"><span class='ocrx_word' id='word_1_273' title='bbox 324 4548 374 4603; x_wconf 77' lang='lat' dir='ltr'><strong>quo</strong></span> <span class='ocrx_word' id='word_1_274' title='bbox 391 4552 418 4592; x_wconf 83' lang='lat' dir='ltr'><strong>v.</strong></span> <span class='ocrx_word' id='word_1_275' title='bbox 438 4536 546 4594; x_wconf 87' lang='lat' dir='ltr'><strong>Otionis</strong></span> <span class='ocrx_word' id='word_1_276' title='bbox 562 4538 679 4608; x_wconf 74' lang='lat' dir='ltr'><strong>Hn‘siug.</strong></span> <span class='ocrx_word' id='word_1_277' title='bbox 697 4536 733 4593; x_wconf 90' lang='lat' dir='ltr'><strong>do</strong></span> <span class='ocrx_word' id='word_1_278' title='bbox 756 4538 841 4608; x_wconf 75' lang='lat' dir='ltr'><strong>gestis</strong></span> <span class='ocrx_word' id='word_1_279' title='bbox 859 4536 1013 4593; x_wconf 79' lang='lat' dir='ltr'><strong>Priderioil</strong></span> <span class='ocrx_word' id='word_1_280' title='bbox 1031 4538 1090 4593; x_wconf 88' lang='lat' dir='ltr'><strong>L.I</strong></span> <span class='ocrx_word' id='word_1_281' title='bbox 1106 4553 1130 4593; x_wconf 83' lang='lat' dir='ltr'><strong>o</strong></span> <span class='ocrx_word' id='word_1_282' title='bbox 1143 4540 1188 4594; x_wconf 81' lang='grc'><strong>37.</strong></span> <span class='ocrx_word' id='word_1_283' title='bbox 1275 4539 1303 4594; x_wconf 82' lang='lat'><strong>4.</strong></span> <span class='ocrx_word' id='word_1_284' title='bbox 1325 4538 1484 4609; x_wconf 84' lang='lat' dir='ltr'><strong>Hieronymi</strong></span> 
     </span>
     <span class='ocr_line' id='line_1_35' title="bbox 324 4622 1485 4698; baseline 0.002 -19"><span class='ocrx_word' id='word_1_285' title='bbox 324 4622 379 4679; x_wconf 75' lang='lat' dir='ltr'><strong>llari</strong></span> <span class='ocrx_word' id='word_1_286' title='bbox 401 4630 497 4683; x_wconf 71' lang='lat' dir='ltr'><strong>oouna</strong></span> <span class='ocrx_word' id='word_1_287' title='bbox 513 4626 692 4698; x_wconf 75' lang='lat' dir='ltr'><strong>vigilantium</strong></span> <span class='ocrx_word' id='word_1_288' title='bbox 716 4628 823 4697; x_wconf 82' lang='lat' dir='ltr'><strong>ospiti</strong></span> <span class='ocrx_word' id='word_1_289' title='bbox 842 4628 921 4697; x_wconf 87' lang='lat' dir='ltr'><strong>(opp.</strong></span> <span class='ocrx_word' id='word_1_290' title='bbox 939 4626 983 4682; x_wconf 91' lang='lat' dir='ltr'><strong>ed.</strong></span> <span class='ocrx_word' id='word_1_291' title='bbox 1000 4627 1153 4685; x_wconf 81' lang='lat' dir='ltr'><strong>vallarsius</strong></span> <span class='ocrx_word' id='word_1_292' title='bbox 1169 4627 1197 4682; x_wconf 87' lang='lat'><strong>11</strong></span> <span class='ocrx_word' id='word_1_293' title='bbox 1212 4628 1296 4695; x_wconf 82' lang='lat'>401):</span> <span class='ocrx_word' id='word_1_294' title='bbox 1315 4625 1485 4698; x_wconf 81' lang='lat' dir='ltr'><strong>„lionaelus</strong></span> 
     </span>
     <span class='ocr_line' id='line_1_36' title="bbox 325 4714 1484 4788; baseline 0.002 -19"><span class='ocrx_word' id='word_1_295' title='bbox 325 4716 411 4769; x_wconf 77' lang='lat' dir='ltr'><strong>eutem</strong></span> <span class='ocrx_word' id='word_1_296' title='bbox 438 4730 492 4772; x_wconf 90' lang='lat' dir='ltr'><strong>non</strong></span> <span class='ocrx_word' id='word_1_297' title='bbox 517 4716 635 4773; x_wconf 86' lang='lat' dir='ltr'><strong>dootoris</strong></span> <span class='ocrx_word' id='word_1_298' title='bbox 657 4714 742 4771; x_wconf 87' lang='lat' dir='ltr'><strong>habet</strong></span> <span class='ocrx_word' id='word_1_299' title='bbox 764 4714 814 4771; x_wconf 87' lang='lat' dir='ltr'><strong>sod</strong></span> <span class='ocrx_word' id='word_1_300' title='bbox 837 4714 992 4785; x_wconf 75' lang='lat' dir='ltr'><strong>plangentis</strong></span> <span class='ocrx_word' id='word_1_301' title='bbox 1013 4714 1165 4772; x_wconf 82' lang='lat' dir='ltr'><strong>oifioium“.</strong></span> <span class='ocrx_word' id='word_1_302' title='bbox 1271 4715 1298 4771; x_wconf 80' lang='lat' dir='ltr'><strong>d.</strong></span> <span class='ocrx_word' id='word_1_303' title='bbox 1324 4714 1484 4788; x_wconf 85' lang='lat' dir='ltr'><strong>Hieronymi</strong></span> 
     </span>
     <span class='ocr_line' id='line_1_37' title="bbox 325 4803 1484 4877; baseline 0.002 -17"><span class='ocrx_word' id='word_1_304' title='bbox 325 4814 365 4871; x_wconf 75' lang='lat' dir='ltr'><strong>ep.</strong></span> <span class='ocrx_word' id='word_1_305' title='bbox 377 4803 429 4860; x_wconf 76' lang='lat'><strong>125</strong></span> <span class='ocrx_word' id='word_1_306' title='bbox 448 4804 484 4860; x_wconf 82' lang='lat' dir='ltr'><strong>ad</strong></span> <span class='ocrx_word' id='word_1_307' title='bbox 500 4804 643 4861; x_wconf 79' lang='lat' dir='ltr'><strong>Rusticum</strong></span> <span class='ocrx_word' id='word_1_308' title='bbox 656 4804 843 4876; x_wconf 80' lang='lat' dir='ltr'><strong>(opp.l931):</strong></span> <span class='ocrx_word' id='word_1_309' title='bbox 863 4804 948 4877; x_wconf 81' lang='lat' dir='ltr'><strong>nllilri</strong></span> <span class='ocrx_word' id='word_1_310' title='bbox 964 4804 1096 4877; x_wconf 88' lang='lat' dir='ltr'><strong>oppidum</strong></span> <span class='ocrx_word' id='word_1_311' title='bbox 1113 4818 1207 4861; x_wconf 66' lang='lat' dir='ltr'><strong>auser</strong></span> <span class='ocrx_word' id='word_1_312' title='bbox 1223 4809 1253 4861; x_wconf 87' lang='lat' dir='ltr'><strong>et</strong></span> <span class='ocrx_word' id='word_1_313' title='bbox 1269 4804 1388 4862; x_wconf 87' lang='lat' dir='ltr'><strong>solitudo</strong></span> <span class='ocrx_word' id='word_1_314' title='bbox 1403 4819 1484 4876; x_wconf 73' lang='lat' dir='ltr'><strong>pm·</strong></span> 
     </span>
     <span class='ocr_line' id='line_1_38' title="bbox 325 4888 1328 4966; baseline 0.004 -18"><span class='ocrx_word' id='word_1_315' title='bbox 325 4888 396 4948; x_wconf 88' lang='lat' dir='ltr'><strong>disus</strong></span> <span class='ocrx_word' id='word_1_316' title='bbox 413 4892 487 4950; x_wconf 78' lang='lat' dir='ltr'><strong>est“.</strong></span> <span class='ocrx_word' id='word_1_317' title='bbox 575 4896 601 4952; x_wconf 87' lang='grc'><strong>6.</strong></span> <span class='ocrx_word' id='word_1_318' title='bbox 623 4893 720 4953; x_wconf 85' lang='lat' dir='ltr'><strong>llattir.</strong></span> <span class='ocrx_word' id='word_1_319' title='bbox 732 4894 758 4966; x_wconf 77' lang='grc' dir='ltr'><strong>ὑ,</strong></span> <span class='ocrx_word' id='word_1_320' title='bbox 771 4894 814 4951; x_wconf 78' lang='lat'><strong>15.</strong></span> <span class='ocrx_word' id='word_1_321' title='bbox 1325 4891 1328 4895; x_wconf 72' lang='grc'><em>’</em></span> 
     </span>
    </p>
   </div>
   <div class='ocr_carea' id='block_1_4' title="bbox 0 0 2176 6034">
    <p class='ocr_par' dir='ltr' id='par_1_9' title="bbox 0 0 2176 6034">
     <span class='ocr_line' id='line_1_39' title="bbox 0 0 2176 6034; baseline 0 2"><span class='ocrx_word' id='word_1_322' title='bbox 0 0 2176 6034; x_wconf 95' lang='lat' dir='ltr'><strong> </strong></span> 
     </span>
    </p>
   </div>
  </div>
 </body>
</html>
