4342 6034
645 748 688 815 68
893 764 920 811 s.
937 762 1114 811 noumlrn
1134 764 1179 811 nu
1200 764 1303 813 nuum
1324 762 1511 811 nmeromn
1537 763 1568 809 14

485 906 739 974 719—722corda
761 906 902 972 virorum
924 902 1024 971 inficit
1045 904 1185 989 malitia,
1215 910 1248 971 ct
1274 905 1358 971 inter
1385 924 1494 971 omncs
1516 903 1659 972 homines
1681 906 1814 991 spargit,
1934 945 1935 960 κ

643 1022 782 1089 maxime
810 1042 868 1107 per
894 1022 1084 1087 monasticos
1114 1027 1147 1087 et
1179 1020 1406 1087 monachorum
1433 1020 1654 1104 contubernia3
1684 1026 1717 1087 ct
1743 1022 1814 1105 soit,

643 1138 718 1224 quia
739 1142 884 1224 potentes
907 1142 1052 1223 potenter
1074 1141 1232 1203 tormenta
1253 1131 1463 1222 patiuntur⁴¹.

730 1253 831 1336 Angit
851 1257 1016 1340 praeterea
1037 1258 1209 1339 paupertas
1231 1257 1264 1318 et
1284 1252 1420 1338 penuria
1445 1272 1553 1319 rerum
1579 1252 1814 1340 temporalium,

642 1375 675 1437 et
697 1370 844 1453 angustia
865 1370 993 1457 cespitis
1016 1369 1100 1435 ruris
1121 1368 1237 1449 nostri3
1262 1372 1294 1433 et
1307 1367 1467 1434 infestatio
1482 1368 1609 1453 regalis,
1633 1370 1709 1455 quia
1723 1390 1814 1437 accu-

642 1484 768 1553 samurb
785 1485 868 1572 apud
884 1505 956 1551 eum
973 1484 1011 1551 ab
1032 1485 1093 1569 his,
1116 1483 1207 1551 nobis
1223 1484 1277 1569 qui
1296 1483 1466 1567 invideut⁰,
1490 1490 1526 1551 ut
1541 1484 1670 1568 quidam
1685 1487 1814 1573 sapiens

642 1602 701 1669 ait:
735 1602 920 1669 Foacinote'o
950 1615 979 1668 ct
1005 1603 1130 1667 invidio
1159 1602 1305 1667 obscurat
1330 1601 1432 1666 multo
1459 1596 1567 1667 bonel
1658 1601 1815 1671 Similiter

640 1718 804 1785 servitium
828 1717 911 1801 regis
935 1721 967 1783 ct
988 1716 1134 1799 reginae,
1164 1715 1305 1801 episcopi
1332 1718 1364 1781 et
1389 1716 1543 1801 praefecti
1564 1722 1597 1783 et
1618 1724 1813 1804 potestatum

640 1838 672 1901 ct
694 1834 862 1915 comitum3
887 1852 967 1919 quae
990 1834 1098 1899 omnia
1118 1850 1304 1899 enumerare
1324 1830 1455 1915 longum
1470 1836 1528 1916 est,
1553 1837 1586 1899 et
1598 1833 1723 1901 facilius
1738 1854 1814 1923 pos·

638 1949 730 2015 suntd
753 1953 859 2015 mente
882 1948 1013 2014 tractari
1037 1967 1133 2033 quam
1155 1966 1309 2014 sermone.

726 2065 865 2131 Additur
888 2062 937 2129 hie
961 2063 1107 2129 omnibus
1129 2062 1265 2129 miseriis
1281 2062 1426 2129 amissio·
1450 2063 1623 2131 amisorum
1638 2070 1671 2132 et
1692 2068 1812 2135 contri·

638 2180 759 2247 bullum
786 2185 912 2246 caterva
935 2180 1184 2266 propinquorum
1207 2183 1239 2244 et
1260 2178 1579 2262 consanguineorum¹
1601 2180 1704 2248 turba
1739 2182 1811 2251 Non

637 2296 789 2363 habemus
811 2294 912 2361 filium
935 2316 1037 2381 neque
1058 2295 1206 2379 fratrem,
1235 2300 1361 2381 patrem
1383 2300 1438 2361 aut
1459 2301 1625 2381 patruum
1652 2298 1717 2365 nisi
1739 2305 1811 2367 tan·

636 2418 705 2479 tum
733 2412 860 2479 unicam
886 2409 1004 2495 filiam,
1034 2412 1161 2498 penitus
1190 2411 1392 2477 destitutam⁸
1421 2411 1566 2479 omuibus
1589 2413 1671 2479 caris
1693 2414 1729 2480 in
1750 2415 1811 2483 hoo

637 2526 778 2613 saeculo,
808 2533 935 2614 praeter
962 2548 1058 2593 unam
1086 2530 1211 2593 tautum
1241 2546 1381 2592 sororem
1404 2526 1471 2593 eius
1501 2532 1534 2593 et
1559 2533 1694 2595 matrem
1717 2530 1809 2599 raldo

636 2643 785 2729 vetrrlam,
809 2648 841 2709 et
860 2642 961 2709 filium
981 2642 1090 2709 fratris
1106 2662 1225 2725 earum,
1248 2646 1282 2709 et
1295 2641 1386 2707 illum
1400 2641 1492 2709 valde
1505 2642 1665 2711 infelicem
1678 2652 1809 2733 proptor

635 2760 736 2847 ipsius
764 2759 899 2827 montis'²
922 2764 955 2825 et
977 2759 1051 2844 quia
1073 2778 1131 2825 rex
1152 2762 1260 2824 noster
1282 2759 1350 2825 eius
1371 2763 1497 2841 gentem
1519 2758 1656 2827 multum
1678 2780 1809 2829 exosam

635 2876 739 2943 habet.
755 2874 811 2942 ‘Et
825 2875 931 2941 nullm
955 2880 1003 2941 est
1018 2874 1110 2959 alius,
1126 2874 1180 2959 qui
1193 2880 1302 2941 noster
1315 2874 1358 2941 sit
1371 2875 1585 2958 necessarium
1601 2876 1657 2943 sod
1673 2877 1809 2947 dirersis

635 2993 758 3061 casibus
780 2990 944 3059 transtulit
965 2991 1036 3057 illos
1059 2989 1156 3056 Deus.
1201 2990 1268 3057 Alii
1296 2989 1442 3059 obierunt
1467 2984 1507 3057 in'
1530 2992 1633 3077 patrio
1662 2993 1747 3077 solo;
1776 3002 1809 3063 et

634 3130 768 3197 corpora
790 3128 900 3176 eorum
921 3108 955 3172 in
978 3112 1082 3173 terrae
1104 3105 1235 3193 pulvere
1256 3106 1420 3192 squalente
1446 3108 1664 3194 requiescunt,
1691 3110 1809 3179 iterum

633 3230 850 3293 resurrectura
871 3224 906 3289 in
928 3222 980 3289 die
1001 3222 1213 3307 necessitatis,
1244 3224 1369 3308 quando
1397 3222 1505 3289 herilis
1532 3223 1610 3291 tuba
1637 3232 1809 3315 concrepat

635 3345 667 3409 et
694 3340 797 3408 omne¹
826 3339 999 3405 humanum
1027 3358 1127 3422 genus
1155 3338 1232 3405 atris
1260 3338 1399 3406 tumbisl
1427 3340 1615 3425 emergcritl
1649 3342 1807 3411 rationem

634 3456 812 3541 redditura,
842 3460 874 3522 et
901 3454 1033 3541 spiritus
1056 3474 1181 3540 eorum,
1209 3455 1359 3539 angelicis
1389 3454 1473 3521 uluis
1496 3456 1611 3541 evecti,
1641 3460 1807 3543 regnaturi

634 3593 706 3641 cum
721 3570 862 3653 Christ03
886 3570 941 3638 ubi
964 3570 1067 3637 omnis
1090 3569 1179 3637 dolor
1201 3570 1326 3638 deficiet
1339 3571 1506 3638 etinvidia
1520 3572 1646 3640 fatescit
1659 3578 1692 3641 et
1705 3574 1809 3659 lugiet

634 3690 723 3756 dolor
745 3694 777 3757 et
797 3688 933 3773 gemitus
957 3708 976 3754 a
998 3686 1078 3753 facie
1102 3692 1292 3755 sanctorum.
1328 3686 1390 3753 Ast
1411 3687 1467 3753 alii
1488 3688 1594 3775 patria
1614 3688 1710 3757 litora
1731 3691 1807 3759 reli·

633 3810 768 3893 querunt
790 3809 822 3871 et
844 3803 1006 3890 aequoreis
1029 3805 1150 3891 campis
1172 3824 1206 3871 se
1229 3804 1431 3871 crediderunt
1458 3808 1492 3872 et
1519 3810 1701 3873 sanctorum
1722 3809 1807 3894 peti·

631 3942 706 3991 rere
728 3919 939 4008 apostoloram
963 3920 1075 3987 limina
1097 3919 1185 3987 Petri
1206 3924 1240 3988 ct
1253 3918 1346 3987 Pauli
1367 3924 1400 3988 et
1421 3919 1594 3988 multorum
1616 3928 1805 4009 martyrum,

632 4038 790 4122 virginum
831 4042 925 4122 atque
962 4037 1195 4121 consessorum,
1230 4056 1363 4121 quorum
1402 4058 1566 4106 numerum
1610 4042 1644 4106 et
1674 4040 1808 4108 nomino

632 4152 719 4220 Deus
743 4152 811 4219 scit

721 4268 783 4336 Pro
805 4268 855 4335 his
878 4270 1024 4336 omuibus
1053 4275 1085 4337 et
1113 4268 1330 4337 huiuscemodi
1352 4271 1472 4355 causis,
1500 4290 1562 4356 que
1589 4270 1644 4337 rix
1666 4292 1730 4339 uno
1752 4272 1806 4339 die

704 4460 726 4493 a.
745 4448 853 4507 petuntur
868 4450 923 4495 MC.
1001 4446 1024 4493 b.
1045 4458 1191 4493 accusamus
1206 4448 1265 4496 MV.
1342 4460 1362 4494 u
1382 4448 1422 4507 qui
1436 4446 1540 4495 inrident
1554 4464 1598 4495 aaa
1615 4451 1653 4504 ΙΙ,
1669 4450 1756 4495 lacuna
1771 4468 1805 4495 η-

631 4530 697 4575 lasa.
767 4527 790 4574 d.
810 4530 908 4588 possm
923 4544 965 4574 om.
983 4530 1017 4583 M,
1033 4528 1114 4573 relicto
1129 4528 1223 4575 lacuna.
1293 4542 1314 4574 o.
1329 4531 1364 4575 sie
1379 4529 1448 4577 coda
1463 4546 1506 4589 pro
1522 4528 1613 4575 amisum
1674 4528 1805 4575 iconum·

630 4608 723 4668 gainam
740 4611 774 4663 M,
792 4625 848 4654 corr.
864 4610 887 4655 in
904 4607 1121 4665 consanguineorum
1138 4610 1171 4666 c,-
1189 4609 1376 4667 consanguinium
1393 4609 1421 4656 V.
1498 4621 1521 4667 g.
1540 4608 1663 4657 desfitmm
1679 4611 1715 4663 M,
1730 4608 1804 4657 duti-

629 4690 705 4736 tutum
722 4688 749 4735 V.
832 4687 856 4734 h.
878 4686 965 4735 meritis
983 4687 1011 4736 V.
1094 4688 1111 4734 i.
1130 4701 1197 4736 omna
1212 4706 1257 4735 om.
1273 4691 1329 4737 MC·
1405 4686 1429 4735 k.
1448 4688 1541 4735 umbus
1556 4692 1592 4737 Μ.
1669 4687 1685 4735 l
1706 4704 1764 4737 ωπ.
1780 4692 1804 4735 ia

630 4767 748 4816 emerserit
764 4770 789 4816 C.

703 4874 727 4929 1.
751 4870 815 4941 Sap.
829 4872 854 4941 6,
868 4873 893 4927 7.
983 4874 1008 4927 2.
1034 4870 1075 4928 Cf.
1095 4870 1160 4943 Sap.
1172 4873 1199 4942 4,
1213 4874 1255 4929 12.
