4342 6034
743 782 861 831 anemo
883 782 911 829 s.
927 782 1103 831 nonmnnn
1439 760 1505 831 479

350 920 461 989 clericis
488 922 555 988 sive
580 854 670 989 laidis
697 928 788 990 oaute
810 929 920 989 eontra
940 923 1073 989 insidias
1097 922 1348 989 advenormrum
1370 922 1504 1007 vigilan-
1525 930 1577 987 tto

348 1036 439 1120 tibus,
466 1042 558 1103 noete
584 1038 695 1103 eadem
722 1037 778 1103 lux
805 1038 846 1105 de
867 1038 934 1105 eolo
956 1037 1208 1120 aeternandum,
1230 1038 1263 1103 in
1288 1056 1349 1123 quo
1371 1038 1421 1104 v'ir
1443 1038 1505 1105 Dei

347 1156 461 1235 maus·
482 1151 550 1219 Deo
579 1156 648 1219 tota
673 1159 767 1220 noete
795 1154 994 1239 persolvebat
1019 1153 1145 1236 laudes,
1181 1154 1310 1220 emicuit
1338 1160 1370 1220 et
1397 1154 1443 1220 sie
1470 1155 1503 1220 in

347 1268 489 1333 maiorem
509 1261 635 1355 partem
657 1268 721 1346 diei
741 1269 984 1355 perseuerauit*⁰
1018 1268 1237 1335 Illueesoente·
1253 1269 1350 1352 igitur
1365 1268 1426 1352 die,
1449 1289 1504 1337 ex·
1522 1290 1592 1337 nno

345 1382 521 1451 hortabatur
541 1404 616 1451 suos
637 1384 760 1451 dicens:
792 1386 862 1452 Viri
873 1386 1013 1471 fratrea,
1034 1387 1140 1472 fortes
1164 1398 1257 1452 estote
1278 1388 1403 1461 animae
1426 1404 1503 1471 qua·

344 1503 439 1582 mnus,
462 1499 586 1585 qnando
601 1500 657 1565 diu
671 1505 782 1587 optata
793 1500 861 1567 dies
876 1502 1008 1585 ueniret,
1032 1502 1136 1587 parati
1152 1506 1265 1567 essent
1299 1499 1366 1566 Nee
1380 1501 1503 1582 mora⁶3

343 1614 528 1681 irruentibus
550 1616 717 1683 eontrariis
739 1622 772 1682 et
789 1616 854 1703 ipsi
867 1614 1068 1683 interdicenti
1082 1616 1210 1699 bellum,
1234 1614 1426 1702 Hyltibrant,
1450 1616 1505 1701 qui

344 1749 394 1797 sne
414 1750 524 1797 mense
545 1732 690 1799 minister
712 1740 796 1815 erat,
820 1732 1047 1799 semiealtiatne
1070 1752 1104 1798 se
1126 1734 1160 1797 in
1182 1750 1308 1819 pessum
1332 1730 1427 1797 dedit.
1462 1730 1506 1799 Et

342 1852 409 1932 post
430 1866 502 1913 eum
523 1848 622 1914 irater
644 1849 713 1915 eius
727 1846 890 1914 Hahmunt
911 1848 1081 1933 dyaconus,
1104 1848 1212 1913 statim
1227 1852 1263 1913 ut
1278 1866 1421 1931 egressus
1436 1847 1504 1913 fue-

342 1968 389 2027 rat
407 1982 425 2029 e
446 1963 599 2047 tentorio,
629 1963 783 2031 occubuit
817 1963 940 2031 Deinde
962 1964 1018 2029 elii
1039 1969 1134 2048 atque
1157 1962 1228 2046 alii,
1256 1962 1338 2029 siout
1362 1962 1505 2049 hystorie

341 2078 492 2161 passionis
519 2078 586 2145 eins
613 2084 732 2145 namet
777 2079 829 2145 Ad
852 2085 1028 2146 extremum
1049 2081 1119 2165 ipse
1142 2080 1321 2165 episeopus,
1351 2078 1504 2165 martyrio

341 2198 517 2277 coronatus,
545 2195 675 2281 proprio
706 2196 858 2280 sangnine
884 2196 1022 2278 intusum
1052 2194 1168 2281 palmis
1192 2194 1232 2261 ad
1254 2193 1356 2261 uelum
1380 2194 1503 2277 erectis,

340 2307 421 2375 obiit
514 2308 700 2397 Statimque,
722 2312 757 2376 in
778 2311 848 2397 ipso
870 2316 1012 2398 tempore
1034 2316 1071 2376 ut
1087 2314 1214 2377 sanetus
1231 2309 1279 2375 vir
1294 2330 1351 2397 pro
1366 2306 1503 2377 Domino

340 2442 428 2491 earne
455 2425 617 2511 occubuit,
646 2426 856 2493 Traieotensis
884 2426 1014 2493 eoelesie
1042 2426 1149 2494 elerici
1177 2446 1248 2493 oum
1275 2444 1331 2492 suo
1355 2425 1502 2513 episeopo

339 2546 509 2627 rapuerunt
530 2548 674 2607 sanetum
697 2562 825 2629 eorpus,
855 2548 887 2609 et
909 2543 1074 2609 voluerunt
1095 2541 1175 2609 illud
1197 2542 1323 2609 omnino
1347 2542 1430 2629 apud
1453 2550 1504 2607 se·

339 2656 479 2724 retinere.
515 2656 603 2735 Quod
626 2678 698 2724 oum
716 2656 778 2725 Lol
800 2664 995 2745 compertum
1016 2658 1189 2742 habuisset,
1212 2664 1401 2743 congregata
1422 2656 1503 2725 mul·

338 2770 467 2839 titudine
491 2772 716 2859 oryentanum,
744 2774 970 2841 venerabilium
992 2774 1149 2857 virorum,
1172 2772 1371 2857 elericorum,
1394 2794 1503 2839 mona-

339 2886 475 2973 chornm,
500 2889 656 2974 simulque
678 2895 710 2956 et
730 2888 893 2975 laieorum,
917 2890 1059 2957 eondiuto
1081 2888 1199 2955 ieiunio
1223 2909 1292 2955 oum
1317 2888 1502 2975 psalmodiis

339 3008 368 3069 et
389 3004 600 3089 orationibus,
629 3009 836 3091 perrexerunt
858 3012 891 3071 et
912 3025 984 3071 oum
1006 3005 1039 3070 vi
1061 3010 1206 3071 sanetum
1228 3024 1341 3091 eorpus
1365 3004 1502 3071 abstule-

338 3126 422 3202 rnnt3
452 3118 686 3207 honorifioeqne
712 3120 752 3187 ad
779 3118 972 3205 Mogontium
1000 3120 1161 3187 trieesimo
1187 3120 1345 3207 ¹passionis
1374 3120 1425 3187 die
1453 3124 1502 3189 tu·
1520 3138 1584 3187 mne

337 3234 447 3303 luunt

357 3440 461 3520 Quod
484 3440 648 3508 vulnera
676 3443 762 3509 eins
790 3440 902 3525 quasi
929 3440 1106 3507 recentia
1134 3440 1477 3523 sanguinaverunt.

421 3583 566 3669 Cumque
591 3602 705 3670 eorpus
731 3584 793 3650 viri
819 3582 880 3651 Dei
909 3605 949 3650 ex
975 3604 1063 3649 more
1090 3580 1230 3666 lavatur,
1259 3582 1349 3668 quasi
1377 3584 1501 3650 noviter

336 3696 417 3767 tauta
435 3699 571 3766 vulnera
593 3698 659 3765 eius
681 3700 867 3783 sanguinem
888 3700 1104 3787 profuderunt
1140 3696 1203 3765 Sed
1225 3702 1257 3764 et
1276 3696 1385 3765 Lullue
1408 3694 1503 3765 letia¹

336 3814 368 3880 in
386 3822 563 3883 testaceum
584 3835 640 3881 vas
662 3815 827 3883 oollooavit
848 3820 880 3883 et
902 3816 960 3882 sub
981 3819 1068 3882 terra
1089 3814 1169 3880 fodit
1190 3815 1225 3880 in
1246 3812 1325 3899 loeo,
1348 3814 1502 3882 obinunt

337 3933 434 3999 saneti
455 3930 609 3998 Bonifatii
629 3930 761 3998 eeeiesia
781 3936 967 4008 eoustruota
982 3934 1099 4014 manet,
1123 3950 1142 3996 a
1164 3934 1386 4017 septentryone
1404 3931 1501 3999 eoele-

337 4046 414 4131 siae‚
443 4067 505 4133 que
532 4047 713 4113 nominatur
740 4047 960 4134 baptisterium
987 4046 1149 4128 Iohannis3
1178 4046 1213 4112 in
1240 4064 1422 4133 quousque
1444 4046 1500 4115 ho·

337 4161 395 4246 die,
417 4168 455 4231 ut
475 4162 592 4247 ferunt,
614 4162 803 4230 vestimenta
824 4162 858 4229 in
881 4162 994 4249 quibus
1015 4182 1129 4249 passus
1153 4166 1201 4229 eet
1222 4160 1257 4228 in
1280 4154 1375 4229 erohe
1396 4161 1501 4247 lignea

336 4278 446 4345 meent
492 4278 529 4345 In
551 4278 661 4345 eadem
682 4279 800 4365 quippe
821 4278 958 4362 civitate,
982 4283 1018 4344 nt
1040 4278 1144 4345 aeeole
1165 4276 1250 4343 illius
1274 4284 1403 4364 putant,
1426 4299 1501 4345 nns-

337 4412 429 4479 qnam
450 4396 592 4482 exeeptis
609 4398 785 4482 martyrum
805 4392 999 4481 torporibus,
1021 4398 1086 4461 tam
1108 4413 1223 4477 magna
1238 4394 1388 4460 sanctitas
1404 4393 1502 4460 oleret

338 4514 372 4576 ot
395 4512 430 4577 in
452 4510 636 4598 supradicta
658 4510 798 4577 ecelesia.
833 4508 926 4577 Multi
949 4508 1066 4577 etenim
1087 4512 1164 4575 tune
1185 4510 1288 4594 fuere,
1318 4508 1372 4595 qui
1395 4510 1501 4595 oupie-

406 4692 560 4749 agnteee.
671 4688 877 4751 tupemavitc.
986 4687 1223 4735 alltmoeaoentee.
1333 4686 1500 4735 dmsiurar.

340 4769 686 4817 sumamus-ees.

407 4874 432 4929 1.
456 4889 565 4945 aquam,
583 4889 639 4944 qna
655 4887 755 4943 eorpus
771 4870 893 4929 lavatum
910 4874 978 4927 erat
