4342 6034
793 1656 1159 1756 PROOEMIUM.

385 2067 625 2176 Statuentam
665 2124 723 2176 me
758 2100 929 2177 Bonifatii
963 2099 1131 2199 Lullique
1167 2100 1339 2201 epistolas
1371 2127 1444 2179 una
1477 2128 1559 2180 oum

384 2244 539 2342 reliquis
580 2244 656 2319 fore
700 2244 866 2320 omnibus
905 2245 1148 2321 monumentis
1189 2244 1235 2320 ad
1274 2246 1560 2323 eeclesiasticam

386 2386 606 2463 Germaniae
634 2392 743 2487 eaput
770 2358 1015 2487 speetantibus
1035 2388 1120 2463 huio
1138 2389 1245 2464 tertio
1263 2388 1439 2468 volumini
1457 2413 1558 2465 man-
1696 2406 1700 2413 '

387 2530 476 2605 dare
512 2530 675 2628 quamvis
707 2530 855 2605 minimo
881 2530 1029 2627 fugerit,
1063 2554 1185 2605 rerum
1212 2532 1379 2626 gravitati
1403 2534 1560 2610 maxime

387 2674 435 2749 ob
464 2672 706 2749 subsidiorum
734 2672 1018 2749 adhibendorum
1046 2680 1082 2748 et
1108 2672 1372 2751 multitudinem
1399 2682 1436 2754 et
1452 2676 1557 2751 dissi·

386 2816 574 2917 pationem
607 2838 844 2915 responsuros
880 2838 960 2891 esse
993 2816 1127 2891 laboris
1162 2816 1404 2910 difficultates,
1438 2825 1558 2895 omen

385 2958 644 3036 florentissima
669 2960 738 3035 hoo
766 2965 929 3059 tompore
957 2960 1205 3035 universarum
1231 2983 1349 3059 paene
1366 2960 1557 3038 bibliothe-

389 3127 514 3180 oarum
536 3102 748 3178 liberalitate
768 3102 924 3179 confisus
943 3126 1031 3177 sum.
1075 3101 1202 3201 Neque
1221 3126 1324 3203 spem
1341 3127 1468 3197 meam,
1496 3106 1559 3204 qui

388 3246 545 3347 puhlicis
578 3244 751 3322 librorum
779 3246 894 3346 oopiis
921 3253 1108 3346 praesunt,
1143 3252 1296 3347 excepta
1321 3270 1394 3323 una
1420 3248 1557 3347 asperi-

389 3396 462 3465 tate
499 3388 669 3481 obsoura,
704 3389 918 3465 fefellerunt.
966 3388 1047 3465 Non
1082 3390 1180 3465 enim
1212 3389 1320 3466 modo
1352 3391 1390 3465 in
1418 3391 1557 3468 duobus

392 3556 567 3609 annorum
590 3538 688 3609 1863
719 3538 879 3609 et1865
908 3530 1097 3607 itineribus
1125 3531 1170 3607 ad
1198 3531 1340 3609 divitias
1365 3533 1556 3611 bibliothe-

393 3700 513 3753 oarum
547 3676 877 3769 Bruxellensis,
914 3675 949 3753 S.
972 3674 1129 3751 Orobis
1160 3699 1277 3775 prope
1295 3674 1557 3771 vindobonam,

390 3819 806 3911 Franoolurtonsis,
850 3818 885 3895 S.
914 3817 1049 3910 Galli,
1093 3816 1395 3911 Monacensis,
1431 3818 1556 3895 Pom-

389 3961 728 4039 mersfeldensis
757 3961 891 4037 aditum
917 3960 1126 4037 facillimum
1146 3960 1267 4053 habui,
1294 3962 1556 4053 verumetiam,

392 4107 454 4206 qui
484 4106 567 4181 libri
599 4128 707 4181 manu
736 4105 861 4205 seripti
888 4105 1090 4201 longiorem
1116 4104 1348 4202 requirebant
1373 4106 1555 4181 hastatis·

391 4271 484 4341 nem,
514 4272 577 4325 eos
600 4250 638 4324 in
656 4270 781 4325 museo
800 4271 882 4324 meo
900 4248 1129 4324 Berolinensi
1148 4247 1416 4347 expeditissime
1434 4248 1557 4345 legare
1637 4237 1640 4241 ⁵

391 4392 501 4469 licuit.
545 4390 636 4469 Nam
670 4392 828 4488 benigno
865 4415 1084 4467 summorum
1120 4391 1224 4487 regni
1257 4390 1371 4466 nostri
1405 4390 1556 4467 admini-

393 4542 546 4613 strorum
580 4536 783 4611 interuentu
810 4535 960 4635 pretiosi
988 4534 1071 4609 libri
1098 4534 1397 4610 bibliothecarum
1425 4534 1555 4611 Gaesa-

393 4702 476 4755 reae
509 4678 881 4755 Vindobonensis
923 4686 959 4753 et
993 4677 1336 4753 Garlsruhensis
1377 4679 1558 4777 apportati

394 4828 491 4915 sunt,
528 4828 565 4897 ot
598 4826 785 4921 praeterea
818 4844 962 4921 quoque
995 4821 1065 4895 viri
1099 4820 1347 4896 humanissimi
1373 4820 1556 4897 mittendis
