4342 6034
622 756 648 803 s.
666 756 843 804 nosmrrn
864 757 909 803 nn
930 756 1034 805 nunni
1056 756 1245 804 nemnonrn
1268 758 1298 803 ro
1481 740 1548 807 207

369 895 472 963 solum
505 916 570 963 non
601 902 737 981 arguunt
765 898 823 967 seo
850 898 946 965 etism
974 904 1175 965 venerentur.
1216 897 1260 964 Et
1285 896 1356 964 ideo
1383 898 1550 966 minaciter
1611 908 1671 993 748,

368 1012 554 1098 superbiam
582 1014 695 1079 talium
724 1034 827 1081 sermo
857 1014 984 1081 divinus
1013 1014 1180 1080 contundit
1201 1014 1324 1081 dicens:
1355 1015 1419 1081 Vae
1438 1030 1549 1101 poeto-
1565 981 1711 1041 mm

366 1130 456 1193 ribus
480 1129 607 1194 Ierolsel
614 1125 631 1194 ¹.
666 1128 710 1195 Et
737 1130 871 1197 iterum:
901 1132 1077 1218 Propterea
1104 1142 1263 1217 pastores,
1294 1133 1402 1197 aucte
1421 1133 1549 1197 oerbcm

365 1244 514 1311 Domini.
550 1244 639 1311 Haeo
666 1248 744 1312 dicit
766 1247 943 1313 Dominus:
974 1247 1084 1326 ,Ecce
1113 1268 1168 1332 eqo
1196 1249 1267 1333 ipse
1288 1268 1384 1333 super
1402 1261 1548 1334 pastores

364 1364 532 1447 requiram
552 1384 679 1448 qroyem
700 1384 803 1427 rreum
825 1365 864 1429 do
885 1384 983 1429 morere
1006 1384 1125 1443 eorum,
1149 1376 1178 1428 et
1199 1384 1321 1428 cessuro
1344 1385 1394 1428 eos
1408 1364 1547 1448 saccom,

365 1490 400 1543 ot
419 1478 514 1543 ultro
535 1498 600 1545 rore
621 1492 757 1565 posceret
776 1500 903 1565 oreqem
924 1492 1132 1565 crepuerunt
1144 1479 1283 1565 amplius
1297 1492 1392 1545 sonet
1405 1475 1546 1565 ipsoe“¹.

365 1590 458 1670 Quod
483 1592 559 1677 qnid
582 1598 632 1659 est
654 1592 750 1677 uliud,
774 1614 885 1680 quom:
909 1596 1069 1674 Pastoree,
1096 1598 1155 1680 qui
1174 1607 1268 1661 secret
1287 1598 1376 1681 ipsos
1395 1618 1460 1661 ooo
1473 1617 1547 1681 ore·

363 1732 416 1797 qee
439 1723 591 1797 procuret,
615 1709 654 1775 cte
675 1712 865 1777 subtimitate
887 1711 1016 1777 tortoris
1038 1713 1122 1775 ictor
1142 1712 1293 1797 reprobos
1309 1724 1338 1776 et
1352 1712 1547 1777 intermule-

364 1828 468 1892 dictos
492 1826 676 1913 proiceret
708 1825 760 1891 Ad
786 1825 865 1893 hoec
894 1825 1001 1891 omnis
1028 1826 1098 1911 quis
1122 1846 1187 1891 non
1208 1825 1438 1910 intremescot·,
1465 1826 1547 1892 nisil

365 1942 418 2027 qui
449 1940 561 2007 futuro
587 1961 653 2009 non
680 1942 789 2009 crodit.
836 1940 978 2026 Omnie⁸,
1009 1960 1090 2027 quoe
1120 1940 1207 2008 Deus
1235 1940 1337 2007 voluit
1367 1941 1545 2026 observare,

364 2062 431 2124 inm
457 2056 589 2144 opertel
611 2057 733 2143 posuit,
757 2058 808 2124 sui
829 2058 968 2124 nominis
991 2058 1180 2125 auctoritate
1201 2056 1355 2141 firmavit,
1378 2062 1415 2123 nt
1437 2078 1475 2124 ea
1497 2058 1546 2123 fe-

365 2173 459 2240 cilius
484 2209 525 2219 -
553 2172 635 2259 quod
663 2172 750 2239 dictu
777 2192 901 2259 quoque
928 2174 1016 2241 nefas
1040 2179 1090 2240 est
1111 2210 1153 2219 -
1177 2179 1417 2241 contemnamus
1439 2193 1544 2257 quem,

366 2310 424 2356 nos
450 2308 518 2355 non
540 2288 724 2372 intellegere
746 2294 812 2357 tem
836 2296 948 2377 aperte
970 2296 1003 2357 et
1025 2290 1143 2375 divine,
1166 2291 1356 2357 mentientes
1377 2288 1543 2373 tingamus.

365 2405 502 2485 Quando
526 2406 702 2472 eudimus:
727 2407 816 2473 Haec
832 2410 910 2474 dicit
924 2406 1039 2488 Derre‘,
1065 2406 1136 2491 quis
1154 2406 1297 2473 futurum
1313 2426 1463 2473 essenon
1477 2425 1545 2472 cre-

365 2522 437 2607 dut,
463 2522 550 2608 qnod
573 2521 651 2589 dicit
672 2522 777 2607 Deus,
806 2524 870 2589 nisi
892 2524 947 2609 qui
970 2522 1037 2591 Deo
1060 2542 1125 2589 non
1148 2523 1268 2590 eredit?
1295 2522 1418 2589 Horum
1440 2527 1474 2589 ot
1494 2522 1545 2588 his

365 2638 522 2705 similium
545 2636 796 2705 consideratione
818 2640 1006 2725 perterritus
1030 2658 1117 2722 sum,
1142 2642 1174 2705 et
1193 2639 1290 2705 timor
1312 2644 1345 2705 et
1357 2644 1478 2705 tremor
1491 2658 1545 2705 vs-

365 2760 487 2823 nernnt
513 2774 609 2841 super
636 2774 703 2839 mo,
738 2759 770 2821 et
799 2774 880 2841 pene
909 2760 1119 2823 contexerunt
1144 2775 1197 2821 me
1225 2761 1429 2841 pcccatorum
1456 2774 1544 2822 meo·

365 2892 439 2938 rum
473 2870 625 2939 tenebrae
635 2865 657 2955 ⁸,
692 2876 725 2937 et
752 2871 850 2939 semel
884 2877 1066 2959 susceptum
1101 2870 1365 2955 gubernaculum
1394 2871 1545 2938 ecclesiae

366 2987 516 3055 libuisset
536 2986 727 3074 placuissetll
742 2986 821 3053 mihi
839 2988 966 3055 omnino
982 2988 1152 3072 dimittere,
1174 2988 1204 3053 si
1217 2986 1358 3053 valerem
1371 2986 1423 3053 vel
1439 3008 1546 3053 exem-

367 3104 423 3192 plu
451 3103 655 3191 patrumve]
678 3103 851 3190 scripturus
874 3123 980 3171 scores
1001 3110 1229 3171 consentaneus
1251 3104 1449 3169 invenirent
1495 3102 1546 3169 ld-

367 3221 469 3305 circo,
493 3220 591 3287 ieter
614 3220 794 3305 serissime,
819 3218 912 3305 quio¹¹
934 3220 1012 3288 hoec
1034 3220 1141 3287 omniu
1161 3222 1209 3287 ite
1230 3240 1265 3286 se
1287 3219 1414 3303 habent,
1438 3224 1471 3286 et
1491 3240 1545 3287 re-

367 3338 449 3404 ritns
476 3337 606 3421 setigeri
631 3340 738 3423 potest
765 3336 849 3402 vinci
878 3341 983 3404 cutem
1012 3341 1045 3403 et
1071 3336 1141 3403 felli
1169 3356 1235 3403 non
1262 3340 1383 3423 potest,
1410 3336 1546 3420 fatigato

369 3474 462 3521 mens
484 3458 594 3521 nostro
609 3452 770 3536 confugiat
785 3452 838 3517 ed'
852 3452 953 3537 illum,
978 3454 1032 3539 qui
1046 3472 1106 3540 per
1121 3451 1321 3519 Salomonem
1337 3452 1430 3519 dicit:
1453 3452 1546 3519 Habe

362 3574 520 3656 fiduciam
541 3574 577 3636 in
599 3571 741 3635 Domino
765 3592 803 3636 oc
825 3582 888 3637 toto
912 3573 1005 3637 corde
1027 3584 1091 3651 cco,
1122 3582 1152 3635 et
1171 3593 1212 3635 ree
1232 3573 1383 3636 irritares
1401 3572 1545 3656 muden-

370 3692 436 3753 tice
457 3700 537 3753 tome.
584 3686 625 3751 Ire
654 3688 796 3753 omnibus
825 3689 886 3751 ciis
915 3690 976 3753 cco
1006 3690 1111 3775 eoqe'to
1139 3687 1247 3767 illum,
1278 3700 1308 3751 et
1333 3689 1403 3773 ipse
1431 3688 1547 3772 cotye

369 3826 495 3890 ¹crescere
518 3798 624 3881 tcos⁴3
654 3808 687 3868 ct
716 3802 808 3869 alibi:
845 3802 959 3869 Turris
973 3804 1159 3889 fortissimo
1186 3824 1299 3868 nornen
1321 3803 1474 3879 Domici3
1503 3806 1547 3870 od

372 3924 477 4007 ipsam
498 3918 642 4007 conjecit
660 3923 771 4002 iustus,
796 3934 825 3987 et
839 3916 1041 3986 sulcabitur-⁵.
1077 3918 1204 3986 Stemus
1218 3919 1253 3984 in
1268 3918 1392 3985 iustitie
1406 3922 1438 3984 ot
1451 3938 1546 4005 prce-

373 4056 520 4122 pnremus
542 4036 665 4103 enimus
687 4040 813 4102 nostres
837 4036 877 4103 ed
904 4036 1160 4123 temptationem,
1188 4040 1225 4101 ut
1251 4034 1464 4101 sustineamus
1494 4056 1546 4101 sn·

376 4154 596 4219 stentetionem
619 4152 696 4237 Dei,
728 4157 760 4219 et
788 4152 929 4219 dicemus
953 4154 999 4219 si:
1028 4154 1183 4234 Domine,
1207 4152 1366 4239 refectum
1379 4153 1493 4237 fuctus
1515 4174 1546 4218 ee

375 4270 463 4335 soors
484 4296 505 4336 o
524 4273 725 4356 ommatium
748 4283 776 4335 et
796 4264 974 4357 prouocet
1020 4267 1222 4335 Confidemus
1243 4268 1278 4333 in
1300 4288 1389 4351 eum,
1413 4268 1468 4352 qni
1489 4287 1547 4334 no·

376 4383 426 4450 bis
446 4406 522 4452 onus
544 4386 695 4472 inposuit.
741 4384 831 4464 Quod
853 4405 910 4473 per
933 4404 990 4452 nos
1013 4388 1141 4473 portare
1162 4404 1227 4450 non
1254 4402 1441 4471 possumus,
1469 4404 1546 4469 por-

447 4542 467 4574 s.
486 4530 609 4575 tremesffl
624 4530 660 4583 M,
674 4529 715 4588 Sp.
807 4527 831 4574 b.
850 4528 887 4575 nis
903 4531 938 4574 M.
1031 4540 1052 4574 c.
1073 4527 1116 4575 sed
1131 4527 1208 4574 omnis
1220 4530 1262 4587 Sp.
1347 4525 1370 4572 d.
1391 4527 1471 4585 specte
1487 4526 1545 4573 MV.

380 4620 401 4651 e.
419 4607 540 4655 adivimus
556 4610 592 4655 Μ.
654 4608 671 4654 i.
691 4607 797 4655 doninus
813 4610 840 4656 C.
901 4620 923 4666 g.
939 4607 1003 4654 nnsis
1019 4611 1120 4669 ποιμνίων
1136 4624 1175 4667 cp.
1189 4610 1230 4667 Sp.
1293 4606 1317 4653 h.
1331 4605 1502 4665 pneumatum
1518 4608 1545 4659 C,

379 4686 491 4744 pliorissst
508 4690 536 4745 7,
553 4688 574 4735 si
589 4686 693 4734 licuisset
708 4688 748 4748 Sp.
826 4688 841 4733 i.
862 4688 963 4735 invenire
981 4688 1009 4744 V,
1026 4690 1066 4749 Sp.
1143 4686 1168 4733 k.
1189 4698 1247 4746 quse
1264 4685 1292 4732 V.
1370 4684 1386 4731 l.
1408 4684 1437 4731 ub
1454 4688 1489 4731 Μ.

448 4786 471 4839 1.
490 4782 589 4839 Erech.
602 4783 646 4853 34,
655 4784 681 4838 2.
753 4784 779 4838 2.
798 4782 898 4838 Erech.
912 4784 954 4853 34,
968 4784 992 4837 9.
1006 4785 1046 4837 10.
1119 4784 1146 4836 3.
1164 4781 1198 4837 V.
1211 4781 1256 4835 Ps.
1269 4781 1312 4848 54,
1322 4781 1348 4835 6.
1419 4781 1445 4835 4.
1465 4780 1545 4835 Prov.

383 4869 410 4938 3,
419 4872 441 4926 5.
451 4874 475 4927 6.
546 4874 573 4929 5.
598 4872 633 4929 V.
652 4872 845 4942 Prov.18‚10.
917 4874 943 4928 6.
968 4872 1001 4927 V.
1021 4872 1122 4939 Ps.89,
1136 4872 1160 4925 1.
