4342 6034
689 795 755 861 404
1031 810 1219 859 urusronsn
1241 811 1470 859 uoocuuumau
1494 810 1525 859 oo

691 954 752 1023 55.
775 954 941 1019 Adrianus
957 954 1013 1019 IV
1026 977 1119 1040 popo
1132 955 1332 1039 Mopantimb
1355 955 1521 1039 wotene,
1546 954 1727 1019 Arruoldom
1740 954 1845 1019 crelio-

776 1072 941 1156 piocopam
969 1082 1124 1155 potestate
1151 1070 1248 1155 lopati
1275 1070 1456 1156 apostolici,
1486 1070 1608 1135 Hillo'oi
1634 1070 1848 1156 archiepiscopi

718 1262 720 1268 A
781 1183 991 1265 Troiaeue,
1016 1197 1178 1270 occeptum
1200 1194 1290 1250 esset

592 1334 660 1389 1156
776 1317 962 1400 Aldriauus)
980 1318 1274 1403 episcopusservus
1291 1315 1529 1384 servorumDei
1545 1314 1767 1401 dilectistiliis,
1787 1316 1848 1383 uni

575 1409 631 1465 Μ’
641 1408 668 1453 ¹¹
687 1454 778 1500 verso
801 1432 884 1499 clero
908 1438 940 1499 et
961 1432 1078 1520 populo
1102 1432 1302 1517 Magunt‘mo,
1326 1432 1515 1500 salutemet
1538 1427 1745 1519 apostolicam
1766 1432 1848 1499 bene

687 1549 866 1617 dictionem.

774 1664 897 1744 Quanto
920 1662 1115 1731 venerabilis
1131 1664 1230 1730 frater
1253 1667 1371 1746 noster,
1396 1662 1583 1743 Atrnoldus)
1607 1662 1850 1750 archiepiscopus

686 1786 805 1865 vester,
833 1781 986 1847 maiorem
1015 1780 1049 1845 in
1077 1779 1229 1846 aecclesia
1251 1778 1312 1845 Dei
1334 1778 1456 1845 obtinet
1478 1778 1666 1862 (lignitatem
1690 1785 1725 1845 et
1746 1784 1850 1865 quanto

686 1896 822 1984 amplius
844 1896 913 1983 ipsc
936 1896 1069 1963 scientia
1090 1894 1231 1961 moribus
1254 1900 1287 1961 at
1309 1894 1474 1961 honestate
1496 1894 1664 1981 prefulget,
1688 1900 1778 1961 tanto
1794 1914 1851 1960 na·

684 2013 733 2098 gis
756 2034 776 2079 a
796 2018 899 2079 matra
923 2032 981 2079 sua
1003 2018 1205 2079 sacrosancta
1218 2010 1362 2077 Romana
1378 2009 1529 2077 aecclesia
1550 2016 1582 2076 et
1603 2010 1754 2077 honorari
1770 2010 1852 2077 debet

685 2134 717 2195 et
743 2129 778 2195 in
807 2128 873 2195 suis
902 2127 1167 2215 postulationibus
1193 2126 1318 2193 facilius
1346 2125 1500 2191 exaudiri
1546 2125 1622 2192 Inda
1652 2128 1765 2213 utiquo
1791 2126 1851 2208 fuit

685 2245 769 2331 quod
790 2264 849 2311 nos
872 2264 954 2327 cunr,
979 2244 1020 2309 ad
1042 2242 1215 2330 apostolice
1236 2242 1322 2324 sedis
1342 2242 1537 2327 presentiam
1552 2242 1731 2309 deuotionis
1746 2244 1851 2309 intuitu

684 2360 879 2443 venientem,
908 2358 1015 2425 debita
1042 2358 1238 2442 benignitate
1265 2358 1457 2445 recepimus3
1487 2362 1520 2423 et
1542 2377 1668 2423 omnem
1690 2358 1741 2424 illi
1764 2358 1851 2424 bono

684 2496 769 2560 rom,
800 2495 893 2542 omne
920 2474 1061 2540 caritatis
1089 2472 1242 2557 officium,
1270 2474 1355 2558 quod
1377 2478 1465 2539 tanto
1487 2473 1557 2538 uiro
1579 2472 1687 2540 decuit
1710 2474 1851 2556 exbiberi,

684 2612 741 2658 nos
775 2596 807 2658 et
839 2590 953 2656 fratres
987 2590 1087 2655 nostri
1115 2589 1216 2656 eidem
1247 2589 1425 2656 curavimus
1453 2589 1621 2674 impertiri.
1667 2588 1751 2656 Cum
1780 2591 1853 2657 auin

685 2715 759 2775 ante
781 2706 897 2773 mentis
920 2705 1027 2773 oculos
1047 2724 1244 2788 revocamus,
1268 2710 1421 2790 quantum
1437 2703 1624 2788 Maguntina
1643 2706 1799 2773 aecclesia
1812 2727 1853 2772 sa-

684 2828 866 2891 crosanctae
889 2821 1049 2888 Romanae
1078 2820 1248 2887 aecclesiae
1275 2818 1378 2886 fidelis
1407 2840 1532 2907 semper
1560 2821 1667 2887 exibit
1690 2842 1730 2889 ac
1751 2823 1853 2889 deuota
1918 2874 1919 2909 ,

685 2946 717 3007 et
738 2944 858 3025 quauta
880 2938 982 3004 eidem
1004 2934 1110 3003 filialis
1125 2936 1277 3021 obsequia
1291 2936 1467 3002 devotionis
1482 2935 1634 3019 exhibuit,
1659 2957 1758 3021 quam
1774 2946 1852 3022 grau

684 3056 780 3123 etiam
811 3054 973 3143 pradictus
1006 3052 1106 3119 buter
1139 3057 1248 3118 noster
1276 3052 1532 3139 archiepiscopus
1560 3057 1592 3117 ot
1620 3052 1851 3138 predecessores

683 3172 784 3258 ipsius
812 3170 903 3237 uobis
932 3176 966 3236 et
993 3166 1243 3236 succcessoribus
1266 3168 1383 3233 nostris
1405 3168 1535 3234 servitia
1556 3168 1590 3233 iu
1613 3168 1786 3236 aecclesiae
1806 3190 1851 3235 ne

684 3284 883 3355 caecitatibus
907 3306 927 3351 a
948 3284 1099 3371 primoris
1123 3283 1318 3370 temporibus
1340 3282 1573 3369 impenderunt,
1596 3284 1799 3369 potissimum
1818 3284 1851 3350 ad

685 3422 825 3468 amoram
847 3402 914 3468 eiua
938 3400 1139 3467 accendimur
1161 3405 1203 3484 et,
1226 3400 1309 3466 mont
1328 3420 1392 3466 non
1415 3398 1576 3482 debemus,
1598 3419 1658 3465 nec
1679 3400 1729 3467 ita
1750 3421 1850 3488 possu-

684 3536 754 3584 mus
778 3516 817 3583 ab
839 3517 940 3604 ipsius
962 3516 1080 3582 honore
1104 3536 1141 3582 ac
1161 3513 1312 3582 beneficio
1335 3516 1477 3582 animum
1496 3534 1654 3581 reuocare.
1688 3514 1851 3583 Eius⁵ita

685 3654 745 3719 que
773 3632 978 3719 petitionibus
1007 3636 1098 3715 grato
1126 3638 1347 3699 concurrentes
1377 3652 1507 3698 assensu
1537 3636 1657 3697 ettam
1679 3632 1744 3699 sibi
1766 3651 1852 3717 quam

685 3748 854 3815 aecclesiae
876 3748 977 3834 ipsius
999 3746 1220 3831 gubernationi
1240 3748 1407 3813 commisse
1422 3748 1562 3814 deferre·
1577 3746 1729 3833 uolentes,
1752 3768 1851 3835 porso-
1916 3793 1917 3840 ,

684 3885 759 3930 uam
782 3864 849 3930 eius
871 3882 944 3929 cum
965 3868 1031 3929 toto
1055 3864 1240 3950 episcopatu
1262 3884 1319 3929 suo
1342 3869 1375 3930 at
1396 3884 1467 3931 cum
1488 3862 1695 3947 suffiugunms
1710 3864 1778 3929 suis
1791 3864 1850 3949 epi·

685 3980 789 4066 scopis
818 4000 837 4045 a
863 3978 933 4045 iure
961 3978 1129 4063 legationis
1156 3979 1345 4046 uenerabilis
1373 3980 1482 4047 fratris
1508 3980 1611 4045 nostri
1635 3978 1759 4061 Y(llini)
1782 3978 1850 4045 Tre
1916 4045 1917 4070 3

685 4095 825 4163 verensis
848 4094 998 4181 episcopi,
1022 4094 1193 4182 apostolice
1214 4095 1298 4162 sedis
1320 4096 1426 4180 legati,
1450 4094 1598 4161 duximus
1616 4094 1849 4173 absolvendam

684 4212 732 4277 ita
753 4210 914 4277 uidelicet:
938 4216 975 4277 ut
995 4230 1054 4277 nco
1075 4212 1145 4297 ipsc
1166 4230 1224 4277 neo
1246 4210 1361 4297 aliquis
1383 4212 1423 4278 de
1441 4212 1625 4299 episcopatu
1644 4230 1712 4295 suo,
1734 4210 1785 4278 uel
1799 4208 1849 4275 uli·
1916 4189 1917 4204 l

685 4326 756 4413 quis
779 4326 1049 4411 suffraganeorum
1072 4346 1199 4393 suorum
1223 4328 1452 4415 episcoporum,
1475 4327 1617 4414 predicto
1639 4326 1731 4393 butri
1748 4330 1848 4392 nostro

683 4442 850 4528 legationis
873 4444 979 4511 debito
1002 4448 1132 4527 cogatur
1152 4442 1286 4509 ulterius
1307 4444 1507 4530 respondere.
1575 4442 1628 4509 Ad
1644 4442 1722 4509 baec
1736 4460 1848 4509 momo-

684 4558 809 4627 ratumd
831 4559 963 4627 fratrem
985 4564 1144 4643 nostrum,
1168 4558 1438 4646 archiepiscopum
1460 4562 1617 4643 uestrum,
1646 4558 1687 4625 ad
1708 4579 1762 4624 vos
1784 4562 1846 4624 tau·

756 4724 777 4757 s.
798 4710 910 4770 descripsi
928 4728 957 4756 s:
977 4710 1029 4757 eud.
1047 4711 1162 4771 quosdam
1182 4712 1207 4759 S.
1223 4712 1287 4756 Petri
1300 4710 1454 4767 madens,
1475 4710 1543 4756 lodis
1558 4710 1771 4765 amelarius·
1783 4704 1845 4759 275⁰,

685 4790 772 4836 membr.
783 4806 845 4837 susc.
855 4792 912 4845 ΧΗ,
928 4790 1038 4849 epistolas
1053 4790 1316 4837 Rsisbsrdsbmnensss
1334 4793 1463 4837 mutius-ss.
1486 4790 1569 4837 Edidit
1584 4790 1666 4847 Butler
1680 4791 1704 4835 is
1719 4788 1798 4836 Arsit·
1810 4789 1845 4841 ΓΙ

684 4870 767 4917 Kreusis
787 4870 980 4917 uosmetclbcter
994 4870 1213 4931 Gssciicitsqsslis·
1229 4868 1290 4917 loto
1306 4870 1332 4916 11
1341 4870 1379 4917 bl.
1471 4868 1495 4916 b.
1516 4868 1551 4915 cis
1567 4886 1588 4914 c.
1680 4881 1701 4915 c.
1720 4866 1811 4914 (labem
1824 4880 1843 4909 e·

684 4946 708 4995 (l.
728 4950 869 4995 numeratum
884 4966 904 4995 c.
