4342 6034
574 775 601 822 e.
618 774 794 823 sonmsrn
814 776 860 822 ns
881 775 984 824 amar
1005 773 1193 824 narsnonsn
1219 775 1250 822 cu
1431 758 1493 824 127

345 912 398 982 47.
419 914 541 1002 Syaoda'
560 939 644 983 cocao
660 918 733 984 742
755 917 879 984 mosao
901 931 973 984 aeta
995 919 1220 1003 confirmantur
1243 930 1271 984 et
1290 929 1444 1002 augendae
1460 921 1496 984 ia

419 1033 535 1118 synodo
556 1033 757 1118 bistiacaeit
804 1030 1194 1118 (spectavisset,
1219 1031 1337 1100 Gtom.
1351 1033 1380 1100 Π
1394 1055 1425 1120 p.
1442 1034 1495 1116 11)

417 1163 451 1229 ln
478 1165 606 1231 nomine
632 1166 752 1232 domini
780 1167 882 1233 nostri
909 1165 980 1232 lesu
1002 1165 1130 1233 Christi.
1165 1166 1234 1250 Ego
1256 1165 1494 1251 Oarlmannusl,
1532 1177 1584 1231 742

344 1279 396 1344 dnn
415 1283 446 1345 et
466 1281 613 1368 princeps
628 1281 832 1366 Francorum,
856 1301 939 1348 anno
955 1282 995 1349 ab
1008 1282 1225 1349 incarnatione
1242 1281 1361 1349 Christi
1376 1284 1496 1370 septin-
1513 1250 1605 1309 ‘mm

342 1395 514 1477 gentesaimo
537 1398 777 1482 quadragesimo
799 1397 947 1481 secundo,
972 1400 1008 1463 ll
1026 1397 1184 1464 Kalendas
1200 1397 1311 1482 Maias,
1335 1419 1406 1464 cum
1423 1419 1496 1465 con-

342 1510 401 1576 silio
420 1531 580 1578 servorum
594 1512 656 1581 Dei
671 1520 704 1581 et
717 1515 907 1600 optimatum
922 1533 1064 1579 meorum
1080 1513 1255 1600 episcopos,
1280 1515 1334 1599 qui
1349 1515 1384 1580 in
1398 1535 1495 1598 regno

341 1645 400 1692 neo
419 1634 500 1713 sunt,
523 1647 597 1695 cum
617 1629 803 1715 presbiteris
826 1636 859 1697 et
880 1629 1048 1696 concilium
1071 1634 1104 1694 et
1126 1629 1279 1715 synodum
1293 1637 1361 1716 'pro
1382 1631 1496 1698 timore

341 1740 442 1809 Gldsti
467 1747 671 1829 congregavi3
700 1747 734 1812 id
760 1751 810 1813 est
830 1743 1024 1812 Bonifatium
1047 1744 1318 1831 arehiepiscopum
1341 1751 1373 1812 et
1395 1745 1496 1828 Burg-

339 1843 511 1925 chardum⁰¹
538 1866 573 1928 et
599 1856 860 1945 Regeniriduml²
889 1866 921 1928 et
947 1855 1150 1926 Wintanum⁸
1178 1866 1210 1928 et
1232 1858 1441 1928 Wilbaldum‘
1465 1865 1496 1927 et

339 1972 488 2041 Dadanum
516 1983 551 2043 et
571 1975 756 2044 Eddannm⁵
779 1997 851 2044 cum
877 1976 1078 2064 presbiteris·
1102 1995 1228 2042 eorum:
1260 1982 1296 2042 nt
1318 1975 1396 2042 mihi
1419 1995 1494 2042 oon-

338 2088 430 2156 silinm
450 2091 622 2178 dedissent,
646 2094 802 2179 quomodo
824 2093 878 2161 lex
895 2093 956 2160 Dei
978 2098 1012 2159 et
1032 2091 1245 2160 ecclesiastica
1266 2091 1383 2175 relegio
1406 2111 1495 2159 recu-

338 2212 459 2292 peretur,
481 2229 565 2293 qnae
585 2209 621 2276 in
642 2210 753 2276 diebus
776 2211 1018 2296 praeteritorum
1042 2209 1226 2295 principum
1248 2208 1403 2294 dissipata
1424 2227 1494 2274 cor-

339 2323 404 2405 rnit3
432 2331 464 2390 et
489 2324 629 2410 qualiter
654 2325 791 2413 populns
818 2326 1009 2394 chnstianns
1037 2323 1077 2390 ad
1106 2324 1241 2392 salntem
1270 2323 1394 2395 animae
1422 2343 1495 2410 per·

340 2439 430 2506 venne
449 2442 556 2528 possit
577 2447 610 2507 et
630 2462 690 2529 per
710 2441 808 2508 falsos
830 2442 1009 2508 sacerdotes
1032 2440 1182 2528 deceptus
1205 2459 1268 2507 non
1291 2444 1410 2525 pereat.

411 2553 453 2622 Et
478 2577 538 2644 per
567 2557 735 2625 consilium
760 2559 958 2625 sacerdotum
981 2562 1013 2625 et
1035 2557 1224 2644 optimatum
1246 2575 1389 2623 meorum
1412 2555 1496 2622 ordi-

339 2672 466 2739 navimus
491 2693 553 2760 per
575 2674 719 2740 civitam
741 2673 921 2761 episcopos3
952 2679 985 2740 et
1006 2672 1227 2740 constituimus
1250 2691 1345 2758 super
1368 2691 1421 2738 eos
1446 2689 1496 2738 ar·

339 2785 559 2876 oliepiseopum
580 2789 784 2872 Bonifatium,
806 2791 861 2875 qui
884 2795 933 2856 est
953 2791 1070 2856 missus
1093 2789 1194 2856 saneti
1216 2787 1312 2854 Petri.

413 2904 589 2972 statuimus
621 2905 694 2994 per¹
721 2925 821 2972 annos
852 2905 993 2989 singulos
1022 2905 1179 2992 synodum
1207 2921 1415 2986 congregare,
1450 2908 1495 2986 ut,

339 3019 414 3087 notia
433 3021 665 3109 praesentibus,
689 3041 845 3088 canonum
868 3021 994 3103 decreta
1017 3027 1050 3088 et
1066 3020 1217 3088 ecclesiae
1231 3019 1303 3086 iura
1316 3023 1497 3085 restauren-

339 3138 382 3200 tur
400 3143 429 3204 et
448 3138 570 3222 relegio
593 3137 766 3204 christiana
787 3137 980 3204 emendetur.

412 3253 454 3320 Et
479 3253 645 3321 fraudatas
673 3255 825 3340 peoumas
851 3253 1054 3320 ecclesiarum
1083 3251 1224 3319 ecelesiis
1246 3251 1443 3318 restituimus
1466 3257 1498 3318 et

339 3367 526 3438 reddidimus.
618 3369 730 3437 Falsas
756 3368 948 3458 presbiteros
976 3374 1009 3436 et
1035 3368 1194 3436 adulteros
1217 3367 1268 3435 vel
1289 3368 1495 3435 fornicatores

339 3481 469 3553 diaconos
496 3493 532 3554 et
560 3486 690 3554 clericos
718 3486 758 3553 de
785 3487 927 3573 pecuniis
949 3484 1152 3552 ecclesiarum
1176 3483 1363 3552 abstulimus
1387 3487 1419 3550 et
1442 3483 1496 3550 de-

338 3601 523 3681 gradavimus
547 3609 581 3670 et
603 3603 645 3669 ad
666 3603 895 3689 poenitentiam
917 3602 1104 3685 coegimns⁸.

412 3717 519 3787 Servis
534 3717 597 3785 Dei
618 3738 676 3805 per
697 3717 805 3784 omnia
827 3717 983 3802 omnibus,
1007 3721 1202 3784 armaturam
1224 3720 1352 3802 portare
1366 3712 1417 3780 rel
1437 3733 1495 3800 pu-

339 3851 421 3913 gnare
446 3842 503 3903 ant
531 3835 566 3901 in
594 3835 769 3902 exercitum
795 3839 829 3901 et
855 3834 889 3900 in
917 3833 1039 3900 hostem
1061 3851 1208 3919 pergere,
1237 3831 1365 3898 omnino
1388 3831 1496 3917 prohi-

340 3945 463 4035 buimus3
485 3952 552 4018 nisi
571 3951 621 4018 illi
642 3950 872 4035 tantummodo,
896 3950 950 4035 qui
968 3953 1100 4036 propter
1115 3949 1257 4015 divinum
1274 3947 1495 4032 ministerium,

339 4065 489 4134 missarum
514 4068 637 4134 scilicet
657 4067 823 4134 sollemnia
844 4065 1047 4152 adimplenda
1068 4070 1101 4132 et
1121 4068 1302 4132 sanctorum
1321 4063 1498 4151 patrocinia

339 4185 489 4270 emunda,
513 4185 555 4252 ad
578 4183 637 4251 hoc
658 4183 749 4251 electi
772 4188 855 4249 sunt
890 4181 926 4248 Id
949 4187 1012 4248 est:
1035 4201 1135 4247 unum
1157 4180 1208 4247 vel
1230 4180 1308 4247 duos
1332 4181 1496 4267 episcopos

340 4314 398 4364 eum
418 4301 590 4389 capellanis
611 4299 813 4388 presbiterish
827 4299 976 4386 princeps
996 4316 1103 4364 seeum
1118 4297 1242 4382 habeat,
1266 4302 1299 4362 et
1312 4315 1394 4363 nnus
1411 4297 1496 4382 quis·

399 4437 420 4470 a.
437 4444 468 4473 a
482 4431 513 4474 M
526 4426 633 4482 eti-71,
649 4428 670 4474 C
684 4425 832 4480 taedeo,
850 4425 874 4471 V
886 4423 1009 4471 ol-ote.
1032 4424 1086 4471 Sin
1101 4423 1204 4468 lemmate
1221 4421 1285 4478 nn·
1307 4420 1414 4480 synodus
1429 4433 1497 4481 qum

341 4505 419 4551 maus
432 4505 570 4562 Bonifatius,
592 4505 758 4553 Karolomanno
780 4503 950 4560 consentiente,
970 4516 1022 4550 enm
1038 4502 1154 4562 episcopis
1173 4504 1196 4548 st
1212 4501 1294 4548 astons
1309 4500 1352 4548 Dei
1369 4501 1440 4547 serris
1456 4499 1496 4546 lm·

340 4579 382 4628 luit
399 4589 424 4632 C.
497 4586 521 4632 b.
542 4585 692 4634 llarlmam
713 4587 747 4632 M.
825 4597 845 4630 c.
864 4583 1007 4645 Burlrardum
1031 4587 1068 4638 Μ,
1090 4581 1247 4639 Bnrglrardnm
1266 4582 1292 4629 C.
1370 4579 1393 4626 d.
1413 4579 1496 4638 Regin-

340 4657 416 4710 tradam
431 4669 464 4712 Ι.
539 4680 559 4711 a
580 4665 723 4724 presbiteriis
740 4663 767 4710 V.
838 4662 855 4710 l.
875 4677 945 4723 super
960 4667 995 4711 ft.
1065 4675 1087 4720 g.
1108 4662 1209 4720 cogimus
1226 4663 1261 4707 M.
1331 4659 1354 4706 ln
1375 4659 1446 4719 priris
1461 4662 1497 4714 M,

341 4739 395 4796 iffi
408 4746 434 4798 C.
446 4745 590 4805 presbiteriia
607 4747 635 4793 V.

401 4822 425 4876 1.
446 4837 488 4894 ep.
501 4821 762 4891 wirziburgensem.
850 4821 877 4875 2.
900 4819 1161 4889 calidoniensem.
1251 4817 1277 4872 3.
1301 4829 1345 4885 ep.
1360 4813 1497 4871 Burabur·

342 4917 449 4972 ἔθηκα
535 4913 563 4968 4.
587 4926 632 4981 ep.
650 4911 843 4966 Eistetensem.
933 4909 959 4966 ὁ.
983 4923 1027 4980 ap.
1045 4906 1283 4980 Argentinensem.
