4342 6034
636 752 703 819 626
984 770 1158 819 vmonenr
1179 770 1258 817 v1ns
1281 769 1453 819 arenosus

637 910 832 994 guntinensis
860 910 1017 997 prefectus
1040 946 1080 957 -
1106 910 1239 995 ideoque
1267 911 1370 977 dinam
1396 911 1559 993 inmerito,
1588 910 1663 995 qnia
1688 912 1719 977 in
1739 912 1785 979 de-

637 1032 779 1113 spectum
807 1031 840 1093 et
860 1024 1081 1093 oontumeliam
1105 1026 1326 1111 arohipresnlis
1349 1026 1509 1093 mitissimi
1531 1046 1656 1093 omnem
1677 1028 1787 1093 iniusti·

637 1142 715 1208 tiam
737 1146 770 1209 et
782 1140 1029 1207 dominationem
1042 1140 1184 1226 iniquam
1200 1142 1340 1207 exercuit
1354 1142 1387 1205 in
1403 1140 1579 1208 hominibus
1596 1142 1702 1209 Saueti
1716 1142 1787 1209 llar-
1900 1160 1901 1171 ¹

636 1257 696 1325 tini
712 1293 754 1302 -
769 1276 867 1323 unum
890 1277 930 1323 ex
952 1257 1107 1323 iudicibus
1131 1256 1278 1340 civitatis,
1302 1256 1380 1323 bene
1402 1262 1512 1337 natum
1535 1264 1567 1323 et
1587 1257 1787 1325 honorabilem

636 1373 750 1455 vnum,
773 1372 1009 1458 comprehendit
1032 1377 1063 1443 et
1085 1372 1183 1454 virgis
1206 1392 1312 1439 oesum
1334 1372 1500 1438 tutunditt
1538 1372 1677 1439 Tribnno
1698 1372 1787 1459 plebis

636 1489 767 1555 insidias
795 1488 911 1555 multas
933 1489 1071 1573 paravit3
1102 1486 1147 1553 sio
1168 1486 1297 1553 tandem
1320 1486 1399 1553 nihil
1422 1486 1605 1573 perficiens,
1636 1489 1717 1575 apud
1737 1490 1789 1555 in·

636 1610 814 1690 potatorem
840 1604 922 1669 falsa
947 1603 1036 1669 illum
1066 1604 1264 1669 accusatione
1292 1602 1444 1689 pulsavit,
1476 1604 1575 1671 donee
1597 1604 1690 1670 homo
1713 1603 1789 1671 disee

636 1726 669 1786 et
689 1718 865 1803 grandevus
887 1719 971 1803 ipse,
999 1719 1032 1784 in
1060 1739 1175 1803 aquam
1198 1718 1419 1785 miserabiliter
1442 1720 1573 1803 missus,
1602 1718 1663 1785 Dei
1684 1719 1790 1785 iudioio

634 1835 785 1901 inieotum
807 1835 925 1901 orimen
940 1834 1075 1901 Domino
1099 1834 1270 1899 auxiliante
1293 1835 1448 1919 purgavit
1488 1834 1630 1901 Tertium
1645 1834 1791 1919 quendam

636 1969 676 2017 ex
698 1950 817 2017 eivibus
836 1949 1127 2034 Magantinensibus
1151 1950 1217 2015 eius
1240 1950 1391 2015 instinctu
1412 1950 1584 2035 imperator
1607 1951 1673 2017 suis
1695 1950 1790 2017 eutha

634 2066 685 2133 nis
706 2066 848 2150 involvit
870 2066 970 2133 donee
991 2066 1118 2131 tandem
1141 2065 1274 2150 peounia
1295 2063 1508 2131 membrorum
1531 2085 1660 2131 suornm
1683 2066 1791 2131 sanita-

634 2186 700 2247 tem
721 2180 863 2248 redemit
899 2180 1014 2247 Mnltos
1037 2179 1178 2246 eiusdem
1200 2180 1336 2247 civitatis
1360 2180 1438 2247 alios
1461 2180 1545 2247 idem
1568 2180 1790 2264 Erkenbaldm,

635 2296 757 2363 malitia
784 2296 911 2383 plenus,
944 2294 1097 2361 diversisl
1125 2296 1199 2361 lesit
1224 2295 1340 2380 ubique
1367 2296 1525 2383 perieulis.
1561 2296 1668 2381 Atque
1695 2298 1791 2384 ipsun

635 2411 851 2479 beatissimum
865 2411 927 2477 Dei
948 2411 1103 2477 famulum
1118 2410 1267 2494 Bardum,
1291 2410 1453 2477 dominum
1476 2432 1577 2495 suum,
1601 2412 1687 2497 apud
1709 2430 1792 2477 aures

634 2526 834 2612 imperatoris
863 2526 1009 2611 frequens
1044 2546 1172 2593 susmro
1205 2526 1424 2593 detractionis⁰
1454 2548 1573 2593 veneno
1609 2526 1736 2613 polluit3
1766 2533 1793 2591 ot

635 2662 709 2727 sepe
730 2661 830 2726 nsque
853 2642 893 2707 ad
913 2642 1158 2708 satisfactionem
1182 2640 1271 2707 illum
1294 2640 1447 2725 nequamd
1463 2642 1737 2709 contaminationis
1751 2643 1793 2707 in-

635 2756 778 2842 pulsione
798 2758 911 2839 ooegit
1000 2757 1071 2843 Ipse
1102 2778 1175 2824 vero
1204 2757 1403 2824 beatissimus
1425 2756 1528 2823 Bardo
1558 2759 1720 2844 propriam
1743 2778 1793 2843 pa·

633 2872 749 2939 tienter
777 2872 927 2939 iniuriam
951 2872 1041 2954 tnlit;
1076 2892 1266 2957 suorumque
1295 2873 1490 2959 calumpnias
1519 2872 1647 2956 lugens,
1678 2872 1792 2940 fletibus

633 2988 827 3055 incessanter
855 2988 971 3055 emeris
998 2998 1048 3055 se'
1071 2989 1218 3074 perfudit
1255 2988 1389 3055 Snorum
1417 2988 1537 3055 sladem
1561 3008 1651 3055 suam
1674 2990 1793 3055 estima-

634 3102 695 3184 vit3
718 3103 807 3169 illam
829 3103 939 3188 doluit,
961 3104 1049 3169 illam
1071 3104 1138 3171 Deo
1162 3109 1194 3170 et
1216 3106 1333 3171 sanetis
1357 3104 1423 3171 eius
1447 3104 1572 3171 assidue
1594 3106 1628 3171 in
1651 3104 1792 3193 orationi·

634 3218 693 3285 bus
715 3219 893 3285 ineuleavit

724 3334 866 3413 Quadam
893 3356 968 3401 vero
997 3340 1104 3418 noete,
1134 3335 1208 3402 dum
1236 3336 1285 3401 vir
1312 3341 1438 3401 sanetus
1462 3335 1560 3420 quieti
1582 3334 1725 3402 membra
1744 3334 1790 3399 de·

635 3450 747 3535 disset,
777 3451 920 3517 arborem
949 3470 1055 3517 eoram
1078 3451 1219 3537 sompnis
1242 3450 1367 3517 adstrue
1391 3450 1483 3533 vidit3
1508 3456 1540 3517 et
1562 3471 1620 3537 per
1643 3450 1789 3536 quandam

634 3586 743 3633 votem
764 3566 844 3633 illud
865 3567 967 3633 saneti
988 3566 1150 3633 Iohannis:
1175 3567 1231 3633 Ad
1252 3570 1390 3633 radicem
1412 3569 1535 3633 arboria
1556 3570 1623 3632 iam
1634 3570 1738 3655 posita
1752 3577 1789 3629 eat

633 3678 768 3749 rectario¹
789 3681 898 3749 audire
927 3684 1110 3768 promeruit
1149 3681 1193 3749 Et
1219 3684 1338 3749 laetum
1367 3688 1430 3766 est,
1460 3687 1553 3769 prout
1580 3682 1614 3747 in
1638 3680 1787 3765 euangelio

633 3798 843 3885 promittitur:
878 3801 974 3866 Beati
1005 3804 1062 3886 qui
1094 3800 1213 3885 tepent,
1250 3803 1400 3885 quonium
1431 3803 1498 3886 epol
1530 3790 1787 3865 conopoeum.

634 3913 712 3981 Post
743 3913 899 3981 modinum
935 3935 1009 3981 nero
1037 3920 1161 4001 tempus
1189 3934 1292 3981 eomes
1322 3936 1418 4001 supra
1447 3912 1564 3996 dietus,
1599 3919 1636 3979 ut
1664 3913 1788 3979 Domino

635 4028 832 4115 complearis,
855 4031 889 4096 in
912 4032 1102 4116 presentiam
1126 4030 1210 4097 beati
1233 4030 1454 4117 arohipresulis
1472 4028 1512 4095 ad
1527 4028 1679 4096 iudicium
1692 4030 1788 4095 venire

635 4145 801 4212 consensit
836 4145 883 4212 lbi
906 4167 979 4213 vero
1005 4146 1254 4213 commilitonum
1284 4166 1412 4213 suorum
1435 4145 1550 4211 iudicio
1574 4140 1788 4211 abiudieetnm'

634 4260 839 4328 benefioiom⁸
860 4262 1000 4347 perdidit
1027 4267 1074 4345 at,
1103 4260 1264 4328 fidelitatis
1294 4282 1418 4328 rursum
1447 4262 1615 4327 securitate
1645 4261 1788 4339 adinratq
1901 4293 1904 4304 ·

634 4374 719 4444 idem
745 4374 930 4445 beneficium
957 4378 1145 4465 repetitione
1173 4378 1324 4465 probrosa
1351 4378 1478 4465 reoapit
1569 4376 1635 4443 Neo
1663 4374 1789 4442 diuisit

706 4602 727 4636 ι.
746 4588 847 4637 totundit
862 4608 883 4636 c.
954 4589 977 4635 b.
997 4589 1095 4637 diversis
1110 4592 1200 4649 surpuit
1218 4590 1369 4637 Wotteadaet
1383 4607 1426 4647 pro
1442 4588 1546 4637 dimersit
1561 4590 1614 4637 cod.
1683 4602 1702 4635 e.
1721 4586 1785 4633 reue

635 4668 707 4715 aionis
723 4687 743 4715 c.
820 4668 844 4715 d.
861 4682 961 4729 rnqnam
975 4688 995 4715 c.
1073 4684 1093 4716 e.
1115 4682 1140 4717 se
1156 4670 1248 4717 addite
1326 4669 1341 4717 l.
1362 4668 1504 4717 abindiottns
1520 4686 1540 4715 e.
1612 4682 1633 4727 q.
1653 4664 1750 4717 banstiei
1763 4682 1785 4719 cr

635 4752 667 4806 cl.
684 4749 746 4811 qood
760 4752 871 4810 nqeteur:
886 4748 946 4794 idem
962 4748 1103 4795 benetlatum.

706 4854 732 4907 1.
753 4852 888 4924 nume,
901 4854 943 4907 ro.
1033 4854 1059 4909 a.
1081 4852 1176 4909 meu
1189 4854 1253 4925 qs.
