4342 6034
654 770 719 837 358
969 786 1157 835 nrrsnonrn
1179 785 1407 835 rroonunnrrn
1430 770 1468 831 arss
1482 786 1512 831 ee

566 936 636 993 1001
655 949 715 1016 que
737 928 959 997 murenienter
981 923 1136 995 silendum
1160 926 1239 995 milri
1260 948 1390 1015 prorsus
1412 926 1613 997 iudioabitur.
1660 924 1723 994 Sed
1746 928 1817 993 eari-

654 1052 716 1128 tus‚
738 1050 776 1111 nt
797 1064 902 1131 spero,
924 1043 985 1111 Dei
1007 1063 1089 1130 quae
1110 1043 1260 1111 iustifioat
1279 1040 1431 1131 impinm¹
1445 1050 1477 1111 et
1491 1044 1547 1129 qui
1562 1044 1654 1111 dooet
1666 1043 1819 1110 hominen

655 1161 839 1244 seientiam,
861 1166 976 1244 urguet
996 1179 1049 1227 me
1071 1160 1111 1227 de
1134 1160 1251 1227 sanetis
1275 1160 1342 1227 eins
1364 1159 1563 1243 martiribus,
1586 1160 1715 1226 tarnetd
1737 1164 1821 1225 extra

655 1276 822 1343 materiam
845 1275 895 1344 rel
917 1276 1113 1342 inoonditnm
1136 1275 1222 1361 quid
1245 1294 1304 1361 pro
1326 1274 1455 1342 modulo
1472 1294 1543 1341 meo
1559 1272 1657 1341 effari.
1692 1273 1821 1341 Proinde

654 1392 800 1459 intendet
814 1397 847 1458 et
861 1392 976 1459 raritas
990 1392 1188 1475 corrigentis,
1212 1390 1322 1457 audiat
1336 1396 1369 1457 et
1383 1390 1470 1457 zelus
1481 1380 1700 1476 'eorddientist
1724 1410 1822 1474 gran·

656 1507 844 1574 malleorum
877 1527 936 1575 noe
967 1513 1138 1593 uteunque
1165 1506 1216 1573 vel
1245 1506 1403 1593 prinoipia
1429 1506 1546 1573 libasse
1574 1523 1639 1571 non
1665 1524 1823 1590 negamus,

657 1623 885 1691 rethorioornrn
908 1642 1000 1707 vero,
1028 1622 1263 1689 dialectieornm
1287 1621 1339 1689 vel
1358 1623 1515 1688 maiorum
1538 1621 1751 1707 quorumlibet
1771 1642 1825 1689 neo

656 1738 835 1805 didascalos
857 1758 915 1805 noe
938 1756 998 1805 neo
1019 1738 1201 1805 soolastieoe
1223 1736 1424 1824 profitemur3
1454 1758 1517 1805 non
1545 1743 1655 1803 tamen.
1676 1737 1825 1803 omninno-

657 1854 722 1938 dis,
745 1854 822 1940 quid
844 1854 944 1921 velint
965 1854 1080 1939 quidve
1102 1852 1327 1941 profiteantur,
1350 1854 1478 1936 ignaros
1501 1858 1657 1939 optemus.

745 1970 901 2037 Ausuulta
921 1971 1051 2055 inqnarn
1074 1970 1095 2036 0
1111 1976 1156 2054 tn,
1180 1969 1341 2055 quisquis·
1357 1988 1511 2035 nouorum
1526 1986 1577 2035 me
1593 1968 1724 2035 denotas
1739 1988 1825 2057 prae-
1930 1996 1931 2001 ¹

656 2093 872 2175 sumptorem:
907 2106 970 2152 non
1004 2084 1187 2171 praeiudioo
1220 2085 1360 2171 priorum
1395 2104 1537 2151 meorum
1573 2084 1665 2150 doato
1694 2084 1825 2167 silentio,

657 2224 721 2271 non
743 2222 827 2269 nora
848 2202 988 2286 antiquie
1009 2200 1193 2267 martiribus
1215 2200 1433 2286 undecumque
1445 2202 1569 2267 *merita
1584 2218 1744 2287 comparo,
1765 2220 1825 2267 non
1929 2195 1931 2236 l

657 2338 777 2406 usurpo
798 2318 964 2384 historiam
991 2323 1116 2400 texere,
1148 2336 1243 2401 qnam
1265 2336 1324 2383 neo
1346 2317 1464 2403 sorlpto
1487 2334 1546 2382 neo
1568 2316 1706 2383 veridioo
1728 2315 1826 2383 relatu
1930 2312 1931 2350 ἕ

658 2433 832 2502 didicerim.
867 2432 937 2499 Non
960 2432 1041 2498 olam
1065 2432 1172 2499 dedero
1194 2430 1383 2499 ehrr'stieolis
1406 2430 1631 2515 sacerdotibus,
1655 2431 1826 2517 dequibus
1928 2428 1931 2467 r

657 2550 743 2634 lego:
771 2550 850 2617 De'e‘e
871 2572 912 2615 ne
932 2544 1108 2629 duratae,
1138 2568 1269 2633 qnorum
1292 2548 1326 2613 id
1349 2546 1450 2614 solum
1473 2545 1569 2615 offleii
1591 2552 1752 2629 autumas3
1775 2548 1826 2615 sed
1927 2544 1931 2585 '³

659 2686 734 2733 sere
761 2669 798 2732 nt
824 2665 983 2731 antistites
1010 2670 1044 2731 et
1072 2664 1216 2731 dootores
1244 2663 1449 2731 rationabiles
1477 2664 1538 2730 Dei
1568 2663 1672 2748 gregis
1699 2684 1828 2731 veneror
1930 2658 1931 2669 ’

660 2782 757 2866 diligo
779 2786 812 2849 et
834 2780 1017 2867 ampleetor.
1051 2779 1251 2865 Maximeque
1273 2786 1434 2865 pastorem
1457 2784 1489 2846 et
1503 2779 1660 2865 presulem
1676 2785 1826 2863 nostrum,
1928 2777 1931 2818 ³

660 2897 872 2966 venerabilem
895 2894 1086 2980 Willigisum
1115 2896 1402 2982 arehiepieoopum3
1431 2896 1519 2961 euius
1546 2894 1759 2962 inerrabnndo
1780 2916 1828 2961 rne
1930 2895 1931 2925 ³

661 3015 742 3082 dedo
763 3014 881 3081 iudioio
901 3032 1036 3097 meaque
1058 3013 1089 3078 ei
1111 3011 1322 3079 examinanda
1343 3011 1429 3077 dieta
1451 3012 1571 3095 dadino,
1595 3030 1615 3077 a
1637 3030 1699 3096 quo
1715 3017 1748 3078 et
1761 3030 1827 3098 pre-

662 3130 853 3217 sumptionis
875 3126 1001 3195 veniam
1024 3133 1057 3194 et
1079 3128 1215 3212 gratiam
1239 3126 1520 3197 eomrnendationis
1542 3126 1688 3214 imploro.

750 3245 853 3312 Huius
876 3264 959 3309 anno
982 3244 1183 3331 episcopatus
1207 3246 1265 3327 35,
1293 3249 1446 3327 regnanto
1469 3242 1695 3327 gloriosissimo
1718 3243 1827 3310 domno
1930 3246 1931 3251 ’

663 3361 834 3429 Heinrioho
855 3379 929 3444 rege
952 3378 1035 3426 anno
1050 3362 1082 3442 5,
1105 3358 1281 3425 dominicae
1296 3378 1370 3425 vero
1385 3360 1612 3426 inoarnationis
1628 3358 1731 3427 adhue
1750 3358 1824 3425 1007

662 3478 742 3545 haee
762 3477 837 3543 lieet
857 3475 974 3541 frivola
993 3494 1058 3540 non
1079 3474 1120 3541 da
1142 3492 1214 3541 mea
1236 3474 1292 3541 sed
1315 3480 1494 3541 sanatorum
1517 3480 1644 3562 patrurn
1660 3474 1828 3543 orthodoxa

664 3594 813 3677 seientia,
835 3591 971 3659 veritato
992 3596 1100 3657 tamon
1123 3590 1231 3656 divina
1253 3591 1403 3674 subuxa,
1427 3590 1628 3677 adstipulari.

667 3808 730 3881 23.
751 3807 855 3873 Asido
883 3806 1138 3893 wodsopraoopua
1166 3806 1373 3892 Mogentiana
1399 3806 1654 3892 Mequadordum
1674 3806 1698 3871 I
1716 3809 1826 3894 φῶσι)-

750 3946 832 4011 pom
856 3922 1140 4008 Wrzedsergemem
1168 3923 1212 3987 ud
1239 3922 1396 4007 aynodssra
1421 3934 1520 3987 oooot.
1554 3921 1608 3987 De
1628 3924 1787 3989 medem
1806 3942 1827 3985 o

749 4063 844 4127 popo
865 4042 901 4103 in
922 4061 955 4103 ee
974 4038 1101 4125 prolato
1125 4037 1291 4103 corallium
1313 4039 1378 4102 eirea
1401 4036 1583 4125 respueret

544 4184 615 4269 1024
681 4236 686 4249 ,
755 4172 893 4239 Domino
921 4178 954 4238 et
980 4171 1133 4238 unfrani
1160 4165 1402 4255 Megunhardo⁸‚
1426 4168 1711 4254 wirtzeburgensis
1738 4166 1826 4235 eoele-

499 4260 552 4305 ⁸⁸¹⁰
565 4256 734 4357 luhlasiaa
766 4287 908 4376 pontifici
934 4286 1189 4370 venerabillimo,
1223 4286 1323 4355 Aribo
1352 4284 1555 4368 lloguntinae
1581 4286 1665 4352 sedis
1694 4284 1826 4372 provisor

667 4406 812 4491 quamvis
833 4405 982 4489 indignus
1005 4402 1171 4475 servitutis,
1190 4408 1223 4469 et
1244 4400 1396 4467 orationis
1419 4401 1487 4467 eine
1509 4402 1684 4468 cautione
1700 4397 1825 4468 devotis·
1930 4454 1931 4473 ,

667 4522 764 4588 simos
786 4526 926 4589 tonatur.

740 4668 761 4701 ι.
781 4655 856 4714 quioq.
871 4672 891 4700 c.
978 4652 1002 4699 b.
1022 4670 1052 4698 ez
1066 4652 1144 4699 codice
1160 4668 1201 4697 mr.
1217 4652 1298 4697 montis
1313 4651 1338 4697 S.
1349 4652 1413 4697 Paua
1426 4650 1549 4705 Brlordr'u
1570 4650 1706 4710 dornoniam
1721 4666 1736 4695 ο
1748 4646 1824 4695 δοῦν·

668 4746 723 4782 noto
745 4736 804 4781 dm
824 4736 942 4793 epistolam
963 4732 1036 4779 edidis
1056 4732 1185 4779 nerestein
1207 4730 1312 4779 Corellia
1330 4732 1464 4777 Germane
1479 4732 1517 4777 ΙΙΙ
1531 4731 1575 4785 61,-
1598 4733 1684 4791 repetiit
1698 4722 1823 4776 Gr'mdnffl

669 4816 748 4861 Greci.
764 4814 805 4859 der
820 4813 921 4859 Mod.
936 4814 1063 4859 Intonuit
1079 4808 1124 4868 (ed.
1140 4808 1214 4867 tertia)
1232 4813 1256 4857 ll
1271 4810 1325 4857 670.

741 4902 766 4959 1.
789 4898 870 4956 nov.
884 4900 927 4968 ιι,
939 4898 982 4954 ιι.
1072 4898 1098 4954 r.
1122 4896 1323 4967 exornare.
1413 4894 1439 4952 e.
1462 4895 1483 4965 1,
1504 4894 1690 4951 rore-roeo.
