4342 6034
557 953 628 1007 1160

546 1027 595 1073 lun.
606 1030 635 1075 26

654 786 721 853 690
903 804 1102 853 emanarunt
1125 804 1326 855 canonicos
1348 804 1586 854 noonrrmmr

654 945 696 1011 ad
716 943 841 1013 Gradus
866 947 930 1013 iam
952 944 1231 1028 incognoscibilem
1255 950 1286 1013 et
1308 945 1495 1029 foetentem,
1522 945 1636 1011 furtim
1657 943 1817 1027 sublatum,

652 1061 799 1129 deferunt
819 1062 853 1127 in
875 1063 978 1147 ipsam
1001 1060 1182 1145 ecclesiam,
1206 1060 1382 1129 lacrimosis
1405 1061 1553 1148 suspiriis
1574 1060 1765 1147 sepeliendo

741 1177 769 1244 0
790 1178 907 1245 furiam
930 1175 1158 1261 flagrantiorem,
1186 1197 1204 1243 o
1228 1176 1396 1243 maledieta
1418 1197 1496 1260 gens
1518 1176 1599 1244 dura
1621 1176 1820 1259 corlegen

652 1294 796 1377 immitis,
819 1313 897 1377 gens
917 1292 1137 1376 intractabilis,
1161 1312 1238 1376 gens
1253 1292 1464 1376 indomabilis,
1488 1312 1567 1377 gens
1580 1292 1704 1377 iniqua,
1726 1290 1822 1357 inrisa

652 1408 739 1475 coelo
762 1413 795 1475 et
816 1414 931 1492 terrae,
953 1409 1055 1495 impia
1075 1410 1110 1475 in
1125 1408 1239 1492 Deum,
1263 1408 1414 1477 seditiosa
1435 1410 1469 1475 in
1488 1409 1635 1491 invicem,
1659 1408 1824 1475 temeraria

651 1525 686 1591 in
708 1531 820 1591 sancta
841 1545 933 1610 pace3
958 1535 1037 1609 qua·
1060 1544 1153 1591 nemo
1168 1525 1328 1593 neminem
1343 1525 1552 1593 honorantem
1566 1525 1713 1607 honoret,
1735 1542 1823 1589 nemo

652 1641 810 1707 neminem
832 1646 992 1707 amantem
1015 1646 1111 1723 amet,
1134 1660 1226 1707 nemo
1250 1647 1308 1707 etc.
1344 1640 1410 1708 Vae
1432 1642 1501 1725 tibi,
1524 1641 1634 1707 infelix
1651 1639 1823 1723 Magantia

652 1776 714 1840 qne
735 1757 901 1843 proprium
924 1762 1048 1842 patrem
1069 1763 1201 1841 maetas,
1224 1762 1261 1823 ut
1282 1762 1314 1823 te
1336 1757 1370 1823 in
1394 1758 1576 1844 superbiam
1597 1776 1700 1843 ponas
1724 1761 1757 1823 a
1771 1776 1824 1841 pc·

651 1873 717 1939 rias
738 1872 901 1957 genimina
922 1873 1112 1958 viperarum.
1147 1872 1230 1939 Acta
1252 1878 1327 1939 sunt
1349 1874 1407 1939 hec
1429 1892 1512 1939 anno
1535 1872 1704 1939 millesimo
1721 1876 1823 1939 cene

652 1988 734 2055 simo
756 1989 964 2072 sexagesimo.

741 2104 769 2171 0
790 2103 978 2187 cardinales,
1001 2104 1095 2171 buius
1118 2104 1165 2171 rei
1188 2123 1244 2170 vos
1267 2104 1343 2171 esne
1361 2104 1498 2171 initium.
1535 2104 1647 2171 Venite
1663 2122 1751 2187 ergo,
1774 2122 1822 2169 rc-

651 2220 734 2305 nitc,
761 2220 887 2287 haurite
913 2239 1000 2287 nunc
1026 2226 1059 2286 et
1085 2221 1166 2287 ferte
1197 2220 1411 2287 architriclino
1434 2224 1539 2287 vestro
1562 2219 1705 2302 diabolo,
1734 2220 1821 2303 eique

652 2334 761 2403 offerte
783 2356 857 2403 cnm
880 2357 933 2420 aa,
963 2356 1058 2420 qnam
1081 2335 1275 2419 deglutiens,
1306 2336 1441 2423 pecunia
1464 2336 1559 2401 etiam
1581 2340 1707 2401 vosmet
1728 2335 1821 2421 ipsos

740 2450 927 2537 Perpetrato
949 2452 1009 2519 boc
1030 2451 1164 2535 scelere,
1188 2451 1304 2519 aliurnb
1327 2451 1388 2519 sibi
1410 2463 1536 2517 creare⁰
1558 2456 1709 2535 satagunt
1730 2450 1824 2519 scele-

651 2566 744 2650 rati¹,
768 2566 887 2633 nullam
909 2567 1043 2651 clericis,
1066 2587 1201 2652 quorum
1224 2568 1385 2649 intererat,
1409 2566 1561 2650 eligendi·
1576 2566 1738 2635 licentiam
1753 2586 1825 2635 eon·
1915 2624 1916 2649 ,

650 2682 807 2749 cedentes.
842 2683 1077 2769 Assumptoqoe
1099 2683 1234 2767 quodam
1249 2682 1393 2766 Rndolfo,
1412 2683 1597 2766 cognomine
1611 2682 1824 2765 Globelcncb¹,

650 2798 770 2865 fratre⁸
792 2798 930 2865 seilicet¹¹
947 2798 1036 2865 ducis
1058 2794 1261 2883 Zeringiae¹¹‚
1290 2798 1381 2867 eum*
1395 2799 1429 2864 in
1452 2800 1559 2867 sedem
1581 2798 1748 2883 collocant,
1773 2799 1824 2865 arl-

650 2914 713 2980 huc
741 2914 837 2981 occisi
865 2914 1021 3000 praesulis
1049 2916 1202 2998 sanguine
1224 2914 1453 2997 fumigantem'.
1488 2914 1557 2981 Hoc
1579 2921 1686 2983 antem
1708 2916 1824 2981 foetum

652 3035 715 3113 est,
743 3036 780 3097 ut
802 3036 933 3116 possent
953 3030 1105 3095 ultionem
1128 3030 1382 3115 imperatoriam,
1410 3050 1505 3116 quarn
1529 3031 1681 3116 quidem·
1703 3052 1823 3098 marne

648 3151 734 3230 rant,
757 3146 887 3213 evitare.
925 3144 1006 3213 Erat
1028 3146 1113 3212 enim
1135 3145 1220 3214 idem
1242 3144 1394 3213 Rudolfns
1418 3147 1467 3213 vir
1488 3151 1601 3232 potens
1616 3148 1669 3213 in¹¹
1685 3148 1823 3231 amieis‘,

650 3262 752 3347 ipsius
774 3262 978 3348 imperatoris
1007 3262 1258 3345 consanguineus
1286 3263 1492 3350 propinquus.
1531 3262 1592 3329 Hic
1614 3284 1673 3349 pro
1695 3264 1824 3331 inresti-

651 3382 725 3443 tura
751 3377 906 3461 regalium
936 3382 968 3443 et
989 3378 1224 3445 consecratione
1247 3398 1305 3444 sua
1328 3398 1365 3444 ae
1387 3378 1483 3465 pallio
1507 3378 1715 3521 acpuirendo
1744 3378 1824 3464 qnod

652 3499 701 3559 est
728 3492 918 3580 pontificalis
946 3494 1075 3559 bonoria
1104 3493 1242 3577 insigne,
1273 3493 1472 3560 consultans*
1495 3514 1532 3563 ac
1560 3500 1759 3581 pertractans
1781 3530 1821 3541 -

652 3610 744 3694 quiaq
772 3611 937 3695 sumptas¹
964 3629 1029 3677 non
1056 3608 1229 3675 habentur·
1258 3610 1291 3675 in
1320 3610 1490 3696 promptu⁸
1519 3648 1561 3659 -
1590 3610 1675 3677 unde
1703 3612 1823 3697 possint

651 3746 703 3793 res
725 3725 925 3791 huiusmodi·
948 3726 1085 3809 acquiri,
1110 3724 1223 3809 quibus
1245 3726 1280 3791 in
1303 3726 1420 3793 honore
1443 3746 1500 3793 suo
1524 3728 1702 3813 anquisita'
1725 3726 1821 3810 digni·

651 3848 702 3909 tas
730 3842 866 3909 obtineri
893 3848 927 3909 et
953 3841 1083 3907 obtenta
1109 3840 1238 3909 valeat'
1268 3844 1462 3924 conservari3
1493 3848 1526 3910 et
1554 3843 1594 3909 ad
1622 3843 1819 3909 nutriendam

651 3958 758 4040 ignem
782 3963 986 4043 sumptuosae
1008 3956 1200 4040 ambitionis,
1224 3958 1315 4043 quasi
1337 3958 1495 4041 lignorum
1517 3964 1654 4043 struem,
1679 3958 1819 4025 secretio-

651 4094 703 4140 res
725 4073 899 4141 consiliarii
912 4073 1047 4141 consilia
1061 4074 1312 4141 subministrant.
1348 4074 1527 4141 Thesaurus
1543 4074 1694 4143 ecclesiae
1708 4074 1818 4141 nimine

725 4335 746 4367 a
766 4324 886 4397 quamqed.
986 4323 1008 4370 b.
1029 4323 1093 4371 aliud
1108 4324 1156 4378 ed„
1178 4322 1248 4369 alinm
1266 4324 1305 4379 W,
1323 4326 1349 4371 F.
1442 4336 1461 4370 e.
1483 4336 1561 4371 curm
1577 4324 1627 4381 ed„
1648 4336 1724 4371 creare
1741 4326 1778 4377 W,
1791 4324 1817 4367 Γ.

652 4401 675 4447 d.
697 4401 804 4447 scelerati
819 4419 862 4448 om.
878 4404 914 4448 ed.
997 4418 1018 4449 a.
1038 4405 1141 4462 potantes
1159 4403 1215 4449 add.
1231 4403 1267 4448 ecl.
1349 4402 1366 4449 i.
1389 4402 1525 4450 Globelaneh
1541 4405 1577 4449 ed.
1659 4416 1679 4463 g.
1699 4403 1767 4451 irator
1781 4404 1818 4446 W.

651 4480 676 4526 h.
694 4480 806 4527 Frideriei
821 4482 869 4535 ed„
891 4482 979 4527 scilicet
996 4484 1035 4538 W,
1053 4486 1078 4529 F.
1161 4482 1177 4527 i.
1199 4480 1305 4539 Toringie
1324 4482 1364 4528 W.
1441 4481 1464 4529 k.
1486 4496 1538 4529 eum
1554 4500 1597 4529 om.
1613 4484 1650 4530 cd.
1725 4482 1741 4529 l.
1759 4480 1819 4527 immi·

652 4563 721 4619 ganto
736 4564 777 4609 W.
855 4575 886 4607 m.
906 4561 999 4621 quidem
1014 4579 1056 4607 om.
1072 4562 1109 4607 erl,
1186 4574 1209 4609 n.
1230 4562 1254 4607 in
1271 4578 1313 4607 cm.
1332 4564 1367 4609 ed.
1446 4576 1467 4611 ο.
1488 4562 1574 4609 amitus
1590 4564 1635 4617 ed„
1652 4563 1729 4610 mitia
1746 4563 1782 4614 17,
1792 4560 1818 4605 f.

651 4654 675 4701 p.
696 4640 818 4687 consilians
837 4644 876 4695 W,
886 4644 911 4687 F.
989 4654 1011 4700 q.
1034 4640 1124 4700 quando
1140 4641 1183 4695 ed,
1201 4641 1255 4699 quia
1272 4644 1312 4697 W,
1322 4644 1346 4689 F.
1424 4656 1443 4688 r.
1465 4645 1555 4703 sumpta
1570 4643 1615 4699 ed,
1632 4644 1734 4701 sumptas
1748 4641 1816 4693 VJ.

653 4732 672 4765 s.
692 4719 830 4766 haberentur
845 4723 870 4767 F.
943 4723 960 4766 i.
982 4718 1011 4765 ad
1026 4722 1155 4779 promptum
1174 4722 1249 4774 Η.
1323 4734 1345 4766 n.
1367 4738 1410 4767 cm.
1429 4724 1501 4776 17,ἱῖ
1571 4736 1594 4768 v.
1614 4722 1728 4782 anqnimla
1742 4719 1818 4777 scriosr'

650 4816 694 4856 pro
709 4800 828 4858 masinile
843 4802 887 4853 cd..
902 4800 1016 4859 acquisita
1028 4802 1069 4853 W,
1078 4802 1103 4846 F.
1181 4812 1209 4847 rr.
1230 4800 1317 4849 amarae
1331 4801 1375 4855 ed„
1391 4798 1467 4848 valeat
1478 4803 1552 4855 Ἠ.

725 4904 750 4957 1.
773 4902 859 4957 fratre
875 4902 1018 4958 Bertnoldi
1029 4904 1068 4960 IV
1087 4903 1165 4959 ducis
1184 4904 1328 4975 Zaringiae
1346 4902 1413 4971 (tilio
1431 4904 1549 4961 comedi
1567 4903 1666 4991 ducis).
