4342 6034
574 806 774 855 canusium
796 805 999 855 cnuomcou
1021 804 1258 853 noeusrmuu
1432 786 1496 851 691

332 952 363 1014 et
386 946 506 1014 inutilis
533 947 745 1033 perhibetnr·.
834 946 906 1014 Adb
929 946 1007 1033 quid
1034 948 1120 1015 enim
1148 966 1242 1031 grues
1267 948 1434 1029 argenteae
1458 943 1500 1009 ad
1518 952 1588 1008 1160

330 1063 544 1146 fumigandum
566 1063 687 1130 altare?
709 1063 860 1130 Poscant·
883 1062 1015 1130 muna*
1039 1070 1072 1130 et
1094 1062 1228 1129 ecclesia
1244 1067 1312 1129 tots
1325 1060 1500 1129 thurificari

330 1178 494 1245 thuribulis
523 1180 648 1267 cupreis
675 1178 904 1246 habundanter.
942 1179 1022 1246 Item
1051 1179 1091 1245 ad
1122 1180 1197 1265 quid
1220 1178 1333 1245 calices
1357 1178 1445 1245 aurei
1468 1181 1501 1243 ct

329 1296 492 1379 gemmati·
506 1300 615 1362 tantae
637 1296 836 1379 quantitatis,
858 1300 894 1361 ut
914 1296 949 1361 iu
971 1295 1018 1361 eia
1039 1314 1103 1362 uon
1119 1294 1245 1361 valeant
1259 1295 1368 1361 divina
1382 1298 1500 1381 myste-

329 1411 376 1477 ria
403 1410 576 1479 celebrari?
610 1410 698 1477 Haec
725 1417 759 1477 ct
787 1411 905 1478 similia
933 1410 1066 1478 consilia
1094 1410 1290 1497 placuerunt.
1333 1408 1435 1490 Quae'
1463 1429 1499 1475 co

329 1532 473 1613 poterant
504 1527 629 1593 facilius
663 1533 696 1594 et
723 1527 816 1593 citius
852 1526 1035 1613 adimpleri,
1065 1538 1156 1611 quoss,
1185 1546 1334 1613 percusso
1362 1530 1500 1613 pastore,

329 1663 403 1725 grex
425 1643 588 1729 dispersus
609 1644 674 1709 iam
698 1644 820 1710 abierat
842 1643 1057 1726 vagabundus.
1091 1642 1244 1709 Rudollns
1266 1662 1340 1726 ergo
1355 1642 1420 1707 iam
1436 1641 1501 1707 dic·

328 1762 378 1825 tus
400 1758 567 1845 episcopus
596 1759 793 1842 nominatur,
823 1758 1075 1845 disponensqueh
1098 1759 1206 1825 itineri
1234 1778 1308 1840 suo,
1338 1756 1502 1825 brachium

328 1872 367 1939 ab
393 1873 451 1939 illa
471 1894 588 1959 magua
609 1893 718 1958 cruce,
748 1874 799 1939 de'
823 1894 886 1958 qua
907 1895 1006 1960 supra
1027 1876 1220 1941 mentionem
1243 1874 1391 1957 fecimus,
1422 1892 1502 1957 quae

328 1988 453 2056 Reunak
475 1991 645 2057 vocabatur
654 1986 672 2073 ¹,
696 1989 737 2055 ad
758 2010 835 2055 usus
851 1992 1046 2057 necessarios
1061 1992 1254 2077 amputavit3
1277 1988 1412 2056 fideliter
1428 2008 1502 2075 pro-

326 2104 454 2173 mittens
483 2126 519 2173 se
546 2110 769 2192 reparaturum
796 2104 959 2171 brachium
982 2106 1124 2191 aequalis
1147 2106 1296 2193 ponderis
1320 2111 1352 2173 et
1373 2104 1501 2188 valoris,

327 2221 355 2286 si
374 2226 505 2308 peracto
528 2222 657 2305 negocio
679 2240 869 2308 prosperum
890 2221 954 2288 iter
976 2222 1005 2288 ei
1026 2222 1147 2289 faceret
1168 2221 1265 2289 Deus.

412 2336 628 2404 Proficiscitur
660 2358 771 2403 versus
800 2336 943 2427 Romam.
989 2336 1052 2403 Sed
1080 2337 1320 2423 praevolauerat
1346 2336 1433 2403 fama
1462 2335 1502 2401 ad

326 2453 461 2538 curiam,
485 2454 673 2538 quaefacta
693 2454 835 2537 fucrant,
864 2454 1081 2521 manifestans.
1116 2453 1160 2519 Et
1182 2454 1383 2522 venerabilis¹
1405 2472 1500 2540 papa,

325 2573 426 2635 tactus
452 2569 559 2636 dolore
582 2569 685 2635 cordis
708 2570 898 2635 intrinsecus
922 2570 961 2635 de
984 2576 1086 2636 morte
1110 2570 1329 2637 crudelissima
1346 2570 1501 2655 archicpi-

326 2686 425 2771 scopi,
451 2690 485 2751 et
506 2684 545 2751 de
566 2685 717 2751 insania*
738 2685 925 2751 intrusionis
939 2684 1063 2751 Rndolli
1086 2706 1144 2771 per
1166 2706 1296 2753 manum
1316 2686 1446 2769 laicam,
1470 2690 1503 2751 et

325 2820 433 2867 corum
462 2802 618 2884 maxime,
647 2801 701 2884 qui
729 2801 850 2866 crimen
871 2800 1034 2867 homicidii
1056 2807 1296 2888 perpetrarunt,
1325 2803 1429 2888 ipsam
1452 2802 1501 2866 in-

324 2918 510 3000 trusionem,
533 2915 731 2983 intrudentes
754 2935 827 2982 cum
848 2917 987 2999 intmso,
1007 2918 1348 2985 excommunicationis
1372 2916 1502 2983 anathe-

325 3039 408 3100 mate
430 3032 686 3118 condempnavit.
720 3030 873 3097 Rudolfus
896 3031 1086 3099 Clohelouch
1109 3034 1149 3099 ad
1172 3034 1294 3100 curiam
1308 3032 1502 3099 Romanam·¹

396 3196 417 3230 a.
438 3182 622 3243 prohiheturW.
682 3182 706 3228 b.
725 3180 762 3228 Ad
779 3200 822 3228 om.
830 3183 866 3228 ed.
926 3196 947 3228 c.
968 3182 1050 3229 Posset
1063 3185 1108 3238 ed,
1124 3184 1221 3230 l’osscut
1238 3186 1312 3240 W,F.
1370 3182 1393 3231 d.
1415 3183 1502 3229 amad.

326 3277 345 3309 e.
365 3266 477 3321 geminate
495 3264 535 3309 W.
596 3261 614 3309 i.
634 3262 689 3322 quia
703 3265 728 3309 F.
791 3276 814 3321 g.
836 3262 897 3321 quod
913 3266 939 3310 F.
1001 3262 1025 3309 lu
1048 3263 1174 3323 &ponens
1193 3267 1232 3319 W,
1247 3268 1273 3311 F.
1336 3264 1352 3309 i.
1372 3262 1502 3309 de-leci-

326 3356 374 3388 mus
391 3361 433 3389 oss.
453 3346 493 3396 W,
508 3346 534 3389 F.
616 3341 640 3387 k.
662 3342 742 3389 Genus
759 3344 798 3388 W.
876 3342 892 3388 l.
914 3360 956 3388 om.
972 3344 1008 3388 ed.
1086 3357 1116 3389 m.
1137 3344 1230 3390 infamis
1246 3345 1295 3401 ed,
1315 3344 1405 3390 insania
1423 3346 1462 3396 W,
1477 3344 1502 3389 F.

325 3434 348 3467 n
368 3438 411 3467 om.
427 3422 465 3469 ed.

397 3520 422 3572 1.
446 3516 494 3586 Ei,
517 3515 592 3585 quod
614 3515 643 3571 in
664 3514 806 3571 codicibus
823 3515 1040 3586 Wirassmrgenei
1061 3522 1091 3572 et
1108 3516 1331 3573 Francofiirtcnei
1348 3515 1398 3585 (cl.
1418 3530 1502 3584 supra

324 3622 352 3676 p.
365 3608 430 3673 677)
449 3604 592 3675 reperitur,
611 3603 730 3659 chronici
742 3604 824 3659 huius
836 3603 991 3674 fragmento
1002 3606 1107 3661 inserta
1119 3606 1188 3661 haec
1200 3611 1279 3663 sunt:
1300 3621 1403 3677 ,quam
1415 3620 1500 3674 quon-

325 3693 387 3748 dam
405 3694 567 3763 willegisus
584 3693 802 3762 lloguntincnsis
824 3693 1059 3765 archiepiscopus,
1083 3711 1184 3765 gerens
1202 3711 1296 3751 curam
1314 3694 1400 3764 regis,
1425 3693 1500 3749 vide-

324 3782 388 3837 licet
406 3780 514 3837 Ottonis
532 3781 617 3851 tercii,
636 3786 665 3836 et
683 3782 760 3851 regni
777 3798 827 3852 per
845 3798 932 3837 annos
945 3789 1009 3853 tres,
1028 3799 1063 3838 ex
1076 3784 1178 3840 tributo
1191 3782 1435 3854 Longobardorum
1448 3780 1501 3836 sibi

324 3868 466 3940 deputato,
484 3869 615 3925 videlicet
626 3886 726 3939 annuo,
746 3870 818 3925 mille
830 3875 859 3925 ct
870 3870 996 3925 ducentis
1007 3870 1084 3927 libris
1097 3874 1156 3927 auri
1168 3874 1314 3943 purissimi,
1332 3870 1406 3926 fusili
1418 3886 1500 3939 opere

324 3957 383 4015 ieri
405 3958 474 4015 fecit
496 3974 532 4015 ex
555 3974 623 4015 auro
646 3959 806 4030 purissimo,
829 3959 858 4013 in
881 3960 959 4015 cuius
983 3962 1141 4017 summitate
1158 3963 1277 4017 celatum
1295 3964 1367 4017 erat:
1393 3959 1500 4031 „Auri

324 4054 470 4103 sexcentas
487 4047 573 4103 babet
589 4047 641 4103 hcc
659 4064 726 4102 crux
744 4064 829 4103 aurea
845 4048 1025 4103 libras““.·-
1045 4048 1101 4103 Sed
1119 4050 1188 4105 haec
1206 4066 1241 4105 ex
1258 4048 1411 4105 Annalibus
1430 4047 1500 4102 Pali-

325 4134 456 4191 densibus
474 4136 551 4191 illata
568 4151 629 4191 esse
647 4136 788 4205 videmus,
813 4136 861 4191 ubi
879 4137 914 4191 ad
933 4153 958 4191 a.
971 4138 1024 4191 983
1044 4138 1132 4202 (lion.
1146 4138 1237 4194 Germ.
1251 4137 1299 4194 SS.
1313 4138 1380 4194 XVI
1392 4138 1441 4202 65)
1460 4136 1500 4191 sic

323 4229 381 4279 eet:
401 4240 457 4296 ,ac
474 4224 575 4279 deinde
592 4224 769 4294 hioguntinus
786 4228 893 4296 presul,
915 4226 1020 4280 scilicet
1036 4226 1202 4296 willigisus,
1221 4242 1271 4296 per
1288 4226 1434 4281 triennium
1454 4240 1500 4279 cu-

322 4329 382 4368 ram
400 4315 545 4383 utriusque
557 4312 677 4380 (Ottonis
694 4316 768 4384 regis
786 4321 815 4371 et
831 4315 920 4384 regni)
939 4314 1054 4384 peregit.
1081 4315 1134 4380 Qui
1146 4315 1181 4369 de
1193 4314 1295 4370 tributo
1307 4313 1499 4383 Longohardic

322 4400 376 4457 sibi
393 4404 503 4458 interim
521 4402 662 4473 deputato,
680 4403 809 4458 videlicet
827 4404 899 4458 mille
917 4406 946 4458 et
964 4402 1091 4468 ducentis
1108 4402 1183 4457 libris
1202 4404 1262 4457 auri
1273 4403 1419 4473 purissimi,
1439 4418 1499 4457 cru·

323 4506 383 4547 cem
406 4490 482 4547 fusili
504 4506 587 4561 opere
610 4490 670 4546 fieri
692 4489 771 4561 fecit,
795 4493 891 4547 Benuo
914 4492 1029 4561 dictam,
1054 4492 1083 4545 iu
1106 4492 1184 4547 cuius
1205 4492 1362 4547 summitate
1381 4490 1499 4547 colatum

322 4585 397 4636 erat:
417 4580 525 4652 „Auri
543 4585 688 4635 sexcentas
706 4578 758 4634 hec
775 4596 843 4635 cmx
860 4580 945 4636 hahet
962 4595 1047 4636 aurea
1063 4579 1197 4635 libras““.
1225 4580 1320 4635 Crucis
1335 4580 1381 4635 illa
1393 4578 1499 4648 effigies

323 4669 351 4724 in
368 4670 440 4740 pede
458 4670 569 4725 sinistro
586 4668 730 4738 digitulam
747 4685 814 4725 cusu
826 4670 925 4741 amisit,
944 4686 1006 4740 que,
1024 4674 1081 4724 tam
1094 4684 1163 4739 puro
1176 4684 1242 4723 auro
1254 4684 1305 4738 per
1315 4672 1402 4723 totam
1416 4668 1498 4723 ctiam

322 4760 440 4827 patriam
464 4758 585 4829 quesite,
609 4772 664 4812 non
688 4761 797 4827 poterat
814 4760 969 4829 equiperari
977 4758 1000 4813 “.
1020 4789 1053 4798 -
1073 4756 1178 4813 Similia
1196 4758 1231 4813 de
1249 4758 1345 4813 Benna
1362 4772 1443 4812 cruce
1461 4758 1498 4812 le·

322 4852 428 4915 guntur
445 4849 473 4903 iu
490 4848 590 4903 Annal.
609 4846 637 4902 S.
650 4846 777 4902 Dieibodi
795 4846 831 4901 ad
849 4864 874 4902 a
889 4848 959 4902 1160
977 4850 1006 4902 et
1025 4848 1093 4902 1161
1108 4846 1190 4915 (non.
1204 4846 1295 4903 Germ.
1309 4844 1358 4903 SS.
1370 4844 1451 4903 XVII
1463 4846 1498 4900 29

323 4940 352 4990 at
368 4936 424 5003 30).
452 4934 493 4992 Gt.
512 4952 596 5007 supra
612 4953 640 5007 p.
655 4937 716 4991 681.
726 4937 788 4991 682.

1221 5032 1284 5088 44¹2
