4342 6034
660 740 848 788 narsuonsa
870 739 1099 789 nocnnrnvaa
1123 740 1153 786 ao
1425 722 1490 789 359

414 878 491 947 Oum
512 880 604 948 nobis
627 882 828 967 audquorum
849 887 977 969 patrum
999 882 1198 969 praecipiant
1217 880 1366 949 institute
1386 881 1436 949 bis
1457 882 1491 949 in

334 1016 406 1062 anno
428 996 588 1080 generalia
609 997 769 1064 celebrare
791 998 939 1082 concilia,
962 997 1079 1064 bonum
1102 1004 1135 1065 ot
1155 997 1234 1065 utile
1255 997 1334 1063 mihi
1357 997 1491 1081 videtur,

331 1116 363 1178 ot
381 1112 557 1178 huiusmodi
579 1112 737 1180 institutio
758 1114 876 1179 nostris
898 1114 1094 1199 temporibus
1117 1113 1230 1180 saltem
1252 1112 1350 1181 semel
1373 1132 1492 1179 onnus-

330 1227 382 1293 tim
415 1228 520 1293 minus
547 1227 734 1312 negligatur.
772 1227 856 1295 llam
885 1229 1009 1313 qnando
1036 1228 1294 1315 praedecessores
1324 1228 1425 1295 nosti
1454 1228 1493 1295 de

330 1342 461 1409 conciliis
482 1342 635 1410 molendis
657 1344 826 1427 vigilanter
848 1344 1010 1427 curabant,
1033 1344 1152 1411 multae
1170 1345 1304 1411 virtutes
1326 1344 1361 1409 in
1384 1348 1494 1411 sancta

330 1459 468 1544 eeclesia,
498 1460 588 1545 qnasi
615 1460 650 1525 in
677 1459 841 1525 iuventute
869 1459 940 1544 sua,
967 1458 1088 1527 fertiles
1117 1464 1149 1527 et
1174 1458 1330 1527 floriferae
1352 1460 1492 1543 inerant3

329 1596 401 1660 quae
422 1596 517 1660 nuno,
540 1574 621 1663 proh
644 1574 744 1658 dolor,
766 1579 898 1662 propter
919 1574 1005 1641 illius
1028 1576 1152 1643 senium
1173 1581 1205 1641 ct
1220 1571 1396 1642 senectam¹
1411 1594 1493 1661 pene

328 1692 466 1758 redactae
494 1696 569 1757 sunt
594 1692 628 1757 in
657 1691 794 1757 cinerem
824 1697 857 1757 et
882 1690 1034 1757 favillam.
1075 1690 1138 1758 Sed
1166 1710 1222 1757 cur
1249 1690 1336 1757 illius
1364 1690 1493 1777 increpo

328 1812 530 1890 seneotutem,
560 1826 631 1873 eum
659 1812 801 1873 noemam
830 1807 936 1892 potius
957 1808 1123 1893 inerepare
1145 1806 1291 1874 deberem
1314 1806 1491 1891 segnitiem.

328 1922 408 1988 Illius
431 1924 515 1989 enim
539 1942 615 1989 voce
637 1922 753 1989 dicitur
774 1942 833 2008 per
855 1922 1059 2008 prophetam:
1082 1923 1240 1991 Veturiam
1253 1924 1404 2009 facconi
1420 1922 1492 2010 pel-

328 2038 380 2103 lem
400 2034 531 2105 meam¹.
565 2036 631 2105 Nos
654 2058 729 2122 ergo
751 2043 880 2104 sanctae
903 2038 1052 2104 ecclesiae
1069 2037 1160 2123 pellis
1176 2058 1295 2122 sumus,
1318 2036 1373 2123 qui
1388 2056 1493 2105 sacra·

327 2159 427 2220 menta
453 2153 540 2221 illius
568 2159 600 2220 et
620 2153 783 2237 religionis
806 2153 1038 2220 observantiam
1063 2153 1284 2240 amplectimur
1306 2158 1338 2220 et
1359 2154 1493 2227 circum

327 2268 448 2350 damus3
473 2288 568 2354 quam
589 2268 705 2356 pellem
727 2270 799 2355 ipsa
820 2269 906 2335 dolet
928 2276 961 2336 et
981 2270 1123 2353 loquitur
1137 2270 1227 2337 viciis
1242 2269 1360 2335 nostris
1374 2268 1493 2336 iactam

325 2384 415 2451 luisse
440 2390 607 2469 vatnam,
632 2385 791 2469 quianon
815 2385 930 2471 aspicit
950 2386 985 2451 in
1007 2384 1109 2469 uobis,
1133 2404 1228 2471 quam
1244 2385 1369 2471 aspexit
1386 2385 1420 2451 in
1434 2404 1492 2471 pa-

325 2500 418 2567 tribus
442 2500 595 2567 virtutum
618 2499 885 2586 pulchritudinem
909 2500 1044 2567 solitam.
1079 2498 1181 2584 Unde,
1203 2500 1372 2567 karissime
1393 2501 1492 2568 frater

327 2621 355 2682 al
373 2617 515 2700 domine,
545 2616 750 2682 discutiamus
771 2636 830 2682 nos
853 2636 871 2682 e
893 2616 1023 2702 pulvere
1044 2616 1193 2702 pigritiae
1214 2622 1358 2700 nostrae,
1382 2636 1492 2701 surga-

1546 890 1616 945 1024

1502 966 1554 1011 onio
1570 963 1624 1011 Ital.
1630 965 1660 1011 18

326 2750 390 2797 mus
414 2750 514 2818 ocyus
536 2751 647 2798 somno
669 2731 881 2815 negligentiae
903 2736 950 2815 et,
981 2732 1055 2816 quia
1077 2737 1205 2799 saneim
1228 2732 1378 2799 eeclesiae
1399 2732 1492 2819 pellis
1569 2780 1571 2790 .

327 2867 439 2932 sumus,
463 2867 651 2915 renovemur
672 2847 760 2913 velut
782 2848 906 2932 aquilae
927 2848 1090 2914 iuventute
1112 2848 1248 2914 virtutis

406 2964 477 3031 Hac
499 2964 539 3030 de
561 2982 751 3030 causacum
772 2964 923 3029 iratribus
944 2962 1062 3029 nostris
1084 2962 1209 3029 decrevi
1232 2968 1264 3029 et
1285 2964 1392 3047 statui,
1415 2982 1491 3029 con-

327 3080 428 3146 venire
455 3100 514 3146 nos
543 3080 577 3145 in
604 3079 759 3145 nnumin
782 3078 892 3162 vigilia
913 3079 1106 3145 ascensionis
1128 3072 1276 3143 Domini⁸
1298 3078 1333 3145 in
1354 3078 1422 3145 Ioco
1445 3080 1492 3145 vi·

328 3196 391 3262 cino
419 3196 476 3283 qui
503 3195 619 3261 dicitur
641 3192 804 3261 Hoststi·⁴
824 3196 915 3261 iurts
936 3193 1080 3277 Mogum‚
1109 3200 1145 3260 ut
1167 3194 1312 3261 omnibus
1334 3194 1438 3260 cordis
1461 3200 1494 3261 et

329 3312 419 3379 mimi
442 3312 563 3378 viribus
587 3330 788 3378 occurrmus
805 3316 933 3377 emotae
948 3312 1060 3377 matris
1076 3310 1226 3377 ecclesiae
1241 3310 1490 3377 necessitatibus.

406 3427 545 3495 Proinde
566 3446 641 3494 vero
664 3446 806 3493 seorsum
829 3426 921 3512 cupio
944 3446 985 3493 ex
1006 3433 1061 3493 too
1083 3431 1342 3513 caeterorumque
1357 3426 1491 3493 fratrum

327 3551 500 3611 nosborum
527 3543 659 3610 consilio
687 3542 822 3608 ducere:
852 3541 891 3609 de
916 3542 1074 3626 legatione
1097 3542 1180 3609 sedis
1203 3541 1394 3629 apostolicae
1416 3542 1491 3627 quid

327 3658 460 3726 facturus
482 3660 553 3725 sim.
588 3658 679 3742 Quia,
702 3658 785 3724 sicut
807 3662 901 3724 autea
922 3658 981 3725 tibi
1003 3678 1060 3744 per
1083 3658 1251 3744 epistolam
1273 3678 1378 3725 meam
1400 3676 1490 3724 man·

328 3774 409 3859 davi,
443 3796 483 3841 ex
512 3774 670 3841 delatione
699 3773 984 3839 anathematizatae
1011 3768 1145 3839 Imme⁵⁶
1173 3769 1383 3860 apostolicus⁶
1411 3772 1491 3841 mihi

326 3888 485 3957 interdixit
506 3895 636 3957 ornatus
659 3890 778 3976 primos
801 3888 965 3973 dignitatis
987 3908 1086 3955 meae.
1121 3889 1198 3956 Inde
1220 3908 1306 3973 vero,
1328 3908 1400 3955 cum
1416 3908 1489 3955 con·

327 4006 446 4087 gradior
477 4026 602 4073 mecum
635 4006 670 4070 in
697 4004 891 4071 conscIcntia
919 4024 1006 4088 mea,
1040 4004 1182 4071 nascitur
1210 4006 1289 4071 mibi
1317 4004 1489 4071 consolatio

327 4140 458 4203 summa3
482 4122 539 4189 sed
561 4142 633 4188 cum
656 4122 792 4205 intueor,
815 4120 890 4205 quid
913 4120 984 4185 aliis
1006 4121 1109 4206 possit
1131 4122 1267 4206 evenire,
1291 4121 1319 4187 si
1341 4120 1426 4187 istud
1440 4120 1489 4186 in·

328 4235 495 4305 dlecussum
517 4244 584 4304 tam
606 4236 699 4303 lsoile
724 4236 856 4320 labitur,
878 4256 984 4302 meror
1004 4236 1084 4302 mihi
1108 4237 1256 4303 continuo
1279 4254 1412 4319 magnus
1435 4236 1490 4303 ob-

329 4353 429 4421 oritur.
464 4354 565 4438 Unde,
590 4352 738 4439 quoniam
760 4372 870 4419 omnes
891 4372 1000 4417 sumus
1023 4351 1141 4438 inpulsi
1163 4352 1340 4436 adoneum,
1362 4370 1426 4417 non
1440 4351 1489 4417 fu·

394 4564 413 4597 a
433 4550 529 4597 Hostetz
545 4550 590 4603 ed„
605 4566 663 4595 corr.
679 4548 818 4597 Giesedraecis
833 4551 856 4593 ia
872 4547 970 4594 Hosteti.
1047 4547 1069 4593 b.
1092 4546 1161 4593 Immo
1176 4550 1261 4607 scripsi
1272 4562 1315 4607 pro
1331 4547 1354 4593 in
1370 4560 1406 4593 me
1422 4547 1459 4593 ad.

394 4656 417 4708 1.
434 4654 476 4710 cl.
489 4655 535 4709 Pa.
549 4654 648 4723 70,18.
737 4654 763 4707 2.
782 4651 883 4707 Tbreni
900 4653 926 4720 3,
938 4652 969 4707 4:
990 4655 1149 4721 ,vetustam
1167 4650 1234 4707 iecit
1251 4650 1347 4721 pellem
1367 4649 1488 4705 mesm“.

331 4738 355 4791 3.
378 4743 482 4797 liltrii
495 4744 573 4798 1024.
662 4741 689 4795 4.
713 4740 827 4796 libebat
915 4740 942 4794 b.
966 4740 1027 4794 sive
1043 4740 1251 4809 Irmengardae,
1270 4738 1362 4794 uxoris
1380 4736 1489 4794 Ottonis

333 4830 429 4885 comitis
446 4830 729 4887 Hammemteinensis
817 4830 843 4885 6.
866 4827 1033 4883 &nedictus
1045 4828 1120 4885 VIII.
