4342 6034
526 894 579 949 u48

479 968 624 1028 postiiaium

641 726 707 793 208
890 742 917 791 e.
934 742 1112 791 normann
1132 744 1178 791 nr
1198 744 1303 791 uunur
1323 742 1512 791 uumromn
1537 742 1569 789 ro

640 891 744 953 tomus
767 904 824 971 per
853 882 944 949 illum
974 884 1029 968 qui
1057 889 1107 951 est
1133 884 1433 971 omnipotens‚·qui
1460 883 1554 951 dioitz
1589 884 1706 971 lupum
1735 887 1818 949 enim

640 1026 744 1068 meum
770 1023 866 1067 suove
896 1014 956 1081 est,
987 1014 1016 1067 et
1044 1024 1123 1067 onos
1151 1024 1256 1067 meum
1284 996 1374 1067 louet
1421 999 1548 1067 Stemus
1577 999 1612 1065 in
1640 998 1763 1085 praelio
1784 998 1817 1065 in

642 1118 694 1184 die
716 1110 873 1199 Domini¹‚
897 1115 972 1201 quis
994 1115 1062 1181 dies
1084 1115 1299 1185 tribulationis
1321 1120 1355 1183 et
1373 1111 1536 1200 angustie·
1551 1120 1709 1181 venerunt
1722 1134 1819 1200 super

642 1253 710 1299 nos.
756 1230 947 1314 Moriumur,
976 1231 1004 1297 si
1026 1230 1114 1298 Deus
1143 1231 1293 1316 uoluerit,
1322 1252 1381 1318 pro
1404 1231 1523 1299 sanetis
1544 1230 1667 1315 legibus
1689 1236 1819 1317 patrum

643 1354 839 1433 nostrorum,
868 1352 905 1413 ut
925 1347 1136 1415 hereditatem
1157 1368 1231 1415 eum
1251 1346 1316 1413 illis
1339 1352 1501 1415 aeternum
1523 1348 1675 1432 uonsequi
1697 1366 1820 1413 merea·
1930 1323 1931 1360 Ὗ

643 1485 723 1531 mur.
769 1462 840 1529 Non
869 1464 968 1530 simus
997 1484 1092 1531 eanes
1120 1460 1229 1548 muti‘,
1257 1483 1323 1530 non
1350 1464 1450 1529 simus
1480 1463 1570 1529 taciti
1591 1462 1820 1548 speoulatores,
1930 1503 1931 1528 r

642 1600 707 1647 non
729 1580 828 1646 simus
851 1580 1077 1647 meroennarii·
1092 1580 1204 1667 lupum
1217 1575 1406 1664 fugientes⁸3
1430 1578 1486 1646 sed
1499 1582 1644 1665 pastores
1660 1578 1821 1662 seditior,

643 1696 810 1780 vigilantes
833 1716 931 1783 supra
952 1716 1080 1781 gregem
1103 1695 1232 1780 Christi,
1255 1695 1475 1783 praedicantes
1490 1693 1622 1761 maiori⁰
1637 1713 1676 1761 uo
1690 1695 1820 1779 minori,

643 1812 735 1879 diuiti
764 1816 796 1879 ot
823 1813 958 1899 pauperi
987 1832 1080 1879 omno
1108 1811 1276 1879 eonsilium
1303 1812 1380 1897 Dei,
1414 1810 1559 1877 omnibus
1587 1810 1741 1894 gradibus
1770 1810 1823 1878 vel
1930 1837 1931 1906 p

643 1928 816 2011 aetatibus,
844 1928 879 1994 in
902 1934 1055 2013 quantum
1077 1926 1164 1995 Deus
1187 1928 1353 1995 donaverit
1373 1946 1484 2015 posse,
1513 1932 1686 2013 oportune,
1709 1927 1822 2014 inpor-
1930 1925 1931 2000 i

643 2050 735 2129 tune,
768 2062 805 2111 eo
834 2044 928 2111 modo
956 2044 1036 2129 quo‘
1059 2049 1188 2111 eauotus
1211 2042 1383 2130 Gregorius
1403 2045 1439 2111 in
1461 2045 1543 2113 libro
1564 2042 1723 2132 pastorali
1745 2063 1822 2111 eou-

643 2160 780 2248 seripsit.

732 2276 882 2343 Preterea
903 2294 967 2341 non
988 2280 1077 2342 taoeo
1101 2276 1226 2343 oarituti
1255 2281 1396 2361 vestrae,
1426 2278 1516 2362 quia·
1540 2276 1687 2343 omnibus
1718 2276 1822 2342 servis

643 2392 724 2475 Dei,
754 2392 808 2477 qui
836 2390 888 2459 hio
909 2390 960 2459 uel
982 2392 1016 2458 in
1044 2392 1202 2477 scripturo
1229 2392 1281 2460 uel
1308 2393 1344 2459 iu
1371 2393 1486 2461 timore
1508 2392 1570 2461 Dei
1598 2390 1823 2479 probatissimi
1930 2375 1931 2414 ³

643 2514 727 2593 sum7
751 2506 904 2575 videtur‘:
929 2508 1014 2593 quod
1036 2508 1154 2575 bonum
1176 2514 1278 2575 esset⁸
1301 2515 1333 2576 ot
1354 2510 1504 2577 honestas
1526 2514 1559 2577 et
1576 2507 1750 2596 pudioitia¹¹
1766 2516 1832 2575 vs-'
1930 2507 1931 2594 ζ

643 2630 728 2691 strae
751 2622 901 2691 eeclesiae
923 2624 966 2691 ot¹
990 2623 1119 2709 aliquod
1139 2623 1352 2693 uelamentum
1375 2626 1599 2713 turpitudinis,
1620 2624 1650 2692 si
1669 2624 1823 2711 prohibe-
1930 2623 1931 2670 ἲ

642 2746 692 2809 ret
720 2740 858 2828 synodus
887 2746 919 2807 et
946 2740 1107 2827 prinoipes
1133 2741 1232 2808 rostri
1259 2742 1445 2809 mulieribus
1474 2748 1508 2809 et
1533 2739 1667 2809 velastisk
1689 2740 1823 2807 sommis

641 2856 721 2925 illud
743 2857 805 2925 iter
828 2861 860 2924 et
880 2856 1102 2942 frequentium,
1125 2875 1219 2943 quum
1241 2858 1283 2925 ad
1295 2857 1472 2925 &manum
1486 2858 1648 2925 ciuitatem
1662 2856 1823 2925 veniendo

642 2979 675 3042 ot
696 2972 856 3041 redeundo
879 2973 1009 3041 foeiunt.
1048 2972 1130 3052 Quia
1151 2993 1268 3057 magna
1289 2994 1329 3041 ex
1352 2980 1444 3061 parte
1465 2978 1610 3062 pereunt,
1632 2972 1746 3061 pauois
1771 2992 1823 3040 re-
1930 2983 1931 3060 ζ

642 3090 842 3159 manentibus
864 3090 1005 3173 integris.
1052 3088 1215 3177 Perpauoe
1243 3091 1328 3157 onim
1359 3096 1434 3157 sunt
1460 3084 1605 3157 civitates
1634 3089 1669 3155 in
1686 3086 1822 3173 Longo-
1930 3109 1931 3112 ¹

642 3207 765 3275 bardiu¹
788 3205 839 3273 vol
865 3206 899 3271 in
921 3204 1057 3273 Francia
1080 3209 1135 3273 aut
1157 3206 1192 3272 in
1213 3204 1334 3290 Gallia,
1361 3208 1395 3273 in
1423 3227 1487 3293 qua
1513 3226 1578 3273 non
1605 3206 1649 3273 sit
1670 3205 1822 3273 adultera
1930 3289 1931 3292 Ἴ

641 3324 693 3390 vel
715 3322 868 3390 meretrix
890 3321 1014 3405 generis
1036 3320 1224 3405 Anglorum.
1262 3322 1377 3401 Quod⁰
1399 3322 1584 3391 scandulum
1612 3328 1662 3391 est
1689 3327 1723 3389 et
1751 3327 1822 3389 tur·

641 3439 752 3527 pitudo
775 3438 872 3505 totius
895 3436 1045 3505 eeclesiae
1068 3444 1221 3505 uesmaet

731 3554 813 3621 lilud
836 3558 957 3637 autom,
981 3554 1082 3639 quod⁰
1105 3554 1204 3621 luieus
1225 3555 1331 3636 homo,
1355 3554 1406 3623 vol
1427 3556 1591 3642 inperator
1612 3554 1664 3622 sol
1681 3574 1742 3621 rex
1765 3560 1823 3621 aut

644 3670 757 3758 uliquis
780 3670 1010 3757 praefectorum
1025 3669 1076 3737 vel
1091 3670 1253 3755 uomitum,
1276 3670 1430 3738 soeculari
1445 3676 1602 3759 potestate
1621 3670 1732 3756 rums
1757 3672 1822 3740 sibi

643 3808 701 3875 per
729 3786 913 3854 violentiam
945 3786 1051 3873 rapiat
1084 3788 1312 3855 monasterium
1340 3788 1380 3855 de
1409 3793 1567 3875 potestate
1594 3788 1737 3876 opisoopi
1769 3788 1822 3857 vel

644 3903 767 3971 abbatis
789 3902 859 3970 vel⁹
881 3902 1075 3987 abbatissae,
1106 3908 1139 3971 et
1167 3904 1301 3992 iueipist
1321 3904 1391 3991 ipse
1413 3905 1482 3973 viee
1505 3906 1629 3973 abbatis
1650 3924 1765 3989 regere
1789 3911 1823 3973 et

644 4020 759 4087 habere
781 4019 840 4087 sub
863 4040 897 4087 so
911 4020 1081 4087 monaohos
1100 4025 1134 4087 et
1147 4022 1315 4107 pecuniam
1329 4022 1501 4108 possidere,
1525 4042 1605 4107 quae
1619 4022 1682 4089 fuit
1695 4020 1822 4089 Christi

643 4136 795 4221 sanguine
818 4142 1000 4223 oonparata,
1023 4136 1120 4203 talem
1142 4136 1303 4206 hominem
1325 4138 1449 4223 antiqui
1469 4142 1576 4225 patres
1591 4138 1821 4206 nominabant*

715 4292 736 4325 u.
752 4278 880 4325 meroinurii
893 4279 920 4326 V.
982 4278 1005 4325 b.
1021 4278 1120 4326 sollicite
1133 4280 1174 4338 Sp.
1236 4292 1257 4326 o.
1272 4278 1359 4325 maiora
1369 4284 1403 4326 11.
1465 4280 1489 4326 d.
1505 4280 1611 4341 quodni.
1672 4293 1693 4327 s.
1709 4280 1776 4339 quod
1785 4284 1820 4327 11.

642 4359 658 4406 i.
678 4358 835 4419 probatissimi
851 4370 902 4405 esso
917 4358 1022 4405 videntur
1038 4362 1072 4415 Μ,
1090 4372 1124 4418 pr.
1141 4361 1195 4405 suut
1210 4358 1300 4406 videtur
1317 4362 1343 4413 C,
1359 4359 1425 4419 prob·
1440 4360 1547 4407 ridentur
1564 4360 1592 4415 V,
1608 4363 1649 4419 Sp.
1727 4374 1749 4421 g.
1775 4380 1820 4409 οι.

644 4440 701 4495 MV,
717 4441 763 4499 ειη
787 4437 849 4497 quod
868 4438 952 4485 bonum
968 4438 1089 4485 eonsilium
1105 4441 1129 4485 et
1143 4438 1252 4485 honestas
1270 4438 1298 4486 V.
1375 4438 1400 4486 h.
1419 4440 1545 4500 pudicitiae
1562 4441 1619 4496 MV,
1635 4443 1676 4501 Sp.
1755 4444 1773 4489 i.
1796 4447 1820 4490 et

643 4536 685 4565 om.
700 4520 758 4574 MV,
774 4516 884 4565 ousiosim
900 4520 924 4563 ot
938 4535 980 4563 em.
992 4520 1032 4578 Sp.
1095 4518 1119 4565 k.
1140 4518 1421 4574 circinationem
1437 4538 1494 4567 corr.
1510 4520 1661 4568 taetrolV.
1723 4520 1819 4570 LLou·

642 4597 762 4657 gebarthia
779 4602 812 4645 Μ.
898 4612 927 4645 m.
947 4598 1001 4658 quia
1016 4579 1053 4645 Mt*
1137 4614 1160 4646 u
1181 4616 1223 4646 osu
1242 4603 1276 4647 dt.
1363 4614 1385 4647 o.
1404 4599 1445 4647 itte
1463 4603 1540 4647 autom
1560 4601 1601 4661 qui
1616 4604 1657 4656 M,
1677 4600 1717 4648 itte
1738 4604 1818 4649 ntem

642 4678 704 4739 quod
722 4679 750 4725 V.
827 4690 851 4738 p.
870 4680 896 4724 ut
912 4679 970 4725 MV.
1047 4692 1070 4739 q.
1091 4679 1209 4727 nominant
1225 4682 1280 4727 MC.

714 4764 853 4910 praee.
868 4766 909 4835 11,
922 4764 965 4820 eo.
1019 4766 1045 4821 a.
1058 4765 1249 4836 neoniae.
1301 4766 1329 4821 a.
1341 4764 1497 4837 septeni,
1508 4767 1551 4823 15.
1603 4767 1817 4837 annuens.

641 4854 861 4925 s.10.1o,1s.
