4342 6034
646 774 713 842 884
958 789 1146 839 nummulo
1167 788 1396 839 moonruuouu
1418 788 1456 833 11.
1472 788 1503 835 ua

557 942 609 998 871
645 938 712 1001 tute
733 932 916 999 uoueeditur
937 932 994 1016 uti,
1017 920 1128 999 omues
1146 930 1303 1015 monaehi,
1326 948 1435 997 omnes
1450 926 1717 1012 sauotimouinles,
1738 944 1808 1012 quo·
1909 962 1910 985 r

531 1016 629 1077 ΔΜ
646 1049 864 1133 timeumque
891 1048 994 1114 earnis
1020 1046 1204 1115 titillatione
1237 1045 1456 1128 stimulantur,
1490 1045 1691 1132 propositum
1725 1060 1810 1109 suum

645 1162 764 1231 habent
784 1162 963 1250 relinquere
985 1169 1017 1231 et
1039 1164 1080 1230 ad
1102 1162 1216 1229 laieem
1238 1163 1338 1230 vitam
1359 1161 1486 1229 reverti.
1533 1160 1600 1239 Que
1622 1156 1811 1227 cousuetudo
1909 1146 1910 1149 '

645 1300 686 1347 ne
708 1279 902 1367 temporibus
922 1279 1021 1347 vestu
1043 1279 1206 1363 remmiuis
1228 1278 1416 1345 insolescere
1431 1277 1542 1364 possit,
1564 1274 1747 1360 bagItamus
1762 1272 1812 1339 do·

645 1396 851 1462 minationem
872 1400 1026 1462 umnam:
1051 1399 1087 1461 ut
1109 1394 1285 1481 epistolem,
1309 1397 1415 1461 vestm
1437 1393 1624 1459 austeritate
1645 1390 1812 1475 vigentem,

646 1510 815 1598 pusillitati
841 1516 968 1579 nostrae
994 1512 1132 1596 dirigere
1159 1509 1349 1594 dignemini,
1384 1528 1464 1595 quae
1498 1508 1646 1575 iteratum
1673 1507 1814 1595 ipsorum

647 1627 808 1694 ooubnmt
827 1626 1062 1712 obligationem,
1085 1626 1185 1693 douae
1204 1626 1295 1693 nobis
1310 1624 1815 1709 oougruasatisfaotiouereatum

647 1762 740 1809 suum
761 1743 823 1810 risi
843 1742 962 1810 tuerint
982 1742 1168 1811 emendasse
1189 1746 1222 1809 et
1243 1760 1350 1808 eoram
1372 1740 1462 1829 ipsis,
1476 1739 1598 1826 ‘quibus
1621 1740 1815 1808 deeerneuti-

647 1857 707 1925 bus
726 1840 782 1925 eos
804 1857 1028 1943 obligavimus,
1051 1858 1148 1926 stiam
1172 1856 1334 1927 absoluere
1355 1857 1535 1925 debeamus.
1909 1906 1910 1923 r

736 1972 786 2042 De
812 1974 877 2045 illis
903 1976 999 2042 etiam
1027 1974 1234 2058 factionibus,
1264 1994 1360 2059 quae,
1387 1970 1582 2041 Wiobertum
1610 1976 1816 2056 eognomeme
1909 2040 1910 2075 1

648 2089 825 2178 Superbum
848 2096 881 2157 et
901 2089 1004 2157 lilium
1015 2088 1197 2158 Ghuonrodi
1219 2088 1351 2157 iunioris
1371 2095 1508 2173 seoutae,
1531 2088 1706 2155 marimum
1722 2089 1816 2155 inee-

647 2206 746 2275 alesia
764 2207 890 2274 ruinam
912 2207 1063 2292 leserunt,
1085 2212 1196 2275 notum
1218 2206 1262 2273 sit
1283 2205 1382 2289 vebia
1406 2206 1481 2291 quia
1496 2224 1549 2272 eos
1563 2205 1817 2271 exeommunioa·
1909 2178 1910 2195 ¹

647 2324 762 2407 vimus,
784 2322 883 2389 donee
904 2323 1059 2409 poeniteri
1081 2323 1121 2391 de
1143 2320 1317 2389 miserabili
1338 2320 1395 2387 illu
1417 2322 1579 2408 eoeperiut
1599 2326 1717 2405 strage.
1753 2320 1818 2387 lloe
1909 2366 1910 2413 3

647 2438 802 2523 siquidem
824 2436 1071 2525 prouinoialibus
1093 2438 1210 2504 nostris
1234 2442 1285 2505 est
1305 2436 1447 2503 solitum:
1471 2442 1516 2521 ut,
1540 2436 1818 2523 quotieuseumque

647 2552 767 2620 bellum
787 2558 899 2620 oonba
920 2572 1062 2640 paganos
1076 2552 1140 2619 illis
1155 2552 1251 2619 luerit
1265 2552 1430 2638 indiotum,
1453 2552 1582 2637 quidam
1596 2526 1735 2619 Romm
1750 2572 1818 2639 per·
1909 2534 1910 2619 ?

647 2686 723 2752 gere
743 2668 872 2754 quidam
894 2668 1038 2735 dominos
1059 2689 1135 2735 suos
1156 2670 1191 2735 iu
1214 2668 1285 2736 eliis
1308 2670 1489 2754 regionibus
1511 2670 1649 2737 inuisere
1664 2668 1722 2735 alii
1737 2688 1818 2736 mor·

648 2783 705 2851 bos
733 2784 830 2851 etiam
852 2786 990 2870 gestient
1011 2784 1177 2870 simulare,
1208 2790 1281 2853 aut·
1303 2786 1336 2853 iu
1360 2804 1395 2853 se
1417 2791 1528 2853 mutua
1549 2784 1625 2853 oede
1648 2784 1818 2852 beehantes

649 2918 800 2987 moraque
826 2906 991 2987 sequentes
1018 2902 1120 2987 impia
1147 2900 1274 2985 gentilia
1296 2903 1393 2969 etiam
1415 2902 1476 2969 viri
1498 2901 1680 2969 testimonio
1704 2900 1819 2988 pabule
1909 2876 1910 2951 3

647 3016 731 3101 ignis
754 3016 875 3084 aeterni
896 3036 961 3084 uon
975 3022 1144 3085 vereantur
1158 3016 1237 3084 fieri.
1317 3017 1556 3085 Sauobsslmam
1571 3016 1818 3084 dominationem

648 3137 788 3200 vestram
810 3133 865 3200 diu
886 3133 1007 3219 valae,
1034 3132 1163 3218 iugibus
1184 3136 1217 3200 et
1239 3133 1450 3201 devotissimis
1472 3130 1644 3219 implorare
1665 3152 1732 3199 uon
1754 3152 1818 3199 ees·

649 3268 756 3315 samus
783 3250 987 3318 emtionibus.
1079 3248 1206 3336 Seuipta
1240 3254 1289 3317 est
1316 3254 1420 3317 autem
1448 3249 1527 3315 haee
1555 3248 1691 3335 epistole
1717 3248 1818 3337 pridie
1909 3230 1910 3261 ³

649 3364 720 3431 Kal
743 3363 821 3431 llaii
843 3384 926 3432 anno
948 3364 989 3432 ab
1010 3364 1228 3432 ineamatione
1251 3366 1380 3432 Domini
1403 3361 1485 3432 877ι
1506 3364 1680 3432 indietione
1702 3368 1734 3432 4.
1909 3356 1910 3375 ¹

739 3478 872 3547 Missum
899 3500 956 3547 vos
983 3480 1173 3568 perquirite,
1202 3480 1327 3568 quando
1356 3500 1377 3547 a
1403 3481 1494 3549 nobis
1524 3480 1652 3564 abierit3
1688 3500 1729 3549 ne
1758 3500 1818 3567 qua

649 3596 737 3663 baua
758 3596 922 3684 subripere
943 3597 1053 3684 possit
1100 3594 1220 3667 Valete.

655 3781 714 3853 12.
738 3784 919 3851 mutem
947 3785 1201 3873 arobiepsboopus
1228 3786 1436 3871 Mogentiana
1464 3783 1667 3851 Salomonem
1686 3784 1730 3851 II
1752 3787 1817 3873 epi·

739 3922 868 3988 scopam
891 3899 1154 3967 Comtentimera
1177 3902 1221 3967 od
1242 3902 1399 3987 synodum
1420 3893 1554 3967 υοσα7”.
1909 3896 1910 3909 ’

491 4043 633 4101 877-878
738 4031 945 4116 Ltiutbertus)
972 4038 1100 4101 sanotae
1121 4033 1385 4118 Magontu’aoensis
1407 4033 1557 4102 eoelesise
1578 4032 1706 4120 praesul
1725 4034 1818 4101 lustri

651 4153 683 4215 et
704 4149 920 4217 eomaoerdoti
942 4144 1146 4233 Saltomoui)⁸
1168 4150 1201 4217 in
1224 4148 1381 4219 salvatore
1402 4150 1513 4217 mundi
1535 4148 1662 4219 salutes.

723 4296 746 4329 t.
768 4285 809 4330 tut
827 4286 911 4343 rabor·
927 4301 971 4343 pru
991 4286 1016 4330 et
1035 4284 1105 4331 codd.
1186 4282 1209 4329 b.
1234 4284 1360 4331 Bdr'dernt
1376 4286 1468 4331 Weber
1490 4286 1558 4343 Cum·
1574 4286 1616 4331 ἰν.
1631 4286 1703 4333 Gn.
1719 4284 1815 4333 111848

649 4364 765 4409 leer
779 4366 832 4409 Dae
848 4363 993 4409 funestat
1013 4362 1053 4410 da
1073 4363 1173 4417 auctore
1190 4364 1284 4411 Selene
1297 4380 1322 4423 p.
1337 4364 1380 4419 44,
1401 4364 1528 4427 Baalim
1545 4366 1568 4409 a'u
1584 4366 1678 4423 Ouum
1693 4382 1714 4410 ι.
1729 4365 1816 4409 Mm-

649 4456 734 4506 mgea
746 4444 794 4491 711
802 4442 855 4498 236,
870 4444 968 4490 meten
983 4443 1075 4489 uma
1091 4442 1131 4489 der
1145 4442 1255 4497 famulas
1271 4444 1298 4489 11
1307 4442 1361 4490 646.

721 4530 747 4585 l.
769 4528 922 4599 Epistulam
940 4526 1011 4583 bano
1027 4542 1083 4582 non
1100 4542 1125 4582 a
1135 4528 1187 4583 877
1200 4528 1250 4583 sed
1262 4528 1347 4584 a8'll
1361 4528 1490 4599 soriptam
1506 4542 1576 4599 esse,
1595 4542 1631 4585 ex
1642 4526 1816 4584 tudiodonet

649 4616 834 4687 intelligimus.
861 4614 904 4673 Gt.
921 4616 1063 4671 Dttmmler
1079 4616 1137 4673 Das
1154 4616 1335 4673 Formelbueh
1353 4616 1402 4673 des
1419 4616 1507 4675 burh.
1524 4616 1635 4675 Salomo
1652 4634 1679 4689 p.
1692 4616 1741 4673 147
1754 4631 1813 4685 squ.

650 4707 677 4761 8.
700 4706 779 4761 Hane
796 4705 939 4775 epistolam
957 4706 1047 4775 spsu'o
1064 4718 1197 4761 annerum
1216 4706 1267 4761 877
1280 4710 1309 4761 et
1323 4707 1376 4763 878
1394 4706 1523 4776 seriptam
1541 4722 1611 4778 esse,
1629 4704 1760 4777 probabili
1773 4720 1813 4759 ar·

650 4794 856 4864 gumentatione
867 4793 961 4849 dmuit
968 4794 1109 4849 Dummler
1117 4792 1175 4850 Das
1185 4793 1365 4852 Formelbueh
1376 4793 1767 4867 deubiseholsSalomop.135
1773 4809 1812 4863 sq.
1909 4788 1910 4867 l

650 4883 678 4938 8.
701 4883 729 4938 ll
745 4884 874 4953 epueopo
892 4882 1103 4939 Constantiensi.
1909 4886 1910 4893 ³
