4342 6034
625 748 653 797 s.
669 746 846 797 aosrraru
867 746 913 795 nr
933 746 1037 795 uurur
1058 746 1246 796 urmuouan
1272 748 1303 795 ιο
1481 730 1548 796 209

372 892 553 975 raptorem·
576 894 609 955 et
629 888 817 972 sacrilegum
841 894 873 955 et
894 888 1083 955 homicidam
1108 890 1290 975 pauperum
1308 893 1341 955 et
1353 886 1466 975 lupum
1481 888 1549 955 dia·

340 1043 343 1053 ·
371 1004 434 1071 boii
456 1006 632 1073 intrantem
654 1005 688 1070 in
711 1004 793 1071 ovile
816 1002 950 1088 Christi,
974 1011 1006 1071 et
1027 1004 1168 1071 maximo
1190 1004 1401 1071 anathematis
1424 1004 1548 1071 viuculo

370 1120 611 1207 dampnandum
634 1126 709 1187 aute
729 1120 870 1187 tribunat
885 1118 1013 1187 Christi.
1049 1120 1098 1187 De
1119 1119 1237 1187 talibus
1256 1139 1433 1187 memorare
1448 1120 1550 1187 sancti

369 1235 461 1303 Pauli
487 1236 625 1325 apostoli
648 1237 689 1304 ad
711 1234 912 1305 Timotheum
934 1235 1085 1303 dicentis:
1116 1237 1280 1306 Divitibus
1309 1238 1403 1302 huius
1433 1238 1552 1303 scamis·

365 1352 551 1440 pruampei,
574 1376 638 1420 noc
661 1354 792 1441 amabe
815 1376 935 1439 supere,
960 1376 1059 1439 oeque
1081 1376 1210 1441 sperem
1231 1357 1267 1419 ire
1283 1356 1403 1419 casoto
1420 1355 1549 1419 diviua

369 1490 453 1551 nem,
479 1471 536 1535 sed
557 1473 593 1535 ιἰι
616 1470 687 1535 Deo
710 1474 792 1551 otoo,
818 1473 891 1556 qai⁰
910 1482 1056 1557 praestat
1078 1473 1185 1535 οιιιιιὶα
1194 1465 1212 1533 ¹.
1259 1468 1405 1551 Talibus,
1429 1470 1457 1535 si
1480 1488 1550 1535 aee-

370 1583 488 1652 clesiae
510 1585 742 1671 eorreptionem
764 1602 828 1651 uon
850 1585 1066 1671 recipiunt-
1083 1584 1219 1651 ethnicid
1235 1590 1268 1651 et
1280 1582 1443 1670 publicani
1458 1580 1550 1651 sunt²

370 1736 409 1747 -
434 1719 500 1767 nee
522 1702 603 1767 vivis
626 1720 685 1769 neo
707 1702 856 1767 mortuis·
885 1700 1098 1767 communicat
1119 1699 1265 1768 ecclesia‘
1283 1699 1354 1767 Dei.
1390 1700 1519 1766 Talibus
1527 1711 1549 1785 ⁸,

370 1816 456 1902 quod
480 1821 515 1883 et
536 1816 588 1883 hic
611 1822 643 1883 et
671 1816 717 1883 ibi
744 1816 961 1903 reperiuntur,
993 1836 1065 1883 cum
1093 1816 1171 1883 tuba
1191 1816 1254 1884 Dei
1281 1816 1480 1900 clangamus,
1510 1836 1551 1883 ne

369 1938 515 2000 urentes
538 1932 756 2019 dampnemur.

462 2047 716 2135 Supervacuam¹²
730 2053 762 2115 et
771 2046 839 2115 Deo
852 2047 1001 2115 odibilem
1017 2048 1278 2115 vestimentorum
1292 2049 1550 2135 superstitionem

370 2164 459 2231 omni
482 2166 658 2231 mtenhone
679 2164 847 2251 prohibere
871 2162 971 2231 stude.
1019 2164 1101 2243 Quia
1126 2164 1183 2231 illa
1205 2170 1392 2232 ornamenta
1413 2165 1550 2231 veodam

370 2316 411 2327 —
435 2284 476 2347 ut
498 2279 563 2347 illis
586 2281 719 2366 videtur,
743 2282 827 2367 quod
851 2280 890 2349 ab
914 2280 986 2347 aliis
1007 2280 1174 2367 turpitudo
1195 2280 1311 2347 dieitur
1326 2316 1369 2327 ·-
1384 2280 1549 2347 latissimis

369 2395 470 2463 clavis
500 2397 655 2463 vermium
677 2396 884 2481 marginibus¹
909 2395 1048 2481 elavata,
1080 2397 1249 2464 adveutum
1278 2396 1485 2480 audchristi¹‚
1510 2396 1549 2464 ab

368 2510 423 2579 illo
440 2514 642 2597 bmsmissa,
663 2518 887 2600 praecurrunt3
911 2511 1009 2579 illius*
1025 2512 1209 2597 ealliditate,
1225 2532 1282 2599 per
1296 2513 1460 2581 ministros
1476 2533 1549 2580 suos

368 2628 572 2697 introducere
594 2630 704 2697 intra*
726 2629 866 2697 claustra
886 2628 1151 2697 monasteriorum
1173 2629 1415 2697 fornicationem
1444 2635 1476 2697 et
1500 2629 1549 2696 lu-

369 2745 516 2811 noriam¹¹
539 2744 750 2813 elevaturum⁰
767 2746 916 2832 iuvenum
939 2750 971 2813 et
992 2744 1086 2812 foeda
1109 2746 1267 2811 consortia
1290 2750 1322 2811 et
1343 2746 1465 2813 tedium
1487 2745 1549 2813 leo

369 2862 468 2929 tionis
498 2865 531 2929 et
558 2862 709 2929 orationis
732 2866 765 2931 et
785 2862 996 2949 perditionem
1019 2861 1206 2927 animarum.
1245 2860 1332 2928 Haeo
1352 2862 1548 2945 indumento,

370 2978 549 3044 nuditatem
571 2978 696 3045 animae
719 2976 944 3063 significantia,
974 2978 1066 3062 signa
1092 2977 1128 3042 in
1150 2996 1184 3043 se
1206 2976 1377 3043 orandum
1398 2996 1549 3062 arrogan-

370 3095 435 3162 tiae
458 3098 492 3161 et
514 3092 681 3181 superbiae
704 3100 737 3162 et
757 3094 902 3163 luxuriae
926 3100 958 3161 et
986 3094 1155 3177 vanitatis,
1183 3092 1223 3159 de
1251 3093 1364 3179 quibus
1392 3095 1549 3180 sapientia

371 3210 463 3278 dicit:
487 3211 720 3299 Awopuntt'om
743 3224 772 3279 et
793 3212 975 3300 superbiam
998 3225 1027 3277 et
1049 3214 1137 3277 oium
1154 3232 1294 3297 praem
1316 3224 1346 3276 et
1359 3233 1393 3276 os
1409 3210 1548 3297 ditiaque

372 3322 531 3395 decmtm'.

459 3442 574 3511 Fertur
597 3462 720 3529 quoque
742 3444 776 3509 in
799 3443 973 3530 parrochiis
997 3443 1112 3509 vestris
1132 3441 1295 3509 ebrietatis
1317 3440 1436 3507 malum
1451 3442 1546 3507 nimis

373 3560 538 3627 adsuewru
561 3580 641 3644 esse,
664 3566 718 3627 ut‘
733 3580 797 3627 non
821 3560 923 3627 solum
946 3560 1087 3645 episcopi
1108 3558 1238 3643 quidam
1252 3578 1316 3625 non
1331 3558 1546 3645 prohibeaut¹,

373 3676 553 3743 sedetiam
581 3677 644 3763 ipsi
671 3676 766 3743 nimis
795 3675 938 3743 bibentes
965 3674 1178 3759 inebrientur,
1208 3680 1242 3741 et
1270 3674 1349 3740 alios
1377 3675 1547 3761 porrectis'

374 3792 491 3877 poculis
521 3792 694 3859 maioribus
723 3797 853 3876 cogant,
882 3796 919 3855 ut
945 3790 1151 3857 inebrientur.
1199 3790 1288 3869 Quod
1311 3790 1429 3875 absque
1451 3790 1546 3858 dubio

374 3908 461 3975 netas
483 3914 532 3975 est
553 3908 640 3975 omni
663 3928 752 3975 servo
776 3907 837 3974 Dei
858 3908 963 3974 tacere
985 3906 1036 3973 vel
1058 3907 1188 3989 feciss03
1219 3907 1303 3992 quod
1330 3926 1466 3973 canones
1488 3928 1546 3994 pa-

374 4029 456 4090 trum
479 4025 602 4093 ebrium
625 4025 807 4113 episcopum
830 4023 880 4091 vel
907 4022 1128 4109 presbyterum
1159 4028 1215 4089 aut
1241 4030 1381 4090 cessare·
1409 4029 1465 4089 aut
1492 4024 1545 4090 de-

376 4141 504 4223 gradare
527 4140 653 4225 iubeut‚
684 4146 716 4207 et
738 4140 810 4227 ipsa
831 4140 949 4207 veritas
973 4140 1069 4207 dixit:
1103 4142 1263 4207 Attendite
1269 4189 1279 4222 ‚
1309 4164 1349 4206 ae
1374 4154 1547 4227 proveatur

445 4296 464 4330 ι.
483 4285 653 4344 pumturum
670 4286 696 4331 C.
775 4282 797 4327 b.
819 4292 893 4329 eutero
913 4284 993 4330 ms
1013 4285 1036 4327 in
1053 4284 1085 4338 c;
1106 4284 1189 4338 fotmus
1207 4286 1264 4329 mim
1280 4298 1374 4344 upum
1390 4286 1490 4329 am
1505 4293 1545 4330 est.

378 4375 398 4407 e.
415 4363 464 4409 vivo
479 4365 519 4424 qui
535 4380 578 4411 om.
595 4364 653 4411 MV.
731 4362 753 4409 d.
775 4362 829 4421 quis
845 4362 930 4409 ethnici
945 4365 986 4423 Sp.
1061 4376 1080 4409 a.
1102 4364 1169 4408 virus
1183 4376 1226 4409 neu
1241 4365 1344 4409 mortuus
1361 4366 1396 4409 M.
1471 4363 1487 4409 t.
1508 4376 1545 4409 aa·

378 4440 464 4489 aluum
479 4446 513 4491 M.
593 4456 615 4501 ε·
634 4442 669 4489 De
684 4441 770 4489 talibus
787 4445 822 4489 M.
899 4442 923 4489 h.
946 4454 1114 4503 supervacuam
1133 4444 1166 4499 V,-
1183 4444 1259 4489 autom
1276 4444 1333 4489 add.
1348 4444 1389 4500 sp.
1460 4444 1477 4489 i
1498 4457 1544 4488 ma-

379 4520 462 4577 ssinbus
478 4524 534 4578 HV,
552 4522 688 4581 imaginibus
703 4523 744 4581 ep.
814 4520 837 4567 k
859 4522 992 4569 mtuchristi
1009 4524 1067 4571 MV.
1134 4522 1150 4568 1.
1170 4522 1223 4569 iiius
1236 4526 1292 4577 Iac,
1307 4522 1369 4569 illios
1384 4523 1413 4576 V,
1427 4521 1492 4568 illius
1504 4524 1544 4579 Sp.

380 4612 408 4645 ua
425 4618 465 4649 on.
481 4607 514 4651 hs.
593 4617 616 4649 n.
638 4602 776 4649 ludricrum
794 4602 821 4647 V.
901 4616 922 4648 o.
943 4602 1082 4651 tiaratorum
1103 4624 1127 4633 -
1146 4601 1227 4649 dextra
1240 4602 1284 4649 Dei
1304 4601 1420 4649 custodire
1438 4602 1545 4659 dimum

379 4686 446 4741 recepi
458 4701 486 4729 es
501 4686 540 4741 Sp.
559 4693 580 4729 rt
596 4685 623 4731 G·
649 4686 724 4739 (Quas
740 4684 816 4727 omnia
833 4700 875 4729 om.
893 4683 983 4732 Melo.
1044 4695 1067 4741 p.
1089 4684 1170 4741 etsp„
1187 4684 1250 4728 uto.
1313 4694 1335 4740 q.
1350 4680 1485 4741 perhibeant
1494 4683 1543 4740 Sp„

380 4758 505 4817 prohibeant
520 4765 547 4809 G.
626 4776 643 4808 r.
664 4761 793 4821 prospectis
808 4762 857 4821 Sp„
872 4762 984 4821 porrectis
1000 4764 1028 4808 G.
1107 4775 1126 4807 s.
1147 4774 1223 4808 eesam
1238 4763 1279 4821 Sp.
1295 4763 1347 4807 cod.

446 4851 469 4903 1.
492 4847 639 4904 rutmors.
653 4849 678 4917 s,
693 4849 734 4903 ιι.
825 4849 850 4903 2.
874 4846 970 4902 uasto.
985 4846 1027 4917 18,
1041 4848 1083 4903 ιι.
1174 4848 1200 4903 a.
1224 4848 1304 4903 Prov.
1320 4848 1361 4915 us,
1376 4846 1417 4901 13.

419 4944 493 5000 ιιηι,
507 4947 651 4993 aseneum
664 4947 703 4992 111.
1294 4945 1330 5001 14

1611 896 1664 950 '148

1564 972 1619 1029 post
1625 968 1710 1017 hiatum
