4342 6034
666 738 734 805 592
1082 754 1162 803 mun
1185 756 1381 803 assensuri
1402 754 1428 819 11

777 898 933 983 dansque,
955 916 1079 963 memor
1100 897 1244 981 Domini,
1268 894 1410 965 sitienti¹
1431 898 1546 985 poeula
1568 898 1638 965 vini.

710 1032 756 1079 rw
779 1013 894 1099 Sisque
916 1014 988 1100 pius
1012 1013 1145 1097 iuvenis,
1170 1013 1231 1079 sibi
1253 1034 1382 1100 pareus,
1406 1012 1513 1097 largus
1537 1014 1648 1097 egenis,

777 1131 915 1196 esuriem
938 1130 1040 1213 vietu,
1062 1130 1163 1213 frigus
1186 1128 1325 1215 pellebat
1348 1130 1475 1195 amietu.

775 1244 929 1332 Pauperis
952 1251 985 1311 et
1006 1244 1083 1311 cleri
1106 1244 1174 1311 vult
1196 1245 1524 1332 procuraterhaberi.

821 1362 974 1447 Donaque
996 1356 1136 1428 deeteri¹
1159 1360 1215 1427 dat
1236 1380 1353 1444 magna
1375 1367 1424 1427 set
1446 1380 1528 1447 equa
1549 1362 1656 1445 labori,

778 1478 870 1545 exule
891 1478 1028 1561 maiora,
1052 1482 1101 1543 aet
1123 1476 1287 1543 nobilitate
1310 1478 1449 1559 minora3

710 1612 755 1659 ure
777 1614 853 1660 nam
875 1594 903 1660 si
925 1593 1087 1680 preberet,
1112 1612 1192 1678 quae
1214 1612 1249 1659 ss
1272 1594 1403 1678 prebere
1426 1594 1561 1676 deseret,

780 1710 881 1777 dena·
903 1709 995 1776 daret
1016 1728 1097 1795 pene
1120 1715 1184 1792 tet,
1209 1714 1285 1794 quet
1306 1715 1494 1796 reputantur
1516 1710 1657 1775 herema.
1702 1718 1706 1723 '

821 1826 967 1911 Denique
988 1824 1145 1912 completo
1169 1825 1287 1909 studio,
1311 1831 1404 1911 parat
1426 1828 1530 1893 omine
1552 1826 1624 1909 lete,

776 1962 917 2029 quasque
939 1942 1042 2009 sciens
1065 1948 1164 2025 artes,
1189 1942 1309 2027 patrias
1331 1941 1468 2008 inrisere·
1490 1948 1596 2028 partes

777 2058 939 2146 dispesitis
961 2058 1056 2125 rebus
1078 2058 1188 2145 paneis
1212 2058 1392 2145 prinsipes
1416 2057 1534 2123 diebus.

709 2194 755 2241 ree
777 2176 866 2242 Tune
887 2194 962 2241 rere
984 2175 1121 2258 gemitus
1144 2177 1237 2240 senat
1257 2174 1322 2241 imo
1345 2174 1440 2267 perde
1462 2175 1590 2260 petitus,

777 2296 853 2356 tune
875 2290 976 2355 uritur
998 2288 1105 2373 fletus,
1128 2290 1214 2356 luens
1238 2294 1287 2357 est
1308 2310 1432 2356 merore
1454 2289 1602 2376 repletus,

776 2405 913 2473 luctibus
935 2406 1098 2472 immensis
1121 2412 1213 2471 ussat
1234 2406 1338 2472 insula
1358 2404 1563 2487 Pariaiensis3

778 2529 828 2589 eet
848 2522 972 2588 iuvenis
994 2522 1098 2605 mitis,
1123 2522 1227 2588 serbis
1250 2522 1366 2587 utendo
1390 2522 1511 2608 peritis,

777 2638 861 2704 aives
885 2636 1019 2719 sulatur3
1044 2637 1202 2724 spondens
1226 2638 1378 2723 reditum,
1402 2638 1593 2704 lacrimatur.

708 2772 753 2819 sss
776 2752 859 2820 Hine
879 2754 960 2820 lauis
982 2754 1067 2820 tristi
1090 2754 1200 2837 lugens
1224 2755 1305 2840 petit
1328 2775 1384 2821 ora
1406 2755 1560 2837 magistri,

778 2890 857 2955 eque
878 2869 1030 2953 lugentis,
1053 2871 1198 2936 iuvenem
1221 2870 1271 2936 uel
1295 2870 1381 2939 abire
1404 2870 1548 2937 dolentia.

778 2985 870 3070 Inde,
894 2986 995 3053 saluta
1018 2986 1108 3070 data,
1130 2986 1263 3071 largitus
1287 2992 1319 3052 et
1341 2986 1449 3053 escula
1470 2992 1571 3070 grata,

659 3156 663 3166 ,
778 3122 851 3169 aum
872 3122 1003 3169 numere
1024 3103 1137 3169 turbae
1159 3103 1266 3189 prodit
1287 3104 1359 3189 piae
1382 3102 1456 3169 exul
1479 3103 1518 3170 ab
1541 3102 1627 3169 urbe.

824 3217 881 3285 Set
902 3220 978 3305 quia
998 3225 1178 3287 munierum
1203 3220 1349 3307 pervenit
1370 3220 1456 3285 fama
1477 3218 1617 3285 lusorum

711 3352 757 3401 ree
779 3334 820 3401 ad
841 3342 908 3401 tam
930 3335 1080 3402 devotum
1101 3337 1263 3403 iuvenem:
1287 3356 1350 3403 nen
1374 3356 1442 3402 esse
1463 3340 1620 3401 remotum

778 3450 886 3535 Egidii
909 3448 1034 3518 Saneti⁸
1056 3452 1227 3539 templum,
1250 3452 1372 3519 veniale
1395 3452 1547 3537 praesnti,

778 3568 924 3654 pervenit
945 3568 1006 3635 bue
1027 3568 1146 3635 hilaris.
1182 3569 1362 3654 Asiamque
1385 3568 1564 3635 salubribus
1587 3568 1662 3652 aris,

778 3682 929 3768 Egimum
950 3685 1067 3771 pessit,
1091 3684 1174 3771 qued
1195 3684 1245 3751 fas
1267 3690 1323 3752 aut
1343 3684 1420 3750 utile
1443 3685 1559 3766 neseit3

779 3820 912 3867 munera
933 3801 981 3867 eie
1002 3801 1106 3867 dando
1130 3800 1178 3867 vel
1201 3799 1325 3867 fletibus
1348 3821 1404 3866 ers
1425 3800 1568 3885 rigando.

712 3914 873 3999 relaxit,
896 3917 959 3983 iter
979 3919 1120 4004 rapitur,
1142 3917 1214 3983 letis
1238 3918 1433 3985 sueeessibua
1454 3918 1528 3983 itur.

825 4033 908 4101 Hine
930 4033 1121 4100 subiacenti
1143 4033 1321 4101 subauditur
1343 4032 1522 4099 advenienti

779 4148 871 4218 Mons
892 4149 1099 4235 Pessulauus,
1122 4150 1173 4215 eui
1195 4150 1336 4236 presidet
1356 4148 1460 4215 insola
1482 4168 1587 4235 sanus,

779 4268 902 4355 phisica
923 4286 987 4351 qua
1007 4266 1098 4333 sedes
1120 4264 1250 4333 medicis
1273 4265 1428 4332 consessit
1453 4270 1486 4331 et
1506 4265 1589 4333 edes.

781 4382 842 4451 Hie
864 4390 897 4451 st
918 4383 1062 4449 doctrina
1083 4389 1294 4470 preceptaque
1317 4382 1356 4448 de
1378 4380 1535 4449 medisina

712 4519 759 4567 eeu
781 4521 802 4568 a
822 4500 954 4567 medicis
976 4498 1092 4565 dantur
1099 4494 1120 4584 ⁴,
1145 4500 1199 4583 qui
1220 4515 1328 4565 rerum
1350 4498 1414 4565 rim
1437 4498 1640 4582 meditantur,

741 4683 764 4717 a.
782 4669 889 4717 dende.

615 4831 618 4835 Δ
740 4776 766 4830 1.
789 4772 885 4830 nsua.
898 4773 941 4844 25,
954 4773 997 4829 ad.
1092 4774 1118 4828 a.
1141 4771 1285 4829 Thedriee.
1377 4773 1403 4829 3.
1428 4770 1468 4829 St
1481 4771 1575 4843 (illies,
1594 4772 1620 4828 d.
1634 4770 1818 4830 Nemaueeudt

670 4863 697 4920 4.
715 4862 786 4919 Hine
796 4863 891 4934 liquet,
903 4862 1141 4933 llontispessulani
1154 4860 1273 4921 subolum
1283 4860 1471 4917 medicinalem
1480 4862 1535 4917 iam
1544 4877 1616 4918 anno
1627 4864 1697 4919 neu
1705 4862 1818 4919 floruaa
1885 4904 1886 4911 κ
