4342 6034
543 715 624 764 urm
646 715 801 764 annuum
823 715 1085 766 anonmrrseoer
1106 714 1304 764 mouunrmu
1440 697 1507 764 615

337 855 499 924 Certatum
523 863 571 924 est
593 877 709 942 magna
731 857 762 924 ri
785 857 946 940 multoque
961 857 1152 924 discrimine.
1187 856 1249 924 Hie
1262 876 1321 943 pro
1336 857 1431 924 domo
1443 854 1508 924 Dei
1524 865 1596 920 1156

337 977 447 1038 eoutm
467 973 594 1058 impios,
617 993 676 1059 pro
698 973 766 1056 lege
781 973 842 1039 Dei
865 974 914 1038 sui
929 977 1039 1040 eontra
1054 972 1234 1056 sacrilegos,
1257 993 1315 1059 pro
1330 991 1507 1060 pauperum

335 1088 590 1174 pupillorumque
618 1091 774 1156 tutamine
796 1095 907 1154 eontra
928 1088 1098 1174 predonem
1129 1089 1179 1156 illi
1206 1094 1328 1173 autem,
1356 1087 1396 1154 ab
1418 1088 1506 1154 omni

335 1200 473 1268 fidelium
496 1203 651 1270 eliminati
673 1205 845 1289 consortio,
875 1211 985 1272 eontra
1006 1204 1111 1270 Deum
1133 1209 1166 1271 et
1187 1205 1368 1288 eoelesiam,
1394 1207 1507 1270 eontra

334 1317 496 1384 dominum
525 1325 557 1386 et
586 1321 766 1406 episcopum
791 1325 823 1386 et
844 1325 1003 1406 pastorem
1027 1341 1136 1404 suum,
1165 1326 1275 1388 ooutm
1295 1320 1450 1388 iustitiam
1473 1321 1506 1386 et

334 1435 521 1518 equitatem,
545 1442 655 1502 eontra
676 1436 725 1502 ias
749 1442 780 1502 et
802 1436 924 1502 licitum
947 1435 1100 1520 sacrilega
1121 1436 1231 1523 rapaoi
1253 1442 1285 1503 et
1306 1435 1504 1522 parricidali·

333 1569 429 1614 manu
451 1550 681 1617 armabanturl.

421 1665 547 1732 Interea
574 1667 848 1732 victoriosissimus
877 1667 1089 1754 triumphator
1117 1666 1321 1737 Frederieus⁶
1346 1666 1505 1734 Romano·

332 1801 401 1848 rum
424 1783 613 1868 imperator,
636 1783 675 1848 de
698 1782 790 1848 ltalia
804 1819 846 1828 —
862 1783 1036 1869 imperialis
1060 1784 1248 1851 diadematis
1270 1783 1506 1850 eonseoretione

332 1893 498 1983 pereepta¹
521 1935 561 1944 —-
586 1899 722 1983 rediens,
745 1919 854 1964 omnes
876 1899 947 1965 illos
971 1899 1140 1984 saerilegos
1162 1919 1269 1966 eoram
1292 1919 1337 1981 se,
1359 1896 1505 1965 Worma·

332 2011 374 2076 tie
396 2033 604 2099 responsuros
627 2015 741 2080 domno
765 2015 924 2101 episeopo,
948 2015 1099 2083 evoeavit
1134 2014 1195 2081 Ubi
1217 2015 1252 2081 in
1273 2013 1435 2102 presentia
1456 2018 1505 2080 to·
1520 2026 1615 2074 Der-2⁶

332 2127 393 2194 tius
423 2131 525 2213 eurie,
555 2150 725 2216 omnesque
752 2131 787 2196 in
814 2131 929 2198 faeiem
956 2151 1047 2199 suam
1074 2130 1115 2196 ad
1136 2130 1233 2216 pedes
1256 2129 1506 2198 reverentissimi

331 2243 489 2328 pontifieie
511 2251 709 2329 corruentes,
737 2247 827 2312 iuxta
850 2247 933 2331 quod
956 2247 1196 2332 scriptumest:
1226 2248 1272 2314 Et
1291 2249 1417 2314 anemae
1437 2250 1504 2313 eiua

332 2372 448 2426 terram
472 2357 618 2448 tinuerit‘,
648 2363 681 2428 in
711 2362 815 2428 cinere
839 2367 871 2428 et
894 2363 994 2428 eilioio
1018 2362 1266 2446 satisfacientes,
1294 2382 1393 2448 penas
1414 2367 1505 2428 tanto

331 2475 464 2542 iaeinori
486 2496 640 2560 oougruas
663 2477 831 2559 dederunt3
856 2485 888 2546 et
910 2478 1093 2560 vindictam,
1116 2499 1177 2563 que
1192 2477 1285 2561 vulgo
1301 2477 1416 2546 dieitur
1431 2477 1505 2546 har·

331 2587 545 2675 neseharre‘¹³,
575 2593 609 2658 in
636 2593 740 2660 medio
769 2594 882 2660 hiemis
908 2593 1120 2660 horridissimi
1142 2593 1294 2680 temporis
1318 2594 1451 2678 quilibet
1470 2595 1507 2660 in

332 2707 440 2774 ordine
463 2728 520 2774 suo
542 2709 715 2775 seeundum
737 2729 827 2774 suam
850 2709 1037 2792 dignitatem
1058 2709 1110 2776 vel
1125 2709 1336 2776 uenditionem
1351 2710 1504 2797 nudipes·

331 2823 370 2888 ad
391 2825 565 2890 terminum
588 2845 687 2908 usque
710 2830 863 2892 statutum
887 2846 944 2910 pro
966 2825 1069 2907 gratis
1092 2825 1175 2890 tanti
1197 2823 1354 2910 pontificis
1373 2845 1505 2912 reeupe-

332 2939 429 3006 randa
451 2941 581 3026 proprio
604 2940 684 3006 eollo
706 2945 910 3024 eongestans3
933 2941 967 3006 in
990 2939 1103 3025 primis
1119 2939 1320 3006 Hermannus
1342 2940 1504 3026 palatinus

331 3072 433 3122 eomes
457 3054 553 3139 Rani,
583 3056 665 3122 siout
691 3055 877 3142 principalis
905 3055 987 3124 tanti
1015 3053 1129 3138 flagitii
1158 3061 1283 3140 auotor,
1312 3075 1424 3124 oanem
1444 3077 1504 3143 per

330 3170 468 3238 medium
483 3171 585 3238 lutum
601 3176 741 3258 portans.
772 3172 838 3238 Alii
853 3171 963 3238 sellam
979 3172 1161 3255 asinariam,
1183 3171 1238 3238 alii
1254 3167 1504 3268 subtollarium'⁴

331 3285 588 3370 instrumentum,
618 3287 673 3353 alii
702 3289 872 3354 seeundum
897 3307 986 3354 suam
1010 3287 1263 3372 eonvenientiam
1286 3288 1364 3372 alia,
1391 3289 1504 3372 rigidis

332 3401 446 3484 plantis
470 3404 725 3488 rigentibusque,
749 3405 846 3470 totius
868 3404 902 3470 iu
926 3409 1096 3489 conspeetu
1117 3403 1262 3470 terebant
1284 3403 1418 3470 concilii

416 3518 588 3605 Postquam
610 3521 707 3602 igitur
731 3526 856 3586 auctore
873 3519 940 3586 Deo
965 3541 1029 3606 pax
1053 3525 1102 3586 est
1124 3519 1250 3587 reddita
1270 3520 1375 3603 terris,
1398 3524 1589 3587 etue-1156

331 3635 476 3702 nerabilis
506 3636 571 3718 vir,
607 3655 678 3704 oum
712 3636 842 3722 prefatis
874 3635 1017 3702 hostibus
1046 3635 1153 3702 oseulo
1181 3636 1270 3722 paeis
1299 3635 1500 3720 eonveniens,

332 3752 483 3831 quendam
518 3753 632 3818 etiam⁸
659 3751 898 3818 ministerialem
933 3771 1025 3819 suum
1058 3752 1186 3818 nomine
1214 3750 1412 3836 Mengotum,
1446 3752 1501 3838 qui

333 3873 436 3934 eontra
458 3888 529 3934 eum
554 3869 641 3934 omni
663 3873 806 3954 tempore
827 3867 1094 3953 perniciosissimo
1109 3868 1214 3932 studio
1229 3868 1429 3952 moliebatur,
1451 3869 1501 3934 in·

333 3984 558 4050 teroedentibus
581 4005 639 4070 pro
660 3984 729 4070 ipso
746 3983 951 4070 principibus,
974 3983 1008 4048 in
1024 3983 1160 4066 gratiam
1175 3985 1304 4071 recepit
1338 3984 1400 4053 Hie
1415 3985 1503 4084 enim

334 4103 410 4182 erat,
441 4101 509 4184 qui,
541 4101 574 4165 in
598 4100 748 4166 domnum
771 4098 989 4182 Maguntinum
1014 4099 1113 4166 veteri
1136 4104 1168 4166 et
1189 4100 1404 4168 funestissimo
1427 4100 1502 4166 odio

398 4253 418 4286 a.
438 4241 554 4300 parricida
569 4243 591 4288 1.
675 4241 698 4286 b.
720 4241 865 4288 mutabuntur
881 4242 902 4286 1.
986 4253 1006 4286 c.
1026 4243 1125 4302 aequiter
1139 4241 1228 4300 primm
1243 4244 1267 4287 r'a
1284 4244 1296 4286 1
1313 4244 1378 4299 0125
1398 4243 1441 4290 red
1456 4243 1500 4288 lroe

333 4319 412 4364 uerbum
429 4324 476 4368 rina
492 4322 542 4367 ulla
559 4322 697 4368 dubitatione
713 4324 832 4368 insiticium
850 4331 889 4367 est.
953 4320 975 4366 d.
996 4319 1079 4366 hames
1093 4321 1114 4376 l,
1130 4319 1294 4368 harnestbtm
1311 4323 1333 4368 2.
1396 4335 1416 4367 ο.
1432 4321 1499 4368 1111111-

333 4396 397 4450 redas
415 4403 435 4456 l,
452 4401 549 4459 nudipes
565 4401 587 4446 2.
663 4400 679 4446 f.
702 4419 732 4446 an
747 4400 918 4446 bubulcariam?
995 4413 1017 4457 g.
1038 4401 1076 4444 effi
1092 4399 1115 4455 1,
1131 4399 1200 4444 etiam
1216 4401 1238 4446 2.

398 4495 421 4547 1.
447 4495 592 4550 11551un.
611 4495 652 4550 18.
748 4495 774 4549 2.
798 4495 842 4549 Ps.
863 4494 905 4564 71,
919 4495 944 4549 9.
1039 4495 1065 4547 3.
1091 4493 1125 4548 de
1149 4493 1202 4548 hae
1223 4508 1314 4564 poena
1338 4491 1373 4549 ef.
1392 4490 1497 4549 Grimm

334 4575 463 4638 Deutsebe
486 4583 764 4640 Reebtsalterthtmer
782 4583 840 4650 (ed.
854 4586 886 4648 2)
905 4584 956 4638 681
980 4587 1010 4638 et
1028 4583 1119 4640 Waita
1141 4581 1282 4638 Deuteobe
1299 4581 1497 4652 Vertumnus-

334 4669 481 4733 gesohiebte
499 4673 539 4729 lv
551 4675 612 4728 445.
702 4675 728 4728 4.
754 4671 795 4728 (li.
815 4672 922 4727 Ottonis
940 4673 1056 4744 Frising.
1070 4671 1303 4728 visendarum
1320 4671 1351 4726 L.
1365 4672 1392 4726 11
1409 4686 1433 4726 e.
1447 4672 1495 4726 28:

336 4757 447 4820 „nobilis
466 4778 575 4831 cenem,
598 4761 782 4816 ministerialis
801 4761 909 4831 sellam,
933 4763 1052 4817 rusticus
1076 4763 1185 4818 aratri
1208 4767 1316 4818 rotam
1335 4791 1368 4801 —
1386 4765 1496 4831 gestare

335 4849 468 4913 rogarat
