4342 6034
628 765 693 829 114
874 779 901 828 a.
918 779 1095 828 sonmsrn
1115 779 1160 826 sn
1181 779 1284 826 nuum
1305 776 1493 826 emenonis
1517 777 1548 824 m

505 927 558 981 742
626 921 821 988 Francorum
843 921 972 1002 occidit3
996 927 1028 987 et
1050 919 1153 986 adhuc
1174 920 1373 1003 ignoramus,
1397 917 1533 1003 qualiter
1553 917 1617 984 istc
1639 915 1797 984 discordia

625 1036 786 1124 pacificari
808 1041 842 1104 et
863 1035 948 1102 finiri
968 1035 1082 1102 valeat
1163 1034 1206 1100 Et
1228 1033 1373 1118 obsecro,
1396 1039 1432 1099 ut
1455 1033 1651 1100 auctoritatis
1673 1037 1798 1100 restrae

626 1155 755 1220 licentia
776 1153 828 1237 sit,
853 1157 891 1218 ut
911 1170 984 1218 cum
1006 1150 1137 1225 consilio
1160 1169 1322 1218 serrorum
1345 1149 1406 1216 Dei
1429 1148 1468 1216 de
1490 1149 1553 1216 ista
1575 1148 1729 1216 eloctione
1750 1148 1798 1214 fa·

626 1270 723 1353 ciam,
748 1269 832 1354 quod
853 1269 944 1335 nobis
967 1268 1189 1334 incommune
1212 1287 1270 1353 pro
1293 1265 1361 1332 Deo
1384 1269 1417 1332 et
1438 1285 1496 1352 pro
1520 1264 1690 1333 aecclesiae
1711 1263 1798 1332 utili-

457 999 606 1047 lam-Mart.

626 1391 693 1452 tate
721 1384 773 1450 vel
800 1385 905 1452 fructu
933 1383 1071 1471 spiritali
1099 1389 1132 1450 et
1161 1382 1343 1450 detonsione
1365 1380 1527 1466 religionis
1549 1381 1706 1468 optimum
1729 1401 1799 1448 esse

626 1501 785 1582 videatur;
807 1507 845 1567 ut
866 1519 1053 1567 consensum
1076 1504 1217 1566 vestrum
1240 1498 1389 1566 habeam:
1419 1497 1459 1564 de
1481 1497 1682 1582 heclocaro,
1713 1497 1798 1584 quod

627 1619 781 1702 optimum
804 1637 883 1702 esse,
906 1615 986 1682 mihi
1007 1617 1165 1702 inspirare
1188 1614 1334 1698 dignetur
1350 1613 1446 1682 Dens.
1488 1612 1569 1692 Quia
1590 1613 1650 1682 hoo
1671 1633 1736 1681 non
1751 1615 1798 1680 ri-

625 1733 717 1800 detur
739 1754 832 1820 posse
854 1732 933 1818 fieri,
957 1732 985 1798 si
1007 1731 1184 1798 contrarius
1206 1731 1354 1818 princeps
1377 1730 1481 1796 fuerit.

713 1849 799 1915 Inter
827 1869 865 1916 ea
892 1867 1043 1933 quaerore
1066 1852 1098 1914 et
1119 1847 1316 1930 interrogare
1343 1846 1546 1932 paternitatis
1568 1849 1694 1912 rosnae
1722 1864 1798 1912 con·

624 1965 732 2031 silium
754 1964 852 2031 debeo
875 1965 915 2031 de
937 1963 1075 2049 quadam
1098 1962 1280 2030 contusione
1309 1967 1341 2028 et
1369 1961 1517 2028 scandalo
1541 1961 1798 2048 praedicationis,

625 2101 722 2166 quae,
752 2100 854 2167 nuper
882 2079 924 2146 ad
952 2099 1011 2145 nos
1041 2079 1187 2163 ueniens,
1216 2083 1356 2145 mentem
1377 2083 1520 2144 nostram
1542 2077 1745 2144 conturbavit
1767 2081 1799 2143 et

624 2196 838 2264 sacerdotibus
866 2194 1088 2262 aecclesiarum
1117 2194 1337 2262 uerecundiam
1366 2193 1547 2260 incutiebat.
1594 2193 1675 2273 Quia
1696 2193 1798 2260 laicus

624 2313 753 2397 quidam
774 2332 889 2396 magne
911 2331 1065 2398 personae
1089 2310 1129 2376 ad
1151 2331 1210 2376 nos
1233 2310 1362 2377 veniens
1390 2310 1529 2377 dicebat:
1559 2310 1620 2377 sibi
1649 2309 1690 2377 ab
1720 2329 1797 2396 apo-

623 2427 752 2494 stolicae
775 2428 859 2495 sedis
881 2426 1031 2514 pontifice
1054 2431 1184 2492 sanetae
1206 2427 1377 2494 memoriae
1392 2425 1544 2510 Gregorio
1568 2427 1676 2493 datam
1697 2425 1797 2493 fuisse

621 2543 799 2626 licentiam,
829 2549 865 2609 nt
891 2545 927 2609 in
956 2543 1194 2609 matrimonium
1224 2543 1381 2629 acciperet
1407 2542 1537 2610 viduam
1565 2541 1712 2610 avunculi
1735 2543 1795 2608 sui.

623 2657 708 2736 Quae
732 2665 764 2726 et
784 2659 857 2746 ipsa
877 2659 939 2725 fuit
960 2679 1041 2725 uxor
1063 2659 1242 2752 consobrini
1265 2659 1331 2742 sui,
1358 2664 1390 2726 et
1411 2659 1483 2746 ipsa
1504 2658 1559 2725 illo
1582 2659 1708 2726 virente
1731 2657 1796 2724 dis·

622 2775 718 2841 cessit
739 2776 780 2842 ab
802 2795 854 2857 eo;
878 2780 911 2842 et
932 2775 986 2842 isti
1008 2775 1077 2841 riro
1093 2811 1135 2821 -
1159 2775 1222 2860 qui,
1245 2794 1329 2842 nunc
1346 2795 1417 2842 earn
1438 2775 1581 2862 accipere
1602 2774 1795 2859 desiderans,

622 2890 784 2958 adfirmat·
812 2891 873 2959 sibi
900 2891 1062 2958 licentiam
1090 2891 1197 2957 datam
1226 2891 1325 2956 -in
1353 2891 1446 2958 tertio
1474 2890 1637 2959 ienuculob
1665 2891 1796 2978 propin·

621 3028 684 3093 qua
713 3007 799 3074 illius
834 3028 903 3076 ease
936 3007 1126 3088 dinoscitur;
1162 3012 1195 3074 et
1227 3011 1334 3074 votum
1366 3007 1454 3074 vovit
1481 3007 1549 3074 Deo
1579 3007 1735 3074 castitatis
1765 3011 1797 3074 et

621 3124 726 3191 velata
747 3123 822 3206 fuit3
852 3124 1040 3208 etiterum,
1071 3123 1193 3190 abiecto
1216 3123 1387 3207 velamine,
1417 3124 1575 3190 maritata
1612 3122 1688 3190 Tale
1711 3124 1796 3190 enim

620 3239 857 3307 matrimonium
886 3260 984 3326 supra
1012 3239 1115 3306 dictus
1144 3239 1237 3306 homo
1261 3238 1322 3306 sibi
1344 3239 1384 3306 ab
1408 3237 1582 3326 apostolica
1603 3239 1678 3306 sede
1701 3237 1795 3306 adfir-

620 3363 689 3423 mat
720 3367 817 3424 esse⁸.
864 3356 954 3435 Quod
987 3375 1051 3422 non
1083 3355 1267 3422 estimamus
1303 3355 1389 3423 esse*¹
1420 3375 1540 3422 verum.
1587 3353 1668 3434 Quia
1701 3375 1795 3442 syno-

622 3473 681 3539 dus
703 3479 736 3540 et
758 3473 925 3557 aecclesia,
949 3473 983 3538 in
1006 3492 1070 3557 qua
1091 3477 1185 3538 natus
1208 3477 1241 3538 et
1261 3471 1400 3539 nutritus
1422 3471 1484 3556 fui,
1507 3471 1542 3538 id
1564 3475 1613 3538 est
1634 3472 1669 3538 in
1689 3475 1795 3538 bans-

622 3590 746 3656 marina
768 3588 909 3656 Saxonis
929 3587 1151 3655 Lundnneusis
1180 3587 1318 3675 synodus
1342 3623 1383 3634 -
1407 3587 1555 3674 inprimis
1583 3608 1603 3654 a
1630 3587 1795 3676 discipulis

622 3706 723 3773 sancti
750 3704 910 3790 Gregorii,
943 3705 978 3771 id
1007 3710 1056 3771 est
1083 3700 1279 3788 Augustino¹
1306 3703 1477 3770 Laurentio
1505 3700 1608 3770 Iusto²
1638 3701 1795 3772 Millcto⁸⁸

623 3822 881 3909 archiepiscopis,
910 3821 1083 3888 constitute
1104 3825 1137 3887 et
1159 3820 1305 3887 ordinata
1325 3819 1401 3886 luit'
1417 3819 1572 3886 -talem
1594 3819 1740 3910 oopulpn
1763 3827 1796 3888 et

623 3939 859 4005 matrimonium
881 3937 1057 4004 maximum
1079 3936 1181 4003 scelus
1204 3942 1236 4004 et
1257 3937 1413 4004 incestum
1429 3935 1626 4010 ethorribile
1639 3933 1795 4020 flagitium

485 4137 488 4140 Α
623 4060 656 4121 et
671 4053 850 4120 damnabile
866 4053 1026 4142 piaculum
1041 4052 1121 4137 tisri,
1143 4072 1182 4120 ex
1199 4052 1385 4120 anctoritate
1400 4057 1528 4120 sanctae
1542 4053 1699 4140 scripture
1713 4053 1795 4120 indi·

623 4171 744 4238 cabant.
783 4169 982 4258 Quapropter
1004 4169 1181 4257 paternitas
1202 4173 1310 4236 restra
1331 4169 1423 4236 huius
1444 4169 1493 4236 rei
1514 4169 1681 4237 veritatem
1702 4169 1795 4238 nobie

695 4363 716 4395 a.
737 4351 788 4395 hinc
804 4346 937 4405 (..flrm⁸t)
953 4351 1032 4406 incipit
1045 4349 1090 4404 fol.
1104 4347 1119 4394 9
1135 4347 1187 4394 cod.
1205 4350 1231 4396 C.
1308 4346 1331 4393 b.
1352 4363 1409 4394 corr.
1425 4350 1448 4394 in
1464 4347 1568 4406 miralo
1586 4350 1618 4406 0,·
1639 4351 1662 4394 is
1676 4363 1751 4410 marg.
1767 4351 1798 4396 Μ

624 4430 728 4476 adrium
743 4439 778 4476 est
793 4432 817 4476 et
831 4428 887 4475 ill..
963 4441 985 4474 c.
1003 4440 1137 4474 muccosum
1157 4429 1313 4488 superscripsit
1328 4445 1408 4476 rrum
1425 4430 1538 4491 corrigar
1554 4429 1576 4474 iu
1594 4431 1621 4476 C.
1698 4427 1722 4474 d.
1743 4440 1795 4475 asse

623 4527 666 4556 our.
684 4513 709 4558 C.
788 4523 809 4556 c.
830 4526 886 4556 corr.
902 4511 926 4554 ts
940 4506 1028 4554 Mollibo
1046 4511 1072 4555 C.
1150 4507 1166 4554 l.
1188 4507 1227 4569 qui
1248 4508 1343 4554 addidit
1361 4524 1441 4556 mauu
1458 4511 1571 4572 corrigens
1587 4511 1610 4554 in
1627 4509 1653 4556 C.

622 4629 689 4684 rege
705 4615 763 4682 pl
781 4630 808 4668 ιι.
821 4615 863 4681 6).
891 4609 1035 4667 cludam
1053 4611 1134 4668 Hahn
1156 4610 1328 4669 Jahrbtloher
1351 4611 1401 4668 des
1424 4609 1598 4668 dtnkmcben
1623 4611 1723 4668 Reichs
1742 4613 1794 4668 '141

659 4703 948 4860 wbpdrbbiepiscopo
971 4790 1184 4846 Brittanniarum
1209 4790 1439 4858 (cantuariensi).
1529 4791 1554 4846 2.
1579 4788 1710 4860 episcopo
1730 4787 1794 4846 Rol-

624 4879 703 4935 femi.
792 4881 818 4935 3.
841 4894 865 4935 s.
883 4879 986 4936 llellito
1003 4879 1134 4950 episcopo
1152 4879 1327 4936 Londinensi
