4342 6034
521 788 602 834 vrrs
624 788 780 836 annonm
802 788 1064 837 sacnmrrscoru
1085 766 1283 839 modnnmru
1421 775 1487 841 645

316 928 478 1012 guntinam
504 928 669 997 ecclesiam
692 928 909 1016 profunditate
931 932 1102 1018 sapientie,
1132 932 1297 1020 discipline
1319 939 1488 1019 gestusque
1507 942 1577 997 1160

317 1044 365 1111 sui
380 1044 568 1129 reuerentia,
591 1045 677 1111 vocis
691 1047 851 1132 totiusque
865 1068 1000 1133 persone
1015 1048 1170 1131 dignitate
1185 1049 1219 1114 in
1234 1048 1332 1115 oculis
1348 1050 1488 1115 omnium
1509 1016 1575 1063 hb*

316 1158 578 1243 magnificaverit,
601 1159 649 1225 ita
671 1166 708 1229 ut
728 1168 815 1230 reete
836 1164 871 1230 id
892 1164 927 1230 in
948 1164 1053 1251 ipsum
1076 1164 1186 1247 regine
1209 1164 1338 1231 Austri·
1361 1185 1488 1232 concre-

316 1281 427 1363 parent
454 1275 628 1361 eulogium:
661 1280 772 1345 Maior
794 1294 839 1347 ast
865 1284 1024 1367 sapientia
1052 1294 1227 1367 tuaquom
1248 1304 1368 1363 mmor,
1399 1306 1489 1369 quero

316 1395 427 1459 audivi
433 1388 458 1471 ¹3
491 1398 523 1460 et
551 1394 708 1479 quomodo
737 1414 862 1461 omnem
886 1395 1114 1461 Theutonicum
1144 1394 1263 1463 clerum
1292 1398 1325 1461 in
1357 1397 1488 1463 articulo

316 1508 377 1574 diei
398 1508 486 1575 illius
508 1530 565 1576 sue
586 1510 715 1577 virtutis
736 1510 859 1594 fulgore
881 1510 1071 1593 nobilitasit3
1102 1511 1190 1577 nulla
1212 1513 1364 1598 temporis
1387 1512 1489 1579 mohi-

315 1622 422 1691 litate⁸
445 1623 639 1692 abonorum
662 1626 822 1693 mentibus
845 1626 939 1693 debet
961 1626 1115 1693 excidere.

400 1738 535 1825 Deinde,
557 1760 640 1808 novo
663 1762 734 1809 curn
758 1742 931 1829 apostolico
955 1746 1104 1809 veterana
1125 1742 1283 1809 Romane⁸
1304 1747 1336 1809 et
1357 1741 1489 1827 Magon-

315 1856 378 1921 tine
402 1854 534 1923 ecclesie
555 1856 665 1923 federa
685 1858 776 1923 nouis
799 1857 967 1924 amicitiis*
988 1858 1177 1942 concilians,
1201 1858 1302 1925 vicem
1325 1858 1490 1945 apostolici

316 1991 409 2058 super
439 1990 567 2039 omnem
596 1972 646 2039 sui
668 1972 962 2059 metropolitanatus
985 1973 1136 2040 diocesim
1158 1972 1410 2060 legationemque
1432 1994 1490 2041 no·

316 2087 404 2154 vellis
425 2088 565 2155 fascibus
587 2094 735 2175 portans3
757 2088 937 2155 valedicens
953 2089 1120 2171 fratribus3
1146 2090 1185 2156 ab
1200 2090 1392 2178 imperatore
1407 2096 1489 2157 tota·

316 2224 374 2289 que
396 2204 487 2271 curia
507 2205 703 2287 matisdme·
718 2203 920 2288 resalutatus,
944 2206 973 2271 ei
996 2204 1135 2291 queque‘
1150 2210 1259 2292 optata
1275 2226 1491 2293 prosperaque

315 2320 543 2408 imprecante⁸3
566 2320 739 2407 assumptis
760 2320 1012 2387 honoratissimis
1034 2322 1113 2388 uiris
1138 2342 1176 2388 ex
1199 2322 1358 2409 imperiali
1379 2322 1489 2406 latere,

316 2437 368 2522 qui
395 2456 525 2503 causam
553 2456 645 2503 suam
673 2456 746 2502 cnm
767 2436 961 2522 hlaguntinis
987 2436 1187 2505 vicedomni
1209 2438 1425 2525 imperatoris,
1454 2444 1491 2504 ut

316 2572 410 2638 supra
432 2552 553 2620 dictum
576 2558 639 2637 est,
666 2559 869 2640 peragerent3
897 2554 1011 2620 itinere
1033 2553 1134 2620 multo
1158 2554 1315 2639 confecto,
1346 2554 1490 2640 aerisque

315 2668 578 2736 violentissimam
606 2669 828 2756 intemperiem
850 2667 1078 2754 fluminumque
1102 2669 1156 2737 acl
1179 2671 1303 2736 riarum
1326 2670 1490 2757 pericula¹,

316 2785 462 2871 aquilone
483 2784 678 2853 horribiliter
701 2785 863 2869 stridente,
888 2782 1014 2870 Spiram
1036 2805 1138 2870 usqne
1160 2804 1345 2882 perpessus3
1370 2788 1410 2853 ad
1434 2806 1490 2873 pa-

316 2902 391 2968 trios
419 2901 505 2970 lares
522 2938 563 2949 -
580 2922 691 2990 pacem
720 2906 753 2968 et
780 2899 948 2987 quietem,
977 2904 1010 2966 et
1038 2900 1150 2967 amodo
1180 2900 1296 2968 divinis
1324 2906 1425 2969 totum
1456 2922 1489 2970 se

316 3019 496 3106 mancipare
523 3017 776 3086 obsecutionibus
803 3015 1058 3083 inenarrabiliter
1085 3016 1261 3084 sitiens-
1277 3016 1489 3102 Maguntiam¹

316 3134 440 3203 dreiter
467 3154 574 3201 mmos
601 3134 780 3221 palmarum
807 3132 970 3199 remearit
1004 3131 1048 3199 Et
1075 3132 1153 3199 haut
1181 3133 1292 3220 procul
1319 3134 1489 3202 asinitate

317 3250 399 3336 apud
421 3250 574 3318 Sanctum
589 3249 748 3317 Albanum
772 3248 1023 3316 emendationem
1044 3250 1160 3316 civium
1175 3268 1233 3336 per
1249 3254 1318 3316 octo
1334 3250 1401 3317 dies
1416 3270 1490 3317 con-

316 3365 418 3433 tinuos
443 3370 476 3433 et
498 3384 535 3433 eo
557 3366 695 3453 amplius
718 3366 906 3453 expectavit

401 3481 467 3549 Ubi
488 3500 561 3548 cum
584 3482 692 3549 omnia
712 3481 746 3547 in
769 3500 847 3568 pace
870 3482 961 3547 iuxta
981 3478 1178 3567 imperialem
1203 3480 1398 3547 sanctionem
1418 3502 1491 3548 auc·

317 3600 382 3665 tore
415 3597 512 3665 Deo·
542 3598 718 3685 composita
750 3596 948 3681 viderentur,
985 3603 1017 3664 et
1048 3596 1379 3663 misericordissimum
1406 3596 1491 3663 ultra

319 3732 410 3797 quam
433 3714 521 3781 credi
541 3714 645 3801 possit
667 3734 702 3781 se
724 3712 857 3798 singulis
880 3719 913 3779 et
933 3712 1089 3779 universis
1106 3712 1310 3797 exhibuisset,
1335 3713 1490 3799 omnibus,

318 3831 370 3913 qui
391 3838 578 3897 onerosam·
599 3830 771 3896 vindictam
795 3828 846 3895 vel
867 3828 997 3895 exilium
1020 3848 1078 3915 pro
1103 3826 1221 3895 offensa
1243 3828 1413 3914 debebant,
1437 3850 1490 3896 su-

319 3964 375 4030 pra
396 3945 526 4012 modum
548 3964 683 4032 parcens
706 3950 739 4011 et
760 3944 971 4031 compatiens3
994 3945 1089 4030 pauci
1113 3944 1282 4011 admodum
1302 3944 1492 4013 effluxerunt

300 4059 393 4145 ’dies
423 4060 507 4147 quod
529 4061 585 4145 hii,
613 4060 668 4146 qui
690 4060 880 4127 secundum⁰
902 4058 1068 4145 imperiale
1090 4059 1249 4127 decretum
1272 4062 1375 4144 gratia
1398 4062 1491 4127 satis-

318 4174 461 4244 factionis
487 4176 529 4243 ad
550 4176 698 4261 exilium,
728 4176 797 4243 sine
818 4174 981 4241 voluntate
1003 4174 1111 4241 domni
1136 4176 1278 4263 episcopi
1299 4196 1363 4243 non
1384 4198 1491 4244 rever·

319 4293 393 4377 suri,
414 4293 690 4377 transmigrarunt,
714 4312 732 4359 e
753 4292 887 4376 vestigio
904 4292 1004 4357 ferme
1020 4326 1060 4337 -
1078 4310 1150 4357 cum
1167 4292 1322 4377 optimum
1337 4292 1422 4358 circa
1436 4312 1490 4358 eos

387 4476 407 4509 ι
428 4462 536 4509 amena
552 4464 575 4509 2
659 4461 682 4508 b.
703 4461 822 4508 nobilitate
840 4463 862 4507 1.
945 4473 966 4506 a
986 4462 1095 4506 reterens
1109 4458 1210 4505 Romane
1231 4462 1314 4519 scripsi
1331 4477 1374 4519 pra
1390 4458 1490 4506 Rerum

319 4542 422 4589 vetem
437 4544 460 4600 1,
476 4544 499 4589 2
571 4542 594 4589 d
614 4542 694 4589 amicis
710 4544 733 4587 1.
805 4554 826 4587 a.
847 4540 981 4599 gravissime
996 4542 1019 4586 s.
1092 4538 1110 4586 l.
1131 4550 1221 4599 quoque
1238 4541 1260 4595 1,
1271 4542 1293 4585 2.
1362 4552 1385 4597 g.
1406 4540 1490 4599 impre-

321 4622 394 4669 unm
410 4624 432 4680 l,
450 4622 582 4669 nunflutes
598 4624 621 4670 b.
698 4621 722 4669 h.
744 4635 771 4669 sc
785 4638 830 4667 oss.
841 4622 864 4667 1.
942 4620 958 4667 i.
978 4619 1086 4680 periculis
1099 4622 1120 4666 1.
1197 4618 1222 4665 k.
1243 4619 1343 4679 quietam
1355 4620 1376 4673 1,
1394 4636 1451 4663 corr.
1467 4620 1490 4663 ta

320 4700 415 4757 quictem
430 4704 453 4749 2.
534 4702 552 4749 l.
570 4702 725 4761 uagantium
741 4704 764 4749 l.
841 4702 974 4748 m.0a.1.
1051 4712 1075 4746 n.
1095 4702 1130 4747 sie
1145 4701 1229 4759 scripsi
1239 4715 1283 4759 pro
1299 4696 1408 4744 honorem
1425 4698 1451 4754 1,
1468 4698 1490 4746 2.

321 4790 341 4823 c.
359 4784 705 4843 sicceripm'prctccusld.

389 4887 413 4944 1.
436 4886 535 4958 arsag,
549 4886 591 4957 10,
603 4886 629 4941 a.
