<?xml version="1.0" encoding="UTF-8"?>
<!DOCTYPE html PUBLIC "-//W3C//DTD XHTML 1.0 Transitional//EN"
    "http://www.w3.org/TR/xhtml1/DTD/xhtml1-transitional.dtd">
<html xmlns="http://www.w3.org/1999/xhtml" xml:lang="en" lang="en">
 <head>
  <title>
</title>
<meta http-equiv="Content-Type" content="text/html;charset=utf-8" />
  <meta name='ocr-system' content='tesseract 3.04.00' />
  <meta name='ocr-capabilities' content='ocr_page ocr_carea ocr_par ocr_line ocrx_word'/>
</head>
<body>
  <div class='ocr_page' id='page_1' title='image "./monumentamogunt00lulgoog/monumentamogunt00lulgoog_0050.png"; bbox 0 0 4342 6034; ppageno 0'>
   <div class='ocr_carea' id='block_1_1' title="bbox 608 715 1535 797">
    <p class='ocr_par' dir='ltr' id='par_1_1' title="bbox 608 715 1535 797">
     <span class='ocr_line' id='line_1_1' title="bbox 608 715 1535 797; baseline -0.006 0"><span class='ocrx_word' id='word_1_1' title='bbox 608 732 650 797; x_wconf 86' lang='lat'><strong>32</strong></span> <span class='ocrx_word' id='word_1_2' title='bbox 851 747 878 794; x_wconf 92' lang='lat' dir='ltr'><strong>s.</strong></span> <span class='ocrx_word' id='word_1_3' title='bbox 895 746 1071 795; x_wconf 73' lang='lat' dir='ltr'><strong>normann</strong></span> <span class='ocrx_word' id='word_1_4' title='bbox 1092 747 1137 793; x_wconf 84' lang='lat' dir='ltr'><strong>nn</strong></span> <span class='ocrx_word' id='word_1_5' title='bbox 1159 715 1261 795; x_wconf 78' lang='lat' dir='ltr'><strong>num</strong></span> <span class='ocrx_word' id='word_1_6' title='bbox 1282 744 1470 793; x_wconf 77' lang='lat' dir='ltr'><strong>nrmronsn</strong></span> <span class='ocrx_word' id='word_1_7' title='bbox 1487 745 1535 791; x_wconf 81' lang='lat' dir='ltr'><strong>ss</strong></span> 
     </span>
    </p>
   </div>
   <div class='ocr_carea' id='block_1_2' title="bbox 447 884 1779 1073">
    <p class='ocr_par' dir='ltr' id='par_1_2' title="bbox 447 884 1779 1073">
     <span class='ocr_line' id='line_1_2' title="bbox 447 884 1779 972; baseline 0 -19"><span class='ocrx_word' id='word_1_8' title='bbox 447 895 589 953; x_wconf 76' lang='lat' dir='ltr'><strong>oto-too</strong></span> <span class='ocrx_word' id='word_1_9' title='bbox 607 889 710 957; x_wconf 86' lang='lat' dir='ltr'><strong>decies</strong></span> <span class='ocrx_word' id='word_1_10' title='bbox 739 888 958 972; x_wconf 89' lang='lat' dir='ltr'><strong>dilectissima,</strong></span> <span class='ocrx_word' id='word_1_11' title='bbox 986 888 1084 955; x_wconf 90' lang='lat' dir='ltr'><strong>immo</strong></span> <span class='ocrx_word' id='word_1_12' title='bbox 1112 888 1231 955; x_wconf 87' lang='lat' dir='ltr'><strong>centies</strong></span> <span class='ocrx_word' id='word_1_13' title='bbox 1257 892 1291 955; x_wconf 86' lang='lat' dir='ltr'><strong>et</strong></span> <span class='ocrx_word' id='word_1_14' title='bbox 1318 887 1431 955; x_wconf 88' lang='lat' dir='ltr'><strong>milies.</strong></span> <span class='ocrx_word' id='word_1_15' title='bbox 1484 886 1528 954; x_wconf 85' lang='lat' dir='ltr'><strong>Te</strong></span> <span class='ocrx_word' id='word_1_16' title='bbox 1556 886 1643 953; x_wconf 88' lang='lat' dir='ltr'><strong>Deus</strong></span> <span class='ocrx_word' id='word_1_17' title='bbox 1670 884 1779 953; x_wconf 81' lang='lat' dir='ltr'><strong>valere</strong></span> 
     </span>
     <span class='ocr_line' id='line_1_3' title="bbox 607 1005 712 1073; baseline -0.019 0"><span class='ocrx_word' id='word_1_18' title='bbox 607 1005 712 1073; x_wconf 84' lang='lat' dir='ltr'><strong>iaciat.</strong></span> 
     </span>
    </p>
   </div>
   <div class='ocr_carea' id='block_1_3' title="bbox 611 1214 1777 1303">
    <p class='ocr_par' dir='ltr' id='par_1_3' title="bbox 611 1214 1777 1303">
     <span class='ocr_line' id='line_1_4' title="bbox 611 1214 1777 1303; baseline -0.007 -14"><span class='ocrx_word' id='word_1_19' title='bbox 611 1216 645 1289; x_wconf 89' lang='grc'><strong>3.</strong></span> <span class='ocrx_word' id='word_1_20' title='bbox 676 1218 860 1285; x_wconf 77' lang='lat' dir='ltr'><strong>Alddelmoc</strong></span> <span class='ocrx_word' id='word_1_21' title='bbox 882 1217 979 1284; x_wconf 72' lang='lat' dir='ltr'><strong>attae</strong></span> <span class='ocrx_word' id='word_1_22' title='bbox 1002 1217 1290 1283; x_wconf 73' lang='lat' dir='ltr'><strong>Malmesooriemo</strong></span> <span class='ocrx_word' id='word_1_23' title='bbox 1306 1215 1438 1282; x_wconf 81' lang='lat' dir='ltr'><strong>Hoddoe</strong></span> <span class='ocrx_word' id='word_1_24' title='bbox 1461 1219 1607 1303; x_wconf 79' lang='lat' dir='ltr'><strong>epo&#39;eoopo</strong></span> <span class='ocrx_word' id='word_1_25' title='bbox 1625 1214 1777 1281; x_wconf 70' lang='lat' dir='ltr'><strong>Occiden-</strong></span> 
     </span>
    </p>
   </div>
   <div class='ocr_carea' id='block_1_4' title="bbox 674 1332 1780 1420">
    <p class='ocr_par' dir='ltr' id='par_1_4' title="bbox 674 1332 1780 1420">
     <span class='ocr_line' id='line_1_5' title="bbox 674 1332 1780 1420; baseline -0.003 -21"><span class='ocrx_word' id='word_1_26' title='bbox 674 1334 786 1399; x_wconf 84' lang='lat' dir='ltr'><strong>tolium</strong></span> <span class='ocrx_word' id='word_1_27' title='bbox 809 1334 975 1401; x_wconf 78' lang='lat' dir='ltr'><strong>Soeooom</strong></span> <span class='ocrx_word' id='word_1_28' title='bbox 996 1334 1121 1415; x_wconf 72' lang='lat' dir='ltr'><strong>amihel,</strong></span> <span class='ocrx_word' id='word_1_29' title='bbox 1150 1355 1183 1399; x_wconf 85' lang='lat' dir='ltr'><strong>oo</strong></span> <span class='ocrx_word' id='word_1_30' title='bbox 1212 1334 1377 1420; x_wconf 79' lang='lat' dir='ltr'><strong>impediri,</strong></span> <span class='ocrx_word' id='word_1_31' title='bbox 1407 1336 1574 1419; x_wconf 80' lang='lat' dir='ltr'><strong>quominus</strong></span> <span class='ocrx_word' id='word_1_32' title='bbox 1591 1346 1668 1419; x_wconf 82' lang='lat' dir='ltr'><strong>post</strong></span> <span class='ocrx_word' id='word_1_33' title='bbox 1695 1332 1780 1396; x_wconf 84' lang='lat' dir='ltr'><strong>diem</strong></span> 
     </span>
    </p>
   </div>
   <div class='ocr_carea' id='block_1_5' title="bbox 673 1441 1778 1647">
    <p class='ocr_par' dir='ltr' id='par_1_5' title="bbox 673 1441 1778 1647">
     <span class='ocr_line' id='line_1_6' title="bbox 673 1441 1777 1535; baseline -0.004 -20"><span class='ocrx_word' id='word_1_34' title='bbox 673 1450 811 1515; x_wconf 77' lang='lat' dir='ltr'><strong>natalem</strong></span> <span class='ocrx_word' id='word_1_35' title='bbox 833 1450 969 1517; x_wconf 78' lang='lat' dir='ltr'><strong><em>Domini</em></strong></span> <span class='ocrx_word' id='word_1_36' title='bbox 989 1452 1033 1515; x_wconf 92' lang='lat' dir='ltr'><strong>od</strong></span> <span class='ocrx_word' id='word_1_37' title='bbox 1056 1472 1125 1515; x_wconf 74' lang='lat' dir='ltr'><strong>aas</strong></span> <span class='ocrx_word' id='word_1_38' title='bbox 1146 1451 1283 1516; x_wconf 79' lang='lat' dir='ltr'><strong><em>accedat.</em></strong></span> <span class='ocrx_word' id='word_1_39' title='bbox 1318 1450 1371 1515; x_wconf 83' lang='lat' dir='ltr'><strong>Do</strong></span> <span class='ocrx_word' id='word_1_40' title='bbox 1392 1450 1505 1515; x_wconf 71' lang='lat' dir='ltr'><strong>stadim</strong></span> <span class='ocrx_word' id='word_1_41' title='bbox 1520 1452 1586 1513; x_wconf 74' lang='lat' dir='ltr'><strong>anob</strong></span> <span class='ocrx_word' id='word_1_42' title='bbox 1602 1441 1777 1535; x_wconf 73' lang='lat' dir='ltr'><strong>oapood&#39;¹.</strong></span> 
     </span>
     <span class='ocr_line' id='line_1_7' title="bbox 1371 1559 1778 1647; baseline -0.007 -18"><span class='ocrx_word' id='word_1_43' title='bbox 1371 1562 1407 1644; x_wconf 88' lang='lat' dir='ltr'><strong>(S</strong></span> <span class='ocrx_word' id='word_1_44' title='bbox 1423 1566 1476 1647; x_wconf 82' lang='lat'><strong>68,</strong></span> <span class='ocrx_word' id='word_1_45' title='bbox 1499 1562 1540 1630; x_wconf 89' lang='lat' dir='ltr'>W</span> <span class='ocrx_word' id='word_1_46' title='bbox 1557 1565 1632 1646; x_wconf 84' lang='lat'><strong>143,</strong></span> <span class='ocrx_word' id='word_1_47' title='bbox 1655 1559 1778 1641; x_wconf 69' lang='lat'><strong>(3133)</strong></span> 
     </span>
    </p>
   </div>
   <div class='ocr_carea' id='block_1_6' title="bbox 450 1696 1861 3989">
    <p class='ocr_par' dir='ltr' id='par_1_6' title="bbox 450 1696 1779 1998">
     <span class='ocr_line' id='line_1_8' title="bbox 450 1696 1779 1783; baseline -0.001 -19"><span class='ocrx_word' id='word_1_48' title='bbox 450 1708 591 1764; x_wconf 76' lang='lat' dir='ltr'><strong>sto-705</strong></span> <span class='ocrx_word' id='word_1_49' title='bbox 698 1697 853 1765; x_wconf 74' lang='lat' dir='ltr'><strong>Dominob</strong></span> <span class='ocrx_word' id='word_1_50' title='bbox 876 1698 1131 1765; x_wconf 87' lang='lat' dir='ltr'><strong>reverentissimo</strong></span> <span class='ocrx_word' id='word_1_51' title='bbox 1153 1697 1301 1783; x_wconf 89' lang='lat' dir='ltr'><strong>omnique</strong></span> <span class='ocrx_word' id='word_1_52' title='bbox 1323 1698 1475 1764; x_wconf 67' lang='lat' dir='ltr'><strong>vinctum</strong></span> <span class='ocrx_word' id='word_1_53' title='bbox 1499 1696 1663 1763; x_wconf 83' lang='lat' dir='ltr'><strong>conamine</strong></span> <span class='ocrx_word' id='word_1_54' title='bbox 1684 1715 1779 1763; x_wconf 85' lang='lat' dir='ltr'><strong>vene·</strong></span> 
     </span>
     <span class='ocr_line' id='line_1_9' title="bbox 607 1810 1779 1901; baseline -0.003 -19"><span class='ocrx_word' id='word_1_55' title='bbox 607 1814 707 1881; x_wconf 89' lang='lat' dir='ltr'><strong>rando</strong></span> <span class='ocrx_word' id='word_1_56' title='bbox 735 1818 767 1881; x_wconf 87' lang='lat' dir='ltr'><strong>et</strong></span> <span class='ocrx_word' id='word_1_57' title='bbox 788 1819 862 1901; x_wconf 89' lang='lat' dir='ltr'><strong>post</strong></span> <span class='ocrx_word' id='word_1_58' title='bbox 875 1813 977 1881; x_wconf 91' lang='lat' dir='ltr'><strong>Deum</strong></span> <span class='ocrx_word' id='word_1_59' title='bbox 1000 1814 1154 1900; x_wconf 70' lang='lat' dir='ltr'><strong>peculiari</strong></span> <span class='ocrx_word' id='word_1_60' title='bbox 1174 1819 1309 1901; x_wconf 88' lang='lat' dir='ltr'><strong>patrono</strong></span> <span class='ocrx_word' id='word_1_61' title='bbox 1332 1862 1540 1879; x_wconf 89' lang='grc'><strong>..........</strong></span> <span class='ocrx_word' id='word_1_62' title='bbox 1548 1824 1559 1849; x_wconf 79' lang='lat'>⁸</span> <span class='ocrx_word' id='word_1_63' title='bbox 1574 1810 1710 1899; x_wconf 79' lang='lat' dir='ltr'>supplex</span> <span class='ocrx_word' id='word_1_64' title='bbox 1733 1810 1779 1877; x_wconf 85' lang='lat' dir='ltr'><strong>nl·</strong></span> 
     </span>
     <span class='ocr_line' id='line_1_10' title="bbox 607 1927 1464 1998; baseline -0.002 -1"><span class='ocrx_word' id='word_1_65' title='bbox 607 1930 728 1997; x_wconf 87' lang='lat' dir='ltr'><strong>mitatis</strong></span> <span class='ocrx_word' id='word_1_66' title='bbox 751 1936 875 1998; x_wconf 74' lang='lat' dir='ltr'><strong>vesunu</strong></span> <span class='ocrx_word' id='word_1_67' title='bbox 896 1929 1081 1997; x_wconf 82' lang='lat' dir='ltr'><strong>vernaculus</strong></span> <span class='ocrx_word' id='word_1_68' title='bbox 1104 1930 1139 1995; x_wconf 91' lang='lat' dir='ltr'><strong>in</strong></span> <span class='ocrx_word' id='word_1_69' title='bbox 1161 1928 1298 1995; x_wconf 88' lang='lat' dir='ltr'><strong>Domino</strong></span> <span class='ocrx_word' id='word_1_70' title='bbox 1320 1927 1464 1995; x_wconf 86' lang='lat' dir='ltr'><strong>salutem.</strong></span> 
     </span>
    </p>

    <p class='ocr_par' dir='ltr' id='par_1_7' title="bbox 607 2044 1861 2942">
     <span class='ocr_line' id='line_1_11' title="bbox 696 2044 1780 2131; baseline -0.002 -19"><span class='ocrx_word' id='word_1_71' title='bbox 696 2045 827 2131; x_wconf 79' lang='lat' dir='ltr'><strong>Fateor,</strong></span> <span class='ocrx_word' id='word_1_72' title='bbox 857 2045 894 2112; x_wconf 72' lang='lat' dir='ltr'><strong>od</strong></span> <span class='ocrx_word' id='word_1_73' title='bbox 918 2044 1099 2113; x_wconf 84' lang='lat' dir='ltr'><strong>beatissime</strong></span> <span class='ocrx_word' id='word_1_74' title='bbox 1122 2044 1255 2111; x_wconf 89' lang='lat' dir='ltr'><strong>antestis</strong></span> <span class='ocrx_word' id='word_1_75' title='bbox 1265 2054 1286 2129; x_wconf 83' lang='lat'><strong>⁰,</strong></span> <span class='ocrx_word' id='word_1_76' title='bbox 1314 2044 1507 2111; x_wconf 83' lang='lat' dir='ltr'><strong>modulum</strong></span> <span class='ocrx_word' id='word_1_77' title='bbox 1530 2044 1722 2111; x_wconf 86' lang='lat' dir='ltr'><strong>decrevisse:</strong></span> <span class='ocrx_word' id='word_1_78' title='bbox 1750 2044 1780 2111; x_wconf 87' lang='lat' dir='ltr'><strong>si</strong></span> 
     </span>
     <span class='ocr_line' id='line_1_12' title="bbox 607 2159 1779 2249; baseline -0.003 -20"><span class='ocrx_word' id='word_1_79' title='bbox 607 2160 729 2230; x_wconf 83' lang='lat' dir='ltr'><strong>rerum‘</strong></span> <span class='ocrx_word' id='word_1_80' title='bbox 750 2162 833 2229; x_wconf 88' lang='lat' dir='ltr'><strong>ratio</strong></span> <span class='ocrx_word' id='word_1_81' title='bbox 857 2180 894 2228; x_wconf 90' lang='lat' dir='ltr'><strong>ac</strong></span> <span class='ocrx_word' id='word_1_82' title='bbox 915 2166 1113 2249; x_wconf 81' lang='lat' dir='ltr'><strong>temporum⁸</strong></span> <span class='ocrx_word' id='word_1_83' title='bbox 1135 2160 1270 2227; x_wconf 85' lang='lat' dir='ltr'><strong>volitans</strong></span> <span class='ocrx_word' id='word_1_84' title='bbox 1285 2160 1469 2227; x_wconf 77' lang='lat' dir='ltr'><strong>vicissitudo</strong></span> <span class='ocrx_word' id='word_1_85' title='bbox 1488 2159 1779 2247; x_wconf 66' lang='lat' dir='ltr'><strong>patereturl,.vici-</strong></span> 
     </span>
     <span class='ocr_line' id='line_1_13' title="bbox 608 2275 1779 2363; baseline 0 -19"><span class='ocrx_word' id='word_1_86' title='bbox 608 2298 682 2345; x_wconf 88' lang='lat' dir='ltr'><strong>nam</strong></span> <span class='ocrx_word' id='word_1_87' title='bbox 709 2278 822 2363; x_wconf 71' lang='lat' dir='ltr'><strong>optati*</strong></span> <span class='ocrx_word' id='word_1_88' title='bbox 845 2276 961 2343; x_wconf 87' lang='lat' dir='ltr'><strong>natalis</strong></span> <span class='ocrx_word' id='word_1_89' title='bbox 983 2276 1134 2343; x_wconf 69' lang='lat' dir='ltr'><strong>Dominik</strong></span> <span class='ocrx_word' id='word_1_90' title='bbox 1156 2275 1401 2343; x_wconf 76' lang='lat' dir='ltr'><strong>sollemnitatem</strong></span> <span class='ocrx_word' id='word_1_91' title='bbox 1422 2275 1541 2343; x_wconf 87' lang='lat' dir='ltr'><strong>ibidem</strong></span> <span class='ocrx_word' id='word_1_92' title='bbox 1563 2277 1598 2343; x_wconf 92' lang='lat' dir='ltr'><strong>in</strong></span> <span class='ocrx_word' id='word_1_93' title='bbox 1619 2276 1779 2344; x_wconf 87' lang='lat' dir='ltr'><strong>consortio</strong></span> 
     </span>
     <span class='ocr_line' id='line_1_14' title="bbox 608 2391 1781 2479; baseline 0.001 -19"><span class='ocrx_word' id='word_1_94' title='bbox 608 2394 744 2460; x_wconf 79' lang='lat' dir='ltr'><strong>fratrum</strong></span> <span class='ocrx_word' id='word_1_95' title='bbox 765 2392 949 2478; x_wconf 81' lang='lat' dir='ltr'><strong>trepudians</strong></span> <span class='ocrx_word' id='word_1_96' title='bbox 972 2392 1140 2476; x_wconf 87' lang='lat' dir='ltr'><strong>celebrare,</strong></span> <span class='ocrx_word' id='word_1_97' title='bbox 1164 2397 1196 2459; x_wconf 91' lang='lat' dir='ltr'><strong>et</strong></span> <span class='ocrx_word' id='word_1_98' title='bbox 1218 2391 1420 2479; x_wconf 89' lang='lat' dir='ltr'><strong>postmodum</strong></span> <span class='ocrx_word' id='word_1_99' title='bbox 1441 2392 1508 2459; x_wconf 86' lang='lat' dir='ltr'><strong>vita</strong></span> <span class='ocrx_word' id='word_1_100' title='bbox 1526 2391 1641 2459; x_wconf 89' lang='lat' dir='ltr'><strong>comite</strong></span> <span class='ocrx_word' id='word_1_101' title='bbox 1655 2397 1781 2461; x_wconf 83' lang='lat' dir='ltr'><strong>vestrae</strong></span> 
     </span>
     <span class='ocr_line' id='line_1_15' title="bbox 609 2506 1781 2596; baseline 0.001 -22"><span class='ocrx_word' id='word_1_102' title='bbox 609 2508 751 2575; x_wconf 87' lang='lat' dir='ltr'><strong>caritatis</strong></span> <span class='ocrx_word' id='word_1_103' title='bbox 779 2506 909 2573; x_wconf 83' lang='lat' dir='ltr'><strong>affabili¹</strong></span> <span class='ocrx_word' id='word_1_104' title='bbox 931 2508 1094 2594; x_wconf 89' lang='lat' dir='ltr'><strong>presentia</strong></span> <span class='ocrx_word' id='word_1_105' title='bbox 1115 2508 1187 2573; x_wconf 78' lang='lat' dir='ltr'><strong>frui.</strong></span> <span class='ocrx_word' id='word_1_106' title='bbox 1235 2507 1298 2575; x_wconf 88' lang='lat' dir='ltr'><strong>Sed</strong></span> <span class='ocrx_word' id='word_1_107' title='bbox 1321 2509 1405 2594; x_wconf 87' lang='lat' dir='ltr'><strong>qnia,</strong></span> <span class='ocrx_word' id='word_1_108' title='bbox 1428 2508 1561 2575; x_wconf 83' lang='lat' dir='ltr'><strong>diversis</strong></span> <span class='ocrx_word' id='word_1_109' title='bbox 1583 2508 1781 2596; x_wconf 86' lang='lat' dir='ltr'><strong>inpedimen-</strong></span> 
     </span>
     <span class='ocr_line' id='line_1_16' title="bbox 608 2621 1782 2710; baseline 0 -19"><span class='ocrx_word' id='word_1_110' title='bbox 608 2630 715 2691; x_wconf 88' lang='lat' dir='ltr'><strong>torum</strong></span> <span class='ocrx_word' id='word_1_111' title='bbox 730 2621 899 2690; x_wconf 77' lang='lat' dir='ltr'><strong>obstaculis</strong></span> <span class='ocrx_word' id='word_1_112' title='bbox 919 2624 1070 2691; x_wconf 81' lang='lat' dir='ltr'><strong>refrenati</strong></span> <span class='ocrx_word' id='word_1_113' title='bbox 1076 2634 1106 2709; x_wconf 78' lang='lat'><strong>¹¹,</strong></span> <span class='ocrx_word' id='word_1_114' title='bbox 1124 2624 1388 2709; x_wconf 88' lang='lat' dir='ltr'><strong>quemadmodum</strong></span> <span class='ocrx_word' id='word_1_115' title='bbox 1402 2624 1486 2691; x_wconf 87' lang='lat' dir='ltr'><strong>lator</strong></span> <span class='ocrx_word' id='word_1_116' title='bbox 1498 2624 1695 2710; x_wconf 87' lang='lat' dir='ltr'><strong>presentium</strong></span> <span class='ocrx_word' id='word_1_117' title='bbox 1708 2625 1782 2691; x_wconf 83' lang='lat' dir='ltr'><strong>vius</strong></span> 
     </span>
     <span class='ocr_line' id='line_1_17' title="bbox 610 2738 1861 2827; baseline 0.005 -22"><span class='ocrx_word' id='word_1_118' title='bbox 610 2758 685 2807; x_wconf 88' lang='lat' dir='ltr'><strong>voce</strong></span> <span class='ocrx_word' id='word_1_119' title='bbox 707 2738 850 2826; x_wconf 87' lang='lat' dir='ltr'><strong>plenius¹¹</strong></span> <span class='ocrx_word' id='word_1_120' title='bbox 873 2739 1116 2827; x_wconf 53' lang='lat' dir='ltr'><strong>promulgabit,</strong></span> <span class='ocrx_word' id='word_1_121' title='bbox 1145 2738 1225 2807; x_wconf 90' lang='lat' dir='ltr'><strong>illud</strong></span> <span class='ocrx_word' id='word_1_122' title='bbox 1246 2738 1397 2826; x_wconf 87' lang='lat' dir='ltr'><strong>perficere</strong></span> <span class='ocrx_word' id='word_1_123' title='bbox 1418 2740 1635 2826; x_wconf 85' lang='lat' dir='ltr'><strong>nequivimus,</strong></span> <span class='ocrx_word' id='word_1_124' title='bbox 1663 2740 1781 2808; x_wconf 88' lang='lat' dir='ltr'><strong>idcirco</strong></span> <span class='ocrx_word' id='word_1_125' title='bbox 1857 2804 1861 2812; x_wconf 82' lang='lat'>.</span> 
     </span>
     <span class='ocr_line' id='line_1_18' title="bbox 611 2854 1334 2942; baseline 0 -20"><span class='ocrx_word' id='word_1_126' title='bbox 611 2854 823 2923; x_wconf 75' lang='lat' dir='ltr'><strong>difficultatis&#39;</strong></span> <span class='ocrx_word' id='word_1_127' title='bbox 845 2856 986 2940; x_wconf 90' lang='lat' dir='ltr'><strong>veniam,</strong></span> <span class='ocrx_word' id='word_1_128' title='bbox 1009 2874 1140 2942; x_wconf 89' lang='lat' dir='ltr'><strong>precor,</strong></span> <span class='ocrx_word' id='word_1_129' title='bbox 1162 2856 1334 2941; x_wconf 89' lang='lat' dir='ltr'><strong>inpendite.</strong></span> 
     </span>
    </p>

    <p class='ocr_par' dir='ltr' id='par_1_8' title="bbox 610 2970 1783 3989">
     <span class='ocr_line' id='line_1_19' title="bbox 699 2970 1781 3058; baseline 0.003 -20"><span class='ocrx_word' id='word_1_130' title='bbox 699 2971 808 3058; x_wconf 84' lang='lat' dir='ltr'><strong>Neque</strong></span> <span class='ocrx_word' id='word_1_131' title='bbox 831 2971 917 3038; x_wconf 90' lang='lat' dir='ltr'><strong>onim</strong></span> <span class='ocrx_word' id='word_1_132' title='bbox 939 2991 1040 3058; x_wconf 84' lang='lat' dir='ltr'><strong>parva</strong></span> <span class='ocrx_word' id='word_1_133' title='bbox 1067 2974 1247 3057; x_wconf 88' lang='lat' dir='ltr'><strong>temporum</strong></span> <span class='ocrx_word' id='word_1_134' title='bbox 1275 2970 1444 3038; x_wconf 86' lang='lat' dir='ltr'><strong>intervalla</strong></span> <span class='ocrx_word' id='word_1_135' title='bbox 1472 2972 1506 3039; x_wconf 90' lang='lat' dir='ltr'><strong>in</strong></span> <span class='ocrx_word' id='word_1_136' title='bbox 1533 2971 1594 3041; x_wconf 90' lang='lat' dir='ltr'><strong>boc</strong></span> <span class='ocrx_word' id='word_1_137' title='bbox 1619 2970 1781 3041; x_wconf 72' lang='lat' dir='ltr'><strong>lectionis¹</strong></span> 
     </span>
     <span class='ocr_line' id='line_1_20' title="bbox 612 3086 1782 3174; baseline 0.001 -19"><span class='ocrx_word' id='word_1_138' title='bbox 612 3088 715 3155; x_wconf 89' lang='lat' dir='ltr'><strong>studio</strong></span> <span class='ocrx_word' id='word_1_139' title='bbox 744 3086 932 3174; x_wconf 86' lang='lat' dir='ltr'><strong>protelanda</strong></span> <span class='ocrx_word' id='word_1_140' title='bbox 960 3092 1049 3169; x_wconf 84' lang='lat' dir='ltr'><strong>suut3</strong></span> <span class='ocrx_word' id='word_1_141' title='bbox 1083 3087 1113 3154; x_wconf 85' lang='lat' dir='ltr'><strong>ei</strong></span> <span class='ocrx_word' id='word_1_142' title='bbox 1142 3086 1323 3171; x_wconf 75' lang='lat' dir='ltr'><strong>dumtaxat,</strong></span> <span class='ocrx_word' id='word_1_143' title='bbox 1351 3087 1421 3173; x_wconf 91' lang='lat' dir='ltr'><strong>qui,</strong></span> <span class='ocrx_word' id='word_1_144' title='bbox 1451 3086 1587 3155; x_wconf 82' lang='lat' dir='ltr'><strong>sollerti‘¹</strong></span> <span class='ocrx_word' id='word_1_145' title='bbox 1608 3089 1782 3172; x_wconf 81' lang='lat' dir='ltr'><strong>sagacitate</strong></span> 
     </span>
     <span class='ocr_line' id='line_1_21' title="bbox 610 3200 1782 3289; baseline 0.002 -20"><span class='ocrx_word' id='word_1_146' title='bbox 610 3203 735 3289; x_wconf 78' lang='lat' dir='ltr'><strong>legendi</strong></span> <span class='ocrx_word' id='word_1_147' title='bbox 758 3222 935 3286; x_wconf 89' lang='lat' dir='ltr'><strong>succensus,</strong></span> <span class='ocrx_word' id='word_1_148' title='bbox 958 3201 1064 3285; x_wconf 83' lang='lat' dir='ltr'><strong>legum</strong></span> <span class='ocrx_word' id='word_1_149' title='bbox 1083 3200 1297 3268; x_wconf 87' lang='lat' dir='ltr'><strong>Romanorum</strong></span> <span class='ocrx_word' id='word_1_150' title='bbox 1318 3202 1390 3269; x_wconf 89' lang='lat' dir='ltr'><strong>iura</strong></span> <span class='ocrx_word' id='word_1_151' title='bbox 1410 3203 1592 3271; x_wconf 85' lang='lat' dir='ltr'><strong>medullitus</strong></span> <span class='ocrx_word' id='word_1_152' title='bbox 1613 3204 1782 3271; x_wconf 86' lang='lat' dir='ltr'><strong>rimabitur</strong></span> 
     </span>
     <span class='ocr_line' id='line_1_22' title="bbox 612 3316 1781 3407; baseline 0 -21"><span class='ocrx_word' id='word_1_153' title='bbox 612 3325 644 3387; x_wconf 89' lang='lat' dir='ltr'><strong>et</strong></span> <span class='ocrx_word' id='word_1_154' title='bbox 671 3322 785 3385; x_wconf 87' lang='lat' dir='ltr'><strong>cuncta</strong></span> <span class='ocrx_word' id='word_1_155' title='bbox 808 3316 888 3383; x_wconf 91' lang='lat' dir='ltr'><strong>iuris</strong></span> <span class='ocrx_word' id='word_1_156' title='bbox 911 3316 1139 3383; x_wconf 73' lang='lat' dir='ltr'><strong>consultorumt</strong></span> <span class='ocrx_word' id='word_1_157' title='bbox 1161 3318 1301 3385; x_wconf 81' lang='lat' dir='ltr'><strong>decreta·</strong></span> <span class='ocrx_word' id='word_1_158' title='bbox 1322 3320 1411 3387; x_wconf 71' lang='lat' dir='ltr'><strong>imis*</strong></span> <span class='ocrx_word' id='word_1_159' title='bbox 1431 3320 1605 3407; x_wconf 84' lang='lat' dir='ltr'><strong>precordiis</strong></span> <span class='ocrx_word' id='word_1_160' title='bbox 1627 3320 1781 3387; x_wconf 88' lang='lat' dir='ltr'><strong>scrutabi-</strong></span> 
     </span>
     <span class='ocr_line' id='line_1_23' title="bbox 612 3432 1783 3522; baseline 0.002 -21"><span class='ocrx_word' id='word_1_161' title='bbox 612 3440 664 3501; x_wconf 92' lang='lat' dir='ltr'><strong>tur</strong></span> <span class='ocrx_word' id='word_1_162' title='bbox 686 3438 719 3501; x_wconf 89' lang='lat' dir='ltr'><strong>et</strong></span> <span class='ocrx_word' id='word_1_163' title='bbox 740 3432 825 3519; x_wconf 90' lang='lat' dir='ltr'><strong>quod</strong></span> <span class='ocrx_word' id='word_1_164' title='bbox 846 3432 896 3499; x_wconf 90' lang='lat' dir='ltr'><strong>his</strong></span> <span class='ocrx_word' id='word_1_165' title='bbox 919 3432 1018 3499; x_wconf 86' lang='lat' dir='ltr'><strong>multo</strong></span> <span class='ocrx_word' id='word_1_166' title='bbox 1042 3432 1158 3499; x_wconf 85' lang='lat' dir='ltr'><strong>artius·</strong></span> <span class='ocrx_word' id='word_1_167' title='bbox 1181 3438 1213 3501; x_wconf 92' lang='lat' dir='ltr'><strong>et</strong></span> <span class='ocrx_word' id='word_1_168' title='bbox 1231 3434 1414 3522; x_wconf 87' lang='lat' dir='ltr'><strong>perplexius</strong></span> <span class='ocrx_word' id='word_1_169' title='bbox 1429 3441 1491 3504; x_wconf 88' lang='lat' dir='ltr'><strong>est:</strong></span> <span class='ocrx_word' id='word_1_170' title='bbox 1515 3440 1648 3505; x_wconf 81' lang='lat' dir='ltr'><strong>centena</strong></span> <span class='ocrx_word' id='word_1_171' title='bbox 1661 3434 1783 3503; x_wconf 90' lang='lat' dir='ltr'><strong>scilicet</strong></span> 
     </span>
     <span class='ocr_line' id='line_1_24' title="bbox 611 3548 1781 3636; baseline 0.003 -20"><span class='ocrx_word' id='word_1_172' title='bbox 611 3554 785 3617; x_wconf 89' lang='lat' dir='ltr'><strong>metrorum</strong></span> <span class='ocrx_word' id='word_1_173' title='bbox 813 3568 930 3632; x_wconf 81' lang='lat' dir='ltr'><strong>genera</strong></span> <span class='ocrx_word' id='word_1_174' title='bbox 956 3548 1096 3636; x_wconf 87' lang='lat' dir='ltr'><strong>pedestri</strong></span> <span class='ocrx_word' id='word_1_175' title='bbox 1130 3549 1240 3634; x_wconf 77' lang='lat' dir='ltr'><strong>regula</strong></span> <span class='ocrx_word' id='word_1_176' title='bbox 1270 3551 1466 3620; x_wconf 82' lang='lat' dir='ltr'><strong>discernere&#39;</strong></span> <span class='ocrx_word' id='word_1_177' title='bbox 1488 3558 1521 3620; x_wconf 89' lang='lat' dir='ltr'><strong>et</strong></span> <span class='ocrx_word' id='word_1_178' title='bbox 1549 3552 1613 3619; x_wconf 88' lang='lat' dir='ltr'><strong>ad&#39;</strong></span> <span class='ocrx_word' id='word_1_179' title='bbox 1641 3552 1781 3619; x_wconf 86' lang='lat' dir='ltr'><strong>musica¹</strong></span> 
     </span>
     <span class='ocr_line' id='line_1_25' title="bbox 613 3663 1782 3754; baseline 0.002 -22"><span class='ocrx_word' id='word_1_180' title='bbox 613 3664 788 3732; x_wconf 87' lang='lat' dir='ltr'><strong>cantilenae</strong></span> <span class='ocrx_word' id='word_1_181' title='bbox 809 3663 1023 3731; x_wconf 84' lang='lat' dir='ltr'><strong>modulamina</strong></span> <span class='ocrx_word' id='word_1_182' title='bbox 1037 3670 1123 3733; x_wconf 87' lang='lat' dir='ltr'><strong>recto</strong></span> <span class='ocrx_word' id='word_1_183' title='bbox 1138 3666 1331 3754; x_wconf 85' lang='lat' dir='ltr'><strong>syllabarum</strong></span> <span class='ocrx_word' id='word_1_184' title='bbox 1344 3670 1490 3737; x_wconf 75' lang='lat' dir='ltr'><strong>tramite&#39;</strong></span> <span class='ocrx_word' id='word_1_185' title='bbox 1504 3668 1649 3736; x_wconf 84' lang='lat' dir='ltr'><strong>lustrare.</strong></span> <span class='ocrx_word' id='word_1_186' title='bbox 1684 3666 1782 3735; x_wconf 82' lang='lat' dir='ltr'><strong>Cuius</strong></span> 
     </span>
     <span class='ocr_line' id='line_1_26' title="bbox 612 3779 1781 3871; baseline 0.003 -24"><span class='ocrx_word' id='word_1_187' title='bbox 612 3782 661 3849; x_wconf 87' lang='lat' dir='ltr'><strong>rei</strong></span> <span class='ocrx_word' id='word_1_188' title='bbox 682 3779 831 3849; x_wconf 90' lang='lat' dir='ltr'><strong>studiosis</strong></span> <span class='ocrx_word' id='word_1_189' title='bbox 853 3779 1022 3847; x_wconf 90' lang='lat' dir='ltr'><strong>lectoribus</strong></span> <span class='ocrx_word' id='word_1_190' title='bbox 1045 3784 1133 3848; x_wconf 86' lang='lat' dir='ltr'><strong>tanto</strong></span> <span class='ocrx_word' id='word_1_191' title='bbox 1155 3783 1403 3853; x_wconf 84' lang='lat' dir='ltr'><strong>inextricabilior</strong></span> <span class='ocrx_word' id='word_1_192' title='bbox 1425 3786 1599 3853; x_wconf 83' lang='lat' dir='ltr'><strong>obscuritas</strong></span> <span class='ocrx_word' id='word_1_193' title='bbox 1620 3784 1781 3871; x_wconf 90' lang='lat' dir='ltr'><strong>pretendi·</strong></span> 
     </span>
     <span class='ocr_line' id='line_1_27' title="bbox 613 3896 1625 3989; baseline 0.007 -26"><span class='ocrx_word' id='word_1_194' title='bbox 613 3901 682 3982; x_wconf 88' lang='lat' dir='ltr'><strong>tur,</strong></span> <span class='ocrx_word' id='word_1_195' title='bbox 706 3900 823 3982; x_wconf 88' lang='lat' dir='ltr'><strong>quanto</strong></span> <span class='ocrx_word' id='word_1_196' title='bbox 844 3896 947 3963; x_wconf 89' lang='lat' dir='ltr'><strong>rarior</strong></span> <span class='ocrx_word' id='word_1_197' title='bbox 970 3896 1134 3965; x_wconf 87' lang='lat' dir='ltr'><strong>doctorum</strong></span> <span class='ocrx_word' id='word_1_198' title='bbox 1155 3902 1365 3969; x_wconf 86' lang='lat' dir='ltr'><strong>numerositas</strong></span> <span class='ocrx_word' id='word_1_199' title='bbox 1387 3903 1576 3989; x_wconf 90' lang='lat' dir='ltr'><strong>repperitur.</strong></span> <span class='ocrx_word' id='word_1_200' title='bbox 1623 3903 1625 3908; x_wconf 82' lang='lat'>&#39;</span> 
     </span>
    </p>
   </div>
   <div class='ocr_carea' id='block_1_7' title="bbox 613 4036 1782 4663">
    <p class='ocr_par' dir='ltr' id='par_1_9' title="bbox 613 4036 1782 4663">
     <span class='ocr_line' id='line_1_28' title="bbox 686 4036 1781 4103; baseline 0.005 -18"><span class='ocrx_word' id='word_1_201' title='bbox 686 4050 707 4085; x_wconf 74' lang='grc' dir='ltr'><strong>ι.</strong></span> <span class='ocrx_word' id='word_1_202' title='bbox 727 4055 756 4084; x_wconf 73' lang='lat' dir='ltr'><strong>ex</strong></span> <span class='ocrx_word' id='word_1_203' title='bbox 774 4038 798 4085; x_wconf 79' lang='lat' dir='ltr'><em>V</em></span> <span class='ocrx_word' id='word_1_204' title='bbox 805 4038 923 4085; x_wconf 78' lang='lat' dir='ltr'><strong>tt-tso</strong></span> <span class='ocrx_word' id='word_1_205' title='bbox 940 4036 1002 4096; x_wconf 81' lang='lat' dir='ltr'><strong>(cum</strong></span> <span class='ocrx_word' id='word_1_206' title='bbox 1019 4042 1135 4089; x_wconf 66' lang='lat' dir='ltr'><strong>laumas:</strong></span> <span class='ocrx_word' id='word_1_207' title='bbox 1153 4042 1209 4089; x_wconf 72' lang='lat' dir='ltr'><strong>lium</strong></span> <span class='ocrx_word' id='word_1_208' title='bbox 1226 4041 1344 4103; x_wconf 68' lang='lat' dir='ltr'><strong>epistola),</strong></span> <span class='ocrx_word' id='word_1_209' title='bbox 1364 4054 1386 4090; x_wconf 82' lang='lat' dir='ltr'><strong>et</strong></span> <span class='ocrx_word' id='word_1_210' title='bbox 1401 4062 1430 4091; x_wconf 68' lang='lat' dir='ltr'><strong>ea</strong></span> <span class='ocrx_word' id='word_1_211' title='bbox 1442 4046 1561 4092; x_wconf 75' lang='lat' dir='ltr'><strong>thtdm·</strong></span> <span class='ocrx_word' id='word_1_212' title='bbox 1575 4044 1781 4090; x_wconf 69' lang='lat' dir='ltr'><strong>Mdmturtmtu</strong></span> 
     </span>
     <span class='ocr_line' id='line_1_29' title="bbox 615 4118 1781 4183; baseline 0.003 -18"><span class='ocrx_word' id='word_1_213' title='bbox 615 4119 644 4165; x_wconf 76' lang='lat' dir='ltr'><strong>de</strong></span> <span class='ocrx_word' id='word_1_214' title='bbox 657 4120 740 4177; x_wconf 77' lang='lat' dir='ltr'><strong>pontif.</strong></span> <span class='ocrx_word' id='word_1_215' title='bbox 756 4119 850 4181; x_wconf 74' lang='lat' dir='ltr'><strong>Anglor.</strong></span> <span class='ocrx_word' id='word_1_216' title='bbox 866 4119 893 4165; x_wconf 81' lang='lat' dir='ltr'><strong>L.</strong></span> <span class='ocrx_word' id='word_1_217' title='bbox 907 4118 930 4165; x_wconf 81' lang='lat' dir='ltr'><em>V</em></span> <span class='ocrx_word' id='word_1_218' title='bbox 943 4137 981 4179; x_wconf 80' lang='lat' dir='ltr'><strong>op.</strong></span> <span class='ocrx_word' id='word_1_219' title='bbox 997 4122 1056 4167; x_wconf 80' lang='lat' dir='ltr'><strong>Gale</strong></span> <span class='ocrx_word' id='word_1_220' title='bbox 1072 4124 1130 4168; x_wconf 78' lang='lat' dir='ltr'><strong>Hr&#39;st.</strong></span> <span class='ocrx_word' id='word_1_221' title='bbox 1146 4125 1202 4170; x_wconf 71' lang='lat' dir='ltr'><strong>cns.</strong></span> <span class='ocrx_word' id='word_1_222' title='bbox 1217 4124 1260 4172; x_wconf 74' lang='lat' dir='ltr'><strong>Se.</strong></span> <span class='ocrx_word' id='word_1_223' title='bbox 1277 4126 1301 4170; x_wconf 72' lang='grc' dir='ltr'><strong>ἲ.</strong></span> <span class='ocrx_word' id='word_1_224' title='bbox 1313 4128 1326 4171; x_wconf 86' lang='lat'><em>1</em></span> <span class='ocrx_word' id='word_1_225' title='bbox 1337 4141 1361 4183; x_wconf 83' lang='lat' dir='ltr'><strong>p.</strong></span> <span class='ocrx_word' id='word_1_226' title='bbox 1371 4125 1425 4171; x_wconf 73' lang='lat'>341.</span> <span class='ocrx_word' id='word_1_227' title='bbox 1501 4124 1524 4169; x_wconf 88' lang='lat' dir='ltr'><strong>b.</strong></span> <span class='ocrx_word' id='word_1_228' title='bbox 1539 4122 1638 4169; x_wconf 85' lang='lat' dir='ltr'><strong>Domino</strong></span> <span class='ocrx_word' id='word_1_229' title='bbox 1648 4145 1674 4157; x_wconf 89' lang='lat'>-</span> <span class='ocrx_word' id='word_1_230' title='bbox 1685 4122 1781 4169; x_wconf 72' lang='lat' dir='ltr'><strong>adnisus</strong></span> 
     </span>
     <span class='ocr_line' id='line_1_30' title="bbox 614 4198 1782 4262; baseline 0.006 -20"><span class='ocrx_word' id='word_1_231' title='bbox 614 4213 657 4243; x_wconf 82' lang='lat' dir='ltr'><strong>orn.</strong></span> <span class='ocrx_word' id='word_1_232' title='bbox 669 4198 738 4243; x_wconf 77' lang='lat' dir='ltr'><strong>WM.</strong></span> <span class='ocrx_word' id='word_1_233' title='bbox 815 4210 835 4243; x_wconf 80' lang='lat' dir='ltr'><strong>e.</strong></span> <span class='ocrx_word' id='word_1_234' title='bbox 856 4199 941 4245; x_wconf 80' lang='lat' dir='ltr'><strong>lacuna</strong></span> <span class='ocrx_word' id='word_1_235' title='bbox 959 4204 1092 4247; x_wconf 74' lang='lat' dir='ltr'><strong>nonestis</strong></span> <span class='ocrx_word' id='word_1_236' title='bbox 1108 4203 1160 4249; x_wconf 82' lang='lat' dir='ltr'><strong>cod.</strong></span> <span class='ocrx_word' id='word_1_237' title='bbox 1173 4204 1200 4249; x_wconf 80' lang='lat' dir='ltr'><strong>V.</strong></span> <span class='ocrx_word' id='word_1_238' title='bbox 1278 4204 1301 4250; x_wconf 88' lang='lat' dir='ltr'><strong>(l.</strong></span> <span class='ocrx_word' id='word_1_239' title='bbox 1322 4218 1395 4252; x_wconf 79' lang='lat' dir='ltr'><strong>conr.</strong></span> <span class='ocrx_word' id='word_1_240' title='bbox 1413 4206 1480 4251; x_wconf 82' lang='lat' dir='ltr'><strong>WM.</strong></span> <span class='ocrx_word' id='word_1_241' title='bbox 1563 4216 1583 4249; x_wconf 82' lang='grc' dir='ltr'><strong>ο.</strong></span> <span class='ocrx_word' id='word_1_242' title='bbox 1603 4202 1696 4262; x_wconf 75' lang='lat' dir='ltr'><strong>praesul</strong></span> <span class='ocrx_word' id='word_1_243' title='bbox 1713 4206 1782 4250; x_wconf 57' lang='grc' dir='ltr'><strong>ΨΜ.</strong></span> 
     </span>
     <span class='ocr_line' id='line_1_31' title="bbox 613 4274 1781 4343; baseline 0.006 -21"><span class='ocrx_word' id='word_1_244' title='bbox 613 4274 630 4322; x_wconf 81' lang='lat' dir='ltr'><strong>i.</strong></span> <span class='ocrx_word' id='word_1_245' title='bbox 650 4290 725 4323; x_wconf 86' lang='lat' dir='ltr'><strong>rorum</strong></span> <span class='ocrx_word' id='word_1_246' title='bbox 737 4298 761 4309; x_wconf 87' lang='lat'><em>-</em></span> <span class='ocrx_word' id='word_1_247' title='bbox 772 4290 799 4323; x_wconf 79' lang='lat' dir='ltr'><strong>ao</strong></span> <span class='ocrx_word' id='word_1_248' title='bbox 809 4294 851 4323; x_wconf 80' lang='lat' dir='ltr'><strong>oar.</strong></span> <span class='ocrx_word' id='word_1_249' title='bbox 864 4280 930 4325; x_wconf 64' lang='grc' dir='ltr'><strong>ΨΜ.</strong></span> <span class='ocrx_word' id='word_1_250' title='bbox 978 4292 999 4338; x_wconf 76' lang='lat' dir='ltr'><strong>g.</strong></span> <span class='ocrx_word' id='word_1_251' title='bbox 1015 4282 1120 4341; x_wconf 82' lang='lat' dir='ltr'><strong>tempora</strong></span> <span class='ocrx_word' id='word_1_252' title='bbox 1131 4283 1159 4339; x_wconf 75' lang='lat'><strong>7,</strong></span> <span class='ocrx_word' id='word_1_253' title='bbox 1174 4284 1302 4343; x_wconf 87' lang='lat' dir='ltr'><strong>temporum</strong></span> <span class='ocrx_word' id='word_1_254' title='bbox 1314 4286 1381 4331; x_wconf 72' lang='lat' dir='ltr'><strong>Ml.</strong></span> <span class='ocrx_word' id='word_1_255' title='bbox 1430 4284 1453 4331; x_wconf 85' lang='lat' dir='ltr'><strong>b.</strong></span> <span class='ocrx_word' id='word_1_256' title='bbox 1469 4282 1581 4343; x_wconf 78' lang='lat' dir='ltr'><strong>patiretur</strong></span> <span class='ocrx_word' id='word_1_257' title='bbox 1593 4284 1620 4331; x_wconf 86' lang='lat' dir='ltr'><strong>V.</strong></span> <span class='ocrx_word' id='word_1_258' title='bbox 1666 4283 1683 4329; x_wconf 87' lang='lat' dir='ltr'><strong>l.</strong></span> <span class='ocrx_word' id='word_1_259' title='bbox 1698 4300 1741 4329; x_wconf 82' lang='lat' dir='ltr'><strong>oss.</strong></span> <span class='ocrx_word' id='word_1_260' title='bbox 1754 4284 1781 4329; x_wconf 74' lang='lat'><strong>7.</strong></span> 
     </span>
     <span class='ocr_line' id='line_1_32' title="bbox 614 4354 1782 4422; baseline 0.005 -20"><span class='ocrx_word' id='word_1_261' title='bbox 614 4354 638 4403; x_wconf 79' lang='lat' dir='ltr'><strong>k.</strong></span> <span class='ocrx_word' id='word_1_262' title='bbox 657 4354 700 4403; x_wconf 73' lang='lat' dir='ltr'><strong>dus</strong></span> <span class='ocrx_word' id='word_1_263' title='bbox 719 4356 746 4403; x_wconf 73' lang='lat' dir='ltr'><strong>V.</strong></span> <span class='ocrx_word' id='word_1_264' title='bbox 808 4355 823 4403; x_wconf 92' lang='lat' dir='ltr'><strong>l.</strong></span> <span class='ocrx_word' id='word_1_265' title='bbox 845 4375 886 4405; x_wconf 81' lang='lat' dir='ltr'><strong>om.</strong></span> <span class='ocrx_word' id='word_1_266' title='bbox 905 4360 972 4407; x_wconf 82' lang='lat' dir='ltr'><strong>WM.</strong></span> <span class='ocrx_word' id='word_1_267' title='bbox 1034 4375 1064 4408; x_wconf 90' lang='lat' dir='ltr'><strong>m.</strong></span> <span class='ocrx_word' id='word_1_268' title='bbox 1085 4362 1169 4410; x_wconf 75' lang='lat' dir='ltr'><strong>tardati</strong></span> <span class='ocrx_word' id='word_1_269' title='bbox 1185 4364 1254 4410; x_wconf 81' lang='lat' dir='ltr'><strong>WM.</strong></span> <span class='ocrx_word' id='word_1_270' title='bbox 1315 4378 1338 4410; x_wconf 90' lang='lat' dir='ltr'><strong>n.</strong></span> <span class='ocrx_word' id='word_1_271' title='bbox 1359 4382 1402 4409; x_wconf 76' lang='lat' dir='ltr'><strong>orn.</strong></span> <span class='ocrx_word' id='word_1_272' title='bbox 1416 4366 1482 4409; x_wconf 81' lang='lat' dir='ltr'><strong>WM.</strong></span> <span class='ocrx_word' id='word_1_273' title='bbox 1546 4376 1567 4409; x_wconf 89' lang='lat' dir='ltr'><strong>o.</strong></span> <span class='ocrx_word' id='word_1_274' title='bbox 1586 4361 1738 4422; x_wconf 68' lang='lat' dir='ltr'><strong>promulgarit</strong></span> <span class='ocrx_word' id='word_1_275' title='bbox 1755 4363 1782 4409; x_wconf 75' lang='lat'><strong>7.</strong></span> 
     </span>
     <span class='ocr_line' id='line_1_33' title="bbox 614 4434 1782 4499; baseline 0.006 -18"><span class='ocrx_word' id='word_1_276' title='bbox 614 4448 638 4495; x_wconf 89' lang='lat' dir='ltr'><strong>p.</strong></span> <span class='ocrx_word' id='word_1_277' title='bbox 656 4434 785 4483; x_wconf 77' lang='lat' dir='ltr'><strong>difficultati</strong></span> <span class='ocrx_word' id='word_1_278' title='bbox 797 4438 865 4485; x_wconf 82' lang='lat' dir='ltr'><strong>WM.</strong></span> <span class='ocrx_word' id='word_1_279' title='bbox 938 4452 960 4499; x_wconf 87' lang='lat' dir='ltr'><strong>q.</strong></span> <span class='ocrx_word' id='word_1_280' title='bbox 976 4458 1019 4487; x_wconf 87' lang='lat' dir='ltr'><strong>om.</strong></span> <span class='ocrx_word' id='word_1_281' title='bbox 1037 4444 1106 4489; x_wconf 64' lang='grc' dir='ltr'><strong>ΠΜ.</strong></span> <span class='ocrx_word' id='word_1_282' title='bbox 1177 4456 1196 4489; x_wconf 85' lang='grc' dir='ltr'><strong>ι.</strong></span> <span class='ocrx_word' id='word_1_283' title='bbox 1211 4443 1268 4491; x_wconf 87' lang='lat' dir='ltr'><strong>iuris</strong></span> <span class='ocrx_word' id='word_1_284' title='bbox 1284 4443 1451 4490; x_wconf 83' lang='lat' dir='ltr'><strong>consolatorum</strong></span> <span class='ocrx_word' id='word_1_285' title='bbox 1470 4442 1495 4489; x_wconf 78' lang='lat' dir='ltr'><strong>V.</strong></span> <span class='ocrx_word' id='word_1_286' title='bbox 1568 4456 1587 4489; x_wconf 89' lang='lat' dir='ltr'><strong>s.</strong></span> <span class='ocrx_word' id='word_1_287' title='bbox 1608 4444 1697 4489; x_wconf 76' lang='lat' dir='ltr'><strong>morata</strong></span> <span class='ocrx_word' id='word_1_288' title='bbox 1713 4444 1782 4489; x_wconf 74' lang='lat' dir='ltr'><strong>Mt.</strong></span> 
     </span>
     <span class='ocr_line' id='line_1_34' title="bbox 614 4516 1782 4573; baseline 0.006 -11"><span class='ocrx_word' id='word_1_289' title='bbox 614 4516 980 4573; x_wconf 60' lang='lat' dir='ltr'><strong>textatimissslmmmt.</strong></span> <span class='ocrx_word' id='word_1_290' title='bbox 1049 4536 1072 4567; x_wconf 88' lang='lat' dir='ltr'><strong>n.</strong></span> <span class='ocrx_word' id='word_1_291' title='bbox 1094 4522 1262 4570; x_wconf 67' lang='grc' dir='ltr'><strong>ιιιιιιιοιοιι</strong></span> <span class='ocrx_word' id='word_1_292' title='bbox 1279 4526 1347 4571; x_wconf 78' lang='lat' dir='ltr'><strong>ml.</strong></span> <span class='ocrx_word' id='word_1_293' title='bbox 1413 4536 1436 4569; x_wconf 86' lang='lat' dir='ltr'><strong>r.</strong></span> <span class='ocrx_word' id='word_1_294' title='bbox 1455 4520 1641 4569; x_wconf 82' lang='lat' dir='ltr'><strong>disoomorstV.</strong></span> <span class='ocrx_word' id='word_1_295' title='bbox 1705 4536 1733 4567; x_wconf 89' lang='grc' dir='ltr'><strong>ιι.</strong></span> <span class='ocrx_word' id='word_1_296' title='bbox 1752 4520 1782 4569; x_wconf 75' lang='lat' dir='ltr'><strong>nd</strong></span> 
     </span>
     <span class='ocr_line' id='line_1_35' title="bbox 614 4598 1459 4663; baseline 0.009 -21"><span class='ocrx_word' id='word_1_297' title='bbox 614 4612 657 4643; x_wconf 81' lang='lat' dir='ltr'><strong>orn.</strong></span> <span class='ocrx_word' id='word_1_298' title='bbox 675 4598 743 4643; x_wconf 74' lang='lat' dir='ltr'><strong>Ml.</strong></span> <span class='ocrx_word' id='word_1_299' title='bbox 820 4612 842 4645; x_wconf 83' lang='grc' dir='ltr'><strong>ι.</strong></span> <span class='ocrx_word' id='word_1_300' title='bbox 862 4612 941 4647; x_wconf 78' lang='lat' dir='ltr'><strong>musca</strong></span> <span class='ocrx_word' id='word_1_301' title='bbox 958 4602 986 4657; x_wconf 72' lang='lat' dir='ltr'><strong>V,</strong></span> <span class='ocrx_word' id='word_1_302' title='bbox 1002 4601 1102 4649; x_wconf 75' lang='lat' dir='ltr'><strong>musicae</strong></span> <span class='ocrx_word' id='word_1_303' title='bbox 1119 4604 1188 4650; x_wconf 79' lang='lat' dir='ltr'><strong>ms</strong></span> <span class='ocrx_word' id='word_1_304' title='bbox 1265 4617 1287 4663; x_wconf 81' lang='lat' dir='ltr'><strong>y.</strong></span> <span class='ocrx_word' id='word_1_305' title='bbox 1309 4602 1413 4649; x_wconf 75' lang='lat' dir='ltr'><strong>tramitae</strong></span> <span class='ocrx_word' id='word_1_306' title='bbox 1430 4602 1459 4650; x_wconf 78' lang='lat' dir='ltr'><strong>V.</strong></span> 
     </span>
    </p>
   </div>
   <div class='ocr_carea' id='block_1_8' title="bbox 614 4700 1782 4955">
    <p class='ocr_par' dir='ltr' id='par_1_10' title="bbox 614 4700 1782 4955">
     <span class='ocr_line' id='line_1_36' title="bbox 687 4700 1782 4777; baseline 0.004 -21"><span class='ocrx_word' id='word_1_307' title='bbox 687 4702 712 4757; x_wconf 91' lang='lat'><strong>1.</strong></span> <span class='ocrx_word' id='word_1_308' title='bbox 736 4700 815 4757; x_wconf 87' lang='lat' dir='ltr'><strong>Hauc</strong></span> <span class='ocrx_word' id='word_1_309' title='bbox 833 4704 977 4773; x_wconf 87' lang='lat' dir='ltr'><strong>epistolam</strong></span> <span class='ocrx_word' id='word_1_310' title='bbox 995 4704 1030 4761; x_wconf 89' lang='lat' dir='ltr'><strong>ab</strong></span> <span class='ocrx_word' id='word_1_311' title='bbox 1047 4704 1194 4762; x_wconf 84' lang='lat' dir='ltr'><strong>Aldhelmo</strong></span> <span class='ocrx_word' id='word_1_312' title='bbox 1211 4706 1248 4762; x_wconf 84' lang='lat' dir='ltr'><strong>ad</strong></span> <span class='ocrx_word' id='word_1_313' title='bbox 1259 4706 1386 4763; x_wconf 82' lang='lat' dir='ltr'><strong>Hoddsrn</strong></span> <span class='ocrx_word' id='word_1_314' title='bbox 1397 4705 1556 4777; x_wconf 90' lang='lat' dir='ltr'><strong>episcopum</strong></span> <span class='ocrx_word' id='word_1_315' title='bbox 1568 4705 1782 4763; x_wconf 84' lang='lat' dir='ltr'><strong>Occidentalium</strong></span> 
     </span>
     <span class='ocr_line' id='line_1_37' title="bbox 614 4788 1782 4865; baseline 0.004 -19"><span class='ocrx_word' id='word_1_316' title='bbox 614 4788 754 4847; x_wconf 79' lang='lat' dir='ltr'><strong>Saxonum</strong></span> <span class='ocrx_word' id='word_1_317' title='bbox 773 4792 806 4859; x_wconf 92' lang='lat' dir='ltr'><strong>(s.</strong></span> <span class='ocrx_word' id='word_1_318' title='bbox 819 4791 1035 4865; x_wconf 78' lang='lat' dir='ltr'><strong>vintoniensem,</strong></span> <span class='ocrx_word' id='word_1_319' title='bbox 1054 4796 1211 4864; x_wconf 76' lang='lat' dir='ltr'><strong>stc-705)</strong></span> <span class='ocrx_word' id='word_1_320' title='bbox 1230 4797 1342 4852; x_wconf 86' lang='lat' dir='ltr'><strong>missam</strong></span> <span class='ocrx_word' id='word_1_321' title='bbox 1360 4810 1430 4865; x_wconf 84' lang='lat' dir='ltr'><strong>esse,</strong></span> <span class='ocrx_word' id='word_1_322' title='bbox 1448 4795 1530 4853; x_wconf 89' lang='lat' dir='ltr'><strong>docet</strong></span> <span class='ocrx_word' id='word_1_323' title='bbox 1540 4794 1700 4852; x_wconf 81' lang='lat' dir='ltr'><strong>wilhelmus</strong></span> <span class='ocrx_word' id='word_1_324' title='bbox 1717 4795 1782 4851; x_wconf 79' lang='lat' dir='ltr'><strong>llnl·</strong></span> 
     </span>
     <span class='ocr_line' id='line_1_38' title="bbox 615 4878 1647 4955; baseline 0.006 -20"><span class='ocrx_word' id='word_1_325' title='bbox 615 4878 810 4938; x_wconf 86' lang='lat' dir='ltr'><strong>mesburionsis</strong></span> <span class='ocrx_word' id='word_1_326' title='bbox 827 4879 863 4937; x_wconf 88' lang='lat' dir='ltr'><strong>de</strong></span> <span class='ocrx_word' id='word_1_327' title='bbox 880 4887 956 4953; x_wconf 90' lang='lat' dir='ltr'><strong>pont.</strong></span> <span class='ocrx_word' id='word_1_328' title='bbox 975 4882 1057 4954; x_wconf 82' lang='lat' dir='ltr'><strong>Angl.</strong></span> <span class='ocrx_word' id='word_1_329' title='bbox 1076 4884 1109 4941; x_wconf 87' lang='lat' dir='ltr'><strong>L.</strong></span> <span class='ocrx_word' id='word_1_330' title='bbox 1120 4884 1156 4941; x_wconf 87' lang='lat' dir='ltr'><strong>V.</strong></span> <span class='ocrx_word' id='word_1_331' title='bbox 1175 4900 1219 4955; x_wconf 83' lang='lat' dir='ltr'><strong>ap.</strong></span> <span class='ocrx_word' id='word_1_332' title='bbox 1237 4882 1306 4941; x_wconf 84' lang='lat' dir='ltr'><strong>Gale</strong></span> <span class='ocrx_word' id='word_1_333' title='bbox 1323 4884 1394 4940; x_wconf 86' lang='lat' dir='ltr'><strong>llist</strong></span> <span class='ocrx_word' id='word_1_334' title='bbox 1412 4884 1479 4941; x_wconf 84' lang='lat' dir='ltr'><strong>Brit</strong></span> <span class='ocrx_word' id='word_1_335' title='bbox 1498 4883 1547 4941; x_wconf 86' lang='lat' dir='ltr'><strong>SS.</strong></span> <span class='ocrx_word' id='word_1_336' title='bbox 1560 4885 1647 4941; x_wconf 77' lang='lat'><strong>1341.</strong></span> 
     </span>
    </p>
   </div>
   <div class='ocr_carea' id='block_1_9' title="bbox 0 0 2186 6034">
    <p class='ocr_par' dir='ltr' id='par_1_11' title="bbox 0 0 2186 6034">
     <span class='ocr_line' id='line_1_39' title="bbox 0 0 2186 6034; baseline 0 0"><span class='ocrx_word' id='word_1_337' title='bbox 0 0 2186 6034; x_wconf 95' lang='lat' dir='ltr'><strong> </strong></span> 
     </span>
    </p>
   </div>
  </div>
 </body>
</html>
