4342 6034
603 772 765 823 mousom
786 771 974 823 nunnunsus
995 774 1078 821 urus
1102 772 1275 823 nonnosus
1458 756 1524 825 555

362 916 485 997 seimus3
508 916 565 983 sed
587 915 723 1001 qualiter
744 916 785 983 tul
807 916 868 984 hoe
889 916 1079 1003 pervenerit,
1103 936 1212 983 omnes
1235 916 1402 984 neseimue.
1437 914 1524 996 Ques

361 1032 397 1098 ds
417 1032 527 1098 esteris
549 1033 667 1105 sanetis
690 1034 810 1119 seripts
831 1036 915 1116 sunt,
939 1032 1014 1117 quis
1036 1037 1092 1098 out
1113 1032 1335 1099 ieiunaverunt
1355 1037 1410 1100 sut
1423 1033 1525 1099 homi·

360 1166 411 1213 nes
431 1148 580 1231 ingerunt
600 1152 658 1213 eut
677 1152 785 1215 estere
805 1148 933 1232 similis,
956 1148 1019 1213 nisi
1042 1146 1105 1213 ulio
1129 1148 1238 1215 ordine
1260 1146 1348 1215 nullu
1369 1148 1404 1215 iu
1425 1169 1461 1215 eo
1476 1149 1525 1215 iu·

359 1263 455 1330 veniri
476 1268 619 1349 possunt
704 1262 847 1331 Primum
868 1264 953 1331 enim
976 1264 1103 1332 ieiuniis
1126 1264 1250 1331 dedisse
1274 1284 1419 1351 operum,
1444 1286 1524 1332 nun·

360 1397 449 1463 quum
464 1379 656 1461 aeditimum
680 1379 744 1445 nisi
757 1380 840 1446 forto
854 1379 915 1445 hoe
928 1379 1082 1445 ieiunium
1097 1380 1260 1460 ieiunavit,
1284 1380 1368 1466 quod
1382 1380 1524 1447 divinum

357 1494 504 1564 iudicium
524 1493 627 1579 magis
649 1494 806 1581 probavit,
828 1494 884 1561 ubi
904 1495 965 1561 sit:
989 1496 1105 1561 Noooe
1125 1497 1182 1563 loo
1196 1501 1298 1583 mopsi
1315 1510 1359 1563 ost
1371 1500 1526 1565 munium

360 1612 442 1695 qood
462 1611 560 1697 acepit
581 1610 729 1677 Dissoloe
752 1613 966 1698 oolle'potiooes
982 1614 1164 1698 impietates,
1188 1613 1455 1697 soloofosoiodoo
1470 1616 1524 1679 de·

357 1730 540 1811 pulmentum
562 1729 682 1793 diemde
704 1730 837 1813 eosqui
858 1728 1015 1813 confracti
1035 1740 1109 1793 suos
1131 1729 1258 1809 moes,
1284 1742 1312 1797 et
1335 1752 1424 1794 oome
1447 1752 1524 1797 eom

358 1842 530 1928 dmmpm
558 1865 629 1908 oum
648 1846 768 1908 videris
789 1845 928 1923 ndum,
953 1846 1045 1930 operi
1066 1838 1163 1908 comt
1199 1842 1296 1910 Vioiis
1318 1822 1472 1911 ieiunsvil
1494 1849 1527 1911 et

357 1957 536 2025 necessitati
557 1958 761 2025 mnuduoorit
782 1963 815 2024 et
836 1955 984 2024 omnibus
1000 1956 1164 2041 egentibus
1180 1958 1273 2044 panis
1289 1958 1337 2023 sui
1353 1959 1526 2027 bueeellsm

357 2074 607 2139 eommunieovit
642 2074 796 2140 lmmunis
816 2074 879 2139 fuit
900 2092 1021 2157 eorum,
1044 2074 1108 2159 qui,
1132 2074 1173 2139 sd
1196 2074 1359 2141 hominum
1375 2076 1526 2143 intuitum

356 2194 523 2255 runeoutes
545 2190 612 2256 siue
639 2190 859 2274 grunnientes,
889 2189 951 2257 sibi
978 2194 1103 2257 tuntum
1126 2195 1241 2257 veoaot
1262 2190 1405 2257 solitarii.
1445 2190 1526 2269 Quis

356 2322 499 2371 esserum
527 2304 710 2372 claudorum
739 2305 900 2371 aridorum
928 2324 1054 2391 semper
1080 2326 1153 2373 eum
1183 2305 1395 2391 sequebantur
1421 2312 1526 2375 oente-

356 2420 452 2502 usrii3
476 2421 524 2486 its
544 2426 581 2487 ut
603 2441 684 2507 pene
707 2440 771 2487 non
793 2425 876 2488 esset
895 2420 1025 2487 eleusius
1041 2425 1097 2487 out
1110 2440 1212 2505 oenus,
1235 2442 1327 2507 quem
1344 2442 1384 2488 ex
1398 2423 1526 2489 nomine

355 2554 418 2601 nen
440 2536 539 2602 eoiret
559 2537 736 2623 episeopus.
770 2536 895 2603 Ostium
918 2537 1003 2620 eius,
1025 2542 1117 2603 utet
1140 2542 1212 2603 unte
1235 2536 1389 2621 diximus,
1412 2538 1526 2605 viatori

355 2652 475 2737 pstuit3
499 2657 532 2718 et
552 2666 626 2719 oum
648 2653 690 2720 sb
712 2654 819 2737 egenis
840 2652 1075 2735 inclamantur,
1098 2658 1136 2719 ut
1155 2654 1255 2719 moris
1273 2658 1322 2719 sot
1335 2652 1454 2737 multis,
1476 2655 1526 2721 in·

355 2772 405 2833 tus
428 2767 555 2835 elsusus
577 2786 641 2835 nou
662 2769 770 2852 lstuit,
800 2769 871 2853 sed,
894 2770 971 2835 tetis
995 2769 1114 2854 opertis
1137 2768 1267 2836 loribus·
1280 2768 1429 2854 exiliens,
1453 2788 1526 2837 eum

355 2883 501 2950 omnibus
523 2884 710 2970 profuisset,
733 2883 892 2952 letubutur
913 2885 1105 2969 rsmediens.
1197 2882 1330 2971 Semper
1352 2884 1472 2971 hylaris
1494 2892 1527 2953 et

354 2998 451 3084 letus,
480 3020 608 3087 semper
633 2998 784 3087 psoiiieus
811 3006 845 3066 et
873 3002 1013 3085 quietus,
1048 3001 1235 3067 comitantes
1265 3006 1297 3067 et
1323 2998 1526 3069 advenientes

354 3134 481 3203 semper
501 3096 789 3202 hylares'reddidit
810 3122 843 3184 et
863 3116 1014 3198 letantem
1037 3118 1065 3183 si
1089 3116 1205 3183 talibus
1227 3134 1292 3181 nou
1314 3115 1447 3203 plsouit,
1470 3136 1526 3185 ne·

355 3232 418 3298 seio
448 3231 563 3317 qulbus
589 3231 718 3318 plseuit
808 3230 942 3299 Frustra
971 3253 1046 3317 orgo
1072 3232 1200 3299 videtur
1226 3230 1305 3299 mihi
1327 3232 1432 3299 disere
1454 3249 1526 3299 eum

355 3346 591 3415 miserieorulem
614 3348 862 3436 compatientem
886 3348 1054 3434 humilem,
1076 3348 1140 3415 nisi
1163 3346 1289 3433 aliquod
1313 3366 1421 3415 eorum
1443 3348 1526 3415 iudi·

354 3463 437 3530 eium
460 3464 600 3551 exempli
622 3483 719 3531 neusa
739 3484 905 3551 ponemus.
1318 3514 1320 3517 -

442 3578 661 3647 lliserieerdis
682 3581 750 3647 eius
772 3600 854 3667 poue
876 3580 1022 3647 omnibus
1044 3576 1205 3667 superfluo
1228 3578 1406 3661 udonem
1429 3580 1477 3647 itu
1490 3586 1527 3647 ut

354 3695 452 3762 etism
475 3694 574 3779 uliqui
595 3695 751 3781 «linerent,
781 3698 857 3783 quis
883 3696 950 3763 eius
972 3694 1220 3781 negligentium
1243 3695 1403 3781 episeopio
1425 3696 1527 3763 multu

354 3808 468 3879 tierent
493 3811 756 3887 inconvenientia.
789 3811 879 3890 Quod
907 3812 1004 3878 etism
1025 3814 1059 3877 in
1082 3812 1264 3899 exemplum
1287 3830 1413 3879 sumens
1436 3830 1527 3879 suno·

354 3932 405 3993 tus
426 3946 516 4015 papa
535 3924 618 3993 Leo:
643 3928 723 4011 Quis
744 3927 850 4013 inquit
871 3928 964 3993 houm
987 3933 1091 3995 saeos·
1103 3932 1168 3995 viri
1176 3932 1372 4016 pacientiam
1385 3951 1527 4015 umquem

354 4046 523 4111 movilem
548 4046 798 4126 oeconomiae,
829 4058 859 4111 et
878 4066 943 4109 ooo
962 4051 1070 4131 potem
1092 4046 1277 4111 socordiae?
1305 4044 1447 4129 Cumque
1468 4064 1525 4131 po-

354 4159 423 4246 puli
450 4158 684 4227 multitudinem
713 4158 755 4226 sd
784 4159 852 4225 eius
880 4158 1082 4246 sepulehrum
1105 4178 1177 4227 eum
1199 4160 1281 4227 votis
1306 4166 1338 4227 et
1359 4158 1526 4227 oblationi·
1548 4175 1618 4229 1052

355 4274 413 4343 bus
444 4281 701 4344 eoneurrentem·
731 4270 899 4343 vidissot²t
933 4276 1030 4342 Nono
1058 4274 1164 4361 inquit
1191 4277 1304 4343 Bardo
1333 4278 1469 4361 adspices,
1498 4282 1529 4343 si
1542 4247 1620 4295 ‘Aa

355 4406 427 4459 onte
447 4394 635 4480 opsecras
673 4392 754 4459 Erat
768 4392 853 4460 enim
867 4391 1070 4479 proverbium
1083 4392 1118 4457 in
1132 4391 1261 4478 populo,
1285 4392 1434 4477 quonium
1448 4392 1526 4459 Bur·

426 4601 448 4634 u.
469 4590 654 4636 consumentes.

426 4693 453 4747 1.
476 4692 596 4763 lestolt,
609 4694 635 4748 6.
649 4694 674 4747 l.
781 4694 807 4747 2.
831 4692 952 4747 Iasonem
968 4692 1009 4746 lx
1032 4706 1134 4762 popum
1158 4690 1260 4746 seimus
1284 4690 1445 4747 snu01052
1468 4691 1524 4746 llo·

355 4780 468 4849 mintius
491 4780 628 4853 synodum
652 4780 782 4837 lsubuisse
804 4780 912 4837 eiueiter
934 4796 971 4835 m.
989 4779 1109 4836 Oetobri.
1143 4780 1178 4837 V.
1201 4780 1323 4851 Regestu
1345 4781 1421 4850 pout.
1444 4780 1523 4835 Rom.

354 4885 382 4938 p.
399 4870 463 4925 elo.
