4342 6034
646 751 711 817 154
872 770 899 818 s.
915 769 1093 817 sormam
1115 769 1159 816 nr
1182 769 1284 817 nonnr
1306 769 1591 835 semronmaron

547 916 600 971 745
644 911 744 977 frater
772 915 881 977 noster
909 915 942 976 et
970 910 1001 977 ei
1028 912 1063 976 in
1092 909 1238 978 omuibus
1268 911 1470 979 oboedientes
1499 912 1703 996 exstiteritis,
1734 912 1824 979 nrrlla

516 987 627 1049 (ml)
645 1047 724 1110 gens
747 1033 821 1093 ante
842 1031 984 1092 restrum
1007 1033 1210 1113 conspectum
1233 1027 1339 1113 stabit,
1364 1029 1419 1095 sed
1442 1035 1589 1096 corruent
1611 1035 1685 1095 ante
1705 1029 1822 1095 faciem
1935 1011 1936 1014 ¹

645 1147 786 1209 vestram
810 1162 918 1209 omnes
946 1162 1091 1229 paganae
1118 1147 1244 1228 gentes,
1272 1147 1305 1210 et
1331 1144 1420 1211 eritis
1448 1146 1601 1227 rictores3
1631 1145 1764 1232 insuper
1791 1150 1824 1211 et

647 1258 728 1326 bene
750 1265 879 1342 agentes
901 1259 1001 1324 vitam
1024 1265 1185 1325 aeternam
1207 1259 1420 1346 possidebitis.

736 1374 800 1441 Vos
823 1379 939 1458 autem,
963 1373 1125 1440 karissimi
1147 1375 1271 1459 fratres,
1295 1377 1350 1460 qui
1372 1377 1448 1443 estis
1471 1377 1539 1444 reri
1562 1375 1746 1443 sacerdotes
1771 1377 1823 1444 rel

646 1490 705 1558 sub
733 1491 872 1574 regulari
898 1490 1066 1576 disciplina
1087 1491 1266 1575 constituti,
1296 1493 1343 1557 sic
1365 1494 1595 1580 vosmetipsos
1618 1492 1766 1560 exbibete
1787 1498 1825 1559 ιιι
1935 1479 1936 1572 ι

646 1613 731 1674 certe
747 1606 808 1674 Dei
830 1602 1011 1672 ministros¹
1031 1612 1063 1672 et
1085 1606 1318 1693 dispensatores
1342 1609 1582 1695 mysteriorum·
1598 1609 1675 1692 Dei3
1699 1614 1824 1675 utnon
1935 1617 1936 1650 r

646 1724 842 1811 vituperetur
875 1721 1107 1788 ministeriumb
1136 1718 1324 1808 vestrum⁸²,
1358 1745 1399 1790 ne
1431 1723 1489 1791 fist
1516 1725 1549 1790 in
1579 1724 1683 1809 vobis,
1719 1725 1824 1810 qnod⁴
1935 1811 1936 1822 ἵ

647 1840 800 1925 scriptum
824 1844 887 1905 est:
911 1841 987 1906 mo
1008 1842 1090 1904 sicot
1106 1841 1246 1926 populos
1269 1843 1315 1905 ιιι
1335 1835 1507 1906 socmdos⁸.
1539 1839 1584 1906 Et
1598 1841 1625 1906 si
1641 1841 1701 1908 hoo
1714 1840 1824 1926 fuerit,
1935 1835 1936 1916 ζ

648 1955 750 2041 qualis
773 1955 862 2021 vebis
886 1955 948 2020 erit
970 1953 1010 2020 ab
1033 1954 1213 2021 hominibus
1236 1955 1321 2039 laus,
1352 1960 1407 2022 aut
1430 1955 1532 2040 qualis
1556 1976 1575 2022 a
1597 1954 1666 2023 Deo
1691 1975 1825 2044 exspec-

646 2076 733 2137 tatur
766 2069 956 2137 retributio?
992 2068 1055 2135 Sed
1083 2070 1130 2136 sic
1158 2090 1214 2136 vos
1243 2071 1391 2156 corrigite
1419 2073 1550 2138 otveri
1578 2071 1760 2139 sacerdotes
1792 2077 1825 2140 et

646 2186 729 2253 tales
751 2186 791 2252 ad
814 2185 1026 2252 sacerdotium
1048 2186 1224 2272 producite,
1246 2191 1283 2253 ut
1306 2193 1338 2254 et
1359 2187 1449 2254 robis
1473 2193 1505 2255 et
1525 2187 1589 2254 illis
1604 2188 1825 2255 testimoninm

647 2306 776 2367 maneat
797 2301 915 2367 bonnm
938 2300 978 2368 ab
1000 2301 1065 2386 his,
1092 2303 1145 2387 qni
1168 2302 1246 2369 ioris
1270 2300 1375 2386 sunt⁴3
1401 2307 1555 2388 quatenns
1579 2303 1619 2371 ab
1641 2303 1824 2372 hominibus

647 2417 737 2484 vobis
760 2417 935 2502 adquiratis
955 2417 1092 2502 landem,
1116 2423 1148 2484 et
1166 2439 1186 2484 a
1200 2417 1267 2485 Deo
1283 2419 1436 2486 mercedis
1451 2419 1629 2507 praemium
1644 2421 1678 2487 in
1693 2425 1826 2488 aeterna

648 2533 842 2600 beatitudine
869 2533 1033 2621 percipere
1058 2533 1259 2618 mereamini,
1291 2555 1327 2602 eo
1357 2535 1440 2620 qued
1467 2555 1526 2622 per
1554 2555 1610 2602 vos
1640 2535 1681 2602 ad
1702 2535 1825 2604 Christi

648 2649 793 2737 perducti
814 2653 889 2716 sunt
910 2654 1029 2716 rectam
1051 2647 1162 2734 fidem,
1191 2651 1338 2717 innoxios
1360 2651 1512 2718 babentes
1535 2651 1724 2719 sacerdotes.
1770 2653 1825 2720 Ad
1935 2695 1936 2744 3

648 2765 804 2852 synodum
840 2785 978 2851 namque
1005 2767 1093 2832 omni
1122 2785 1205 2832 anno
1235 2767 1399 2834 convenite
1427 2767 1466 2834 ad
1495 2768 1755 2854 pertractandum
1784 2769 1825 2835 do
1935 2847 1936 2866 χ

647 2883 770 2949 unitate
792 2881 977 2965 aecclesiae;
1001 2883 1084 2948 etsi
1107 2883 1183 2968 quid
1206 2883 1331 2950 adversi
1354 2883 1512 2968 madent,
1535 2883 1687 2951 radicitus
1709 2904 1825 2972 ampu-

647 3003 742 3084 tetur,
766 3003 799 3064 et
820 2998 882 3064 Dei
905 2997 1058 3065 aecclesia
1080 3003 1208 3065 maneat
1229 2999 1426 3066 inconcussa.
1473 2998 1558 3068 Bene
1581 2999 1692 3067 valete.
1935 2983 1936 2988 ἵ

650 3210 711 3282 53.
738 3209 919 3280 dammulae
942 3213 1094 3278 diaconos
1118 3211 1282 3278 Roosoooe
1305 3213 1473 3300 Bonifatio
1496 3216 1535 3281 dc
1557 3217 1677 3302 mnodo
1699 3215 1824 3282 Romae

733 3341 867 3414 peracto
887 3329 1053 3414 aiqorflcm.
1090 3327 1133 3395 Se
1154 3330 1380 3395 monoclerum
1402 3333 1688 3399 commendatorum
1711 3355 1824 3399 ermom

737 3445 918 3508 babituram
940 3466 1013 3509 esse.
1052 3445 1190 3510 Munera
1212 3447 1333 3512 miscio.
1436 3445 1471 3527 (S
1491 3449 1564 3531 148,
1587 3445 1627 3514 W
1642 3449 1696 3532 68,
1720 3446 1821 3530 G58)

577 3590 631 3644 745
738 3575 875 3643 Domino
898 3577 1097 3643 sanctissimo
1121 3577 1397 3664 apostolorumque
1418 3580 1540 3647 meritis
1563 3581 1709 3648 decorato
1724 3579 1822 3647 Boni·
1935 3633 1936 3636 ,

576 3663 628 3711 Μ’
647 3693 726 3760 fatie
755 3692 991 3779 archiepiscopo
1015 3692 1198 3760 Gemmulns
1227 3693 1375 3778 indignus
1403 3696 1554 3762 diaconus
1582 3702 1709 3765 sanctae
1735 3697 1822 3766 sedis

648 3807 848 3894 apostolicae.
1375 3819 1376 3822 ’

739 3923 878 3990 Summis
906 3927 939 3989 et
959 3923 1028 3990 Deo
1051 3924 1239 3991 amabilibus
1262 3927 1404 4013 apicibus
1428 3929 1580 4015 acceptis,
1610 3947 1682 3995 eum
1703 3949 1821 4013 magno

649 4045 681 4106 et
704 4039 805 4123 omni,
834 4059 896 4124 qno
918 4040 1081 4125 condecet,
1109 4041 1227 4107 honore
1249 4047 1282 4109 et
1302 4043 1504 4111 veneratione
1527 4043 1633 4129 relegi.
1679 4043 1724 4111 Et
1745 4047 1821 4130 qnia

648 4160 724 4242 post
745 4160 794 4221 tot
814 4160 959 4242 tempora
980 4157 1082 4223 merui
1105 4177 1145 4224 ex
1167 4159 1281 4224 vestris
1304 4159 1434 4246 syllabis
1454 4160 1588 4244 visitari,
1611 4161 1821 4247 omnipotenti

648 4271 717 4339 Deo
739 4277 847 4338 nostro
869 4272 988 4356 gratias
1011 4273 1071 4357 egi,
1097 4274 1150 4358 qui
1165 4293 1226 4356 me,
1248 4273 1412 4359 indignum
1429 4275 1582 4342 famulum
1597 4295 1699 4361 suum,
1722 4277 1820 4345 etiam

648 4387 687 4454 de
710 4393 817 4455 vestra
837 4387 1001 4454 letificavit
1021 4389 1244 4456 incolomitate.
1284 4389 1382 4473 Igitur
1404 4391 1520 4476 omnia,
1545 4411 1625 4478 qnae
1647 4393 1739 4460 nobis
1761 4413 1820 4480 per

720 4535 741 4567 a.
761 4521 938 4568 ministeriorum
955 4526 990 4569 Μ.
1071 4523 1095 4570 b.
1116 4524 1273 4584 minysterium
1290 4527 1323 4571 M.
1402 4537 1422 4571 c.
1441 4527 1544 4572 nostrum
1562 4529 1595 4572 M.
1673 4525 1696 4572 d.
1717 4526 1777 4573 sicut
1793 4529 1818 4574 C.

648 4616 669 4648 e.
689 4619 719 4646 ιε
736 4605 765 4648 Μ
778 4602 924 4657 tto-tto,
942 4605 962 4650 C
976 4604 1084 4650 48-49.
1108 4605 1162 4652 Sine
1178 4605 1280 4650 ἱιιηιιιιιιι
1297 4607 1336 4660 M,·
1353 4602 1457 4664 Epistola
1472 4605 1585 4653 (dommuli
1600 4605 1690 4653 diatoni
1705 4605 1735 4653 td
1751 4607 1818 4654 Boul-

646 4680 726 4728 lstium
741 4680 936 4741 arhiepiscopum
953 4684 979 4730 C.

720 4777 744 4829 1.
768 4775 803 4831 v.
822 4778 839 4830 2
858 4775 979 4831 conum
997 4777 1023 4846 e,
1041 4777 1068 4832 4.
1158 4778 1185 4832 a.
1207 4777 1242 4834 v.
1261 4779 1278 4832 a
1297 4775 1418 4834 cornu.
1438 4780 1463 4849 ι,
1481 4779 1507 4834 e.
1597 4780 1623 4834 ι.
1646 4779 1710 4836 no.
1729 4781 1773 4852 ar,
1791 4781 1817 4835 a.

647 4865 674 4919 4.
697 4863 882 4935 ιιιωοιιιι,
895 4865 922 4920 ι.
