4342 6034
681 776 747 841 646
886 792 966 839 vrrs
990 766 1145 839 lnaounr
1166 790 1429 849 naoumrrsoorr
1450 789 1648 838 noouunnrr

592 944 663 999 1160
680 934 784 1019 gratia
810 937 935 1017 gereret
962 933 1120 1016 animum,
1152 938 1189 999 ut
1214 951 1289 998 mox
1318 931 1358 997 ad
1386 931 1589 1017 imperatoria
1616 934 1772 1017 preuatnm
1796 930 1838 995 eia

680 1052 750 1117 sine
772 1048 958 1115 diffioultate
979 1048 1151 1132 largiretur
1170 1046 1335 1115 introitum
1352 1082 1393 1093 -
1410 1046 1481 1133 ipso
1497 1046 1598 1113 invito
1616 1051 1649 1111 et
1661 1044 1839 1111 mandre·

682 1167 786 1233 denuo
815 1166 976 1231 civitatem
1004 1164 1095 1249 quasi
1123 1184 1162 1229 ex
1190 1168 1339 1251 precepto
1365 1161 1586 1249 imperatoris*
1608 1162 1737 1227 maiori·
1757 1180 1841 1245 quam

680 1283 770 1368 prius
811 1280 1010 1347 oontumaoia
1047 1280 1183 1363 ingressi
1218 1287 1301 1345 suna
1352 1278 1396 1345 Et
1428 1278 1509 1345 liunt
1541 1277 1716 1345 novissima
1744 1276 1841 1362 peiora

680 1396 848 1483 prioribus.

769 1511 841 1577 Duo
870 1511 955 1577 enim
983 1509 1245 1577 truculentissimi
1273 1508 1432 1593 homines,
1464 1508 1647 1593 Regiubodo
1676 1504 1793 1574 audeat
1811 1504 1845 1573 de

680 1625 815 1709 Pinguia
844 1633 876 1693 at
898 1625 1079 1692 Gotetn‘dus
1108 1626 1147 1691 de
1170 1624 1375 1711 Eppinstein,
1405 1626 1495 1710 quasi
1524 1625 1585 1691 duo
1612 1623 1750 1709 viperini
1771 1622 1845 1687 viru·

680 1742 851 1809 lautissimi
873 1742 955 1808 letus
978 1741 1121 1825 gemelli,
1146 1742 1200 1825 qui
1223 1762 1287 1807 uua
1308 1760 1380 1807 oum
1403 1740 1474 1807 aliis
1497 1740 1659 1807 civitatem
1682 1744 1715 1806 et
1737 1738 1845 1825 episto

680 1865 792 1945 patum
814 1858 1013 1940 abiurarant,
1042 1859 1076 1923 in
1100 1858 1229 1924 civitate
1250 1858 1323 1944 ipsa
1345 1856 1539 1923 deierantesd
1562 1856 1784 1943 perstiterant,
1806 1874 1845 1920 ar·

680 1981 768 2041 mata
793 1973 996 2039 multitudine
1026 1973 1161 2040 eundem
1183 1973 1286 2039 looum
1309 1972 1479 2059 inpiantes.
1513 1972 1566 2038 Ad
1589 1992 1669 2059 quos
1691 1970 1845 2039 aliminan

680 2090 754 2173 dos,
785 2089 861 2173 qnia
885 2088 1050 2175 popularis
1072 2089 1200 2155 vesanie
1222 2088 1369 2174 impietas
1392 2088 1471 2174 ipsis
1495 2088 1579 2175 cepit
1600 2088 1718 2155 iterum
1740 2088 1845 2167 lavare,

680 2206 835 2290 quosdam
868 2224 942 2270 suos
976 2205 1172 2270 necessarios
1202 2204 1336 2269 domnus
1365 2203 1629 2289 metropolitanus
1657 2208 1843 2271 convenerat

680 2321 782 2400 Quam
809 2320 955 2402 obrem,
985 2326 1021 2385 ut
1042 2320 1190 2406 impietas
1214 2320 1371 2405 impietati
1394 2319 1518 2386 adesset
1539 2324 1727 2405 possetque·
1749 2324 1846 2385 oontm

680 2437 832 2523 pietatem
854 2435 1006 2503 dimicare
1027 2436 1158 2519 lortius,
1188 2436 1241 2521 qui
1265 2436 1423 2519 exierant,
1450 2434 1595 2503 illinitum
1617 2440 1847 2501 maturaverunt

679 2552 902 2618 reversionem.
935 2549 1131 2636 Numquam‘
1147 2551 1225 2617 satis
1243 2550 1395 2617 festinare
1414 2556 1520 2637 potest
1535 2550 1670 2617 infidelis
1686 2570 1846 2635 eversaque

680 2667 882 2734 consolantia.

771 2782 932 2869 Gepemnt
953 2783 1069 2849 iterum
1093 2783 1252 2849 civitatem
1276 2782 1431 2849 machinis
1452 2781 1699 2869 propugnaculis
1718 2782 1847 2849 turribus

681 2904 715 2966 et
736 2897 931 2965 edificiorum
953 2898 1220 2965 plantationibus
1244 2898 1377 2983 aliisque
1399 2898 1613 2982 munimentis,
1636 2898 1748 2965 domos
1769 2906 1847 2967 suas¹

682 3020 777 3099 atque
799 3014 922 3101 plateas
944 3015 1048 3081 modis
1071 3014 1216 3081 omnibus
1238 3014 1404 3097 instruere,
1427 3014 1511 3081 rives
1535 3034 1687 3099 amagno
1702 3012 1847 3099 usquead

682 3150 817 3217 parvum
839 3135 951 3195 eontm
973 3130 1137 3197 dominum
1161 3150 1253 3195 suum
1275 3130 1546 3216 arehiepiscopum
1569 3150 1695 3197 armare
1717 3131 1847 3197 animare

683 3252 726 3329 et,
748 3250 785 3311 ut
807 3246 847 3310 ad
869 3266 979 3311 necem
1002 3246 1103 3332 ipsius
1127 3245 1369 3329 vigilautisaime
1391 3266 1426 3313 se
1442 3251 1652 3332 prepararent
1666 3246 1743 3313 dato
1758 3246 1847 3330 signo,

683 3380 743 3448 pro
766 3361 886 3427 viribus
910 3361 1088 3442 adhortari3
1113 3360 1359 3447 proulamautes:
1383 3362 1489 3449 ipsum
1512 3380 1581 3429 esee
1603 3380 1714 3429 sevum
1737 3362 1847 3429 hostem

683 3477 755 3560 looi,
779 3476 1018 3560 destructorem,
1042 3478 1225 3564 predonem,
1249 3481 1438 3560 exactorem,
1462 3478 1516 3561 qui
1536 3496 1589 3543 eos
1606 3478 1754 3545 omnibns
1768 3477 1848 3545 bonis

684 3594 857 3680 privasset,
884 3593 1044 3677 totiusque
1069 3593 1208 3659 eivitatis
1231 3590 1501 3673 mortificatorem
1530 3612 1653 3676 sanem,
1682 3594 1772 3661 ouius
1792 3594 1846 3659 ian

685 3714 816 3795 pearata
842 3708 1019 3791 venissent,
1050 3710 1201 3795 cuiusque
1227 3708 1412 3792 sanguinem
1434 3709 1574 3795 propriis
1597 3708 1743 3776 manibus
1766 3709 1846 3777 debe

683 3830 757 3891 rent
779 3824 998 3910 profunderet
1032 3823 1076 3891 Et
1099 3844 1138 3890 ex
1161 3824 1235 3891 hino
1257 3824 1467 3891 observabant
1488 3826 1753 3910 oportunitatem,
1780 3844 1846 3911 quo

684 3941 779 4007 modo
804 3960 880 4007 eum
902 3945 1034 4026 possent
1055 3940 1206 4007 oooidere.
1297 3940 1348 4005 Ad
1371 3941 1523 4007 maiorem
1546 3960 1670 4026 quoque
1691 3945 1780 4008 tante
1799 3960 1844 4007 ev·

685 4056 898 4143 probratiouis
926 4056 1031 4139 atque¹
1054 4062 1253 4142 contemptus
1282 4056 1442 4123 cumulum
1469 4055 1614 4139 turgidal
1637 4062 1669 4123 et
1690 4056 1767 4123 illud
1788 4054 1844 4121 adi·

685 4172 790 4238 aiebat
811 4171 998 4239 erudelitas:
1027 4172 1122 4256 quod,
1152 4172 1301 4257 quioquid
1324 4172 1354 4237 ei
1375 4171 1470 4257 paulo
1494 4176 1567 4239 ante
1590 4170 1768 4255 detulerint
1790 4190 1842 4237 nou

686 4308 745 4373 pro
768 4289 850 4374 ipso,
871 4307 936 4353 nou
958 4293 996 4353 ut
1016 4288 1076 4355 sibi
1096 4288 1232 4372 aliquem
1253 4308 1293 4353 ex
1308 4284 1427 4355 offensa
1441 4287 1672 4373 impendissent
1684 4286 1841 4367 honorent

685 4404 742 4470 sed
771 4424 811 4470 ex
838 4404 988 4469 mandato
1016 4409 1049 4469 et
1077 4423 1136 4489 pro
1158 4402 1308 4471 mandato
1331 4403 1499 4471 dumtaxat
1520 4404 1638 4471 cesaris
1659 4404 1717 4471 heo
1738 4400 1841 4490 persol-

686 4520 815 4586 vissent
906 4520 973 4587 Heo
999 4520 1100 4605 impia
1128 4524 1161 4585 et
1189 4518 1253 4585 alia
1280 4518 1525 4587 sceleratissima
1553 4520 1588 4587 in
1616 4522 1841 4607 episeopumat

686 4636 850 4701 dominum
872 4656 963 4701 suum
986 4634 1120 4723 profana
1141 4635 1333 4721 personabat
1354 4634 1526 4721 Magantia.

758 4782 779 4815 a
800 4769 825 4814 in
844 4769 896 4828 ipso
917 4770 989 4816 invito
1006 4773 1030 4815 at
1045 4769 1137 4815 conscio
1154 4771 1180 4825 1,
1200 4770 1251 4829 ipso
1267 4770 1339 4815 inrito
1356 4771 1379 4816 at
1394 4770 1511 4817 inconscio
1528 4772 1549 4817 2
1627 4769 1652 4817 b.
1673 4764 1837 4829 imperatoriol·

686 4861 706 4894 o.
726 4848 820 4895 mdoria
837 4849 858 4894 1.
921 4848 944 4895 d.
965 4848 1100 4907 degerantas
1117 4850 1138 4894 1.
1201 4864 1221 4895 a.
1237 4851 1317 4908 posset
1329 4852 1350 4895 1.
1413 4848 1428 4895 i.
1445 4850 1572 4909 Numquam
1584 4874 1612 4885 -
1625 4849 1758 4897 reuertentis
1771 4846 1836 4891 ont.

685 4940 707 4990 g.
728 4940 783 4975 suos
799 4928 822 4975 1.
898 4926 921 4975 ln
942 4928 1079 4989 pertundere
1096 4930 1117 4975 1.
1195 4928 1211 4977 i.
1232 4930 1255 4975 et
1270 4930 1292 4975 t.
1371 4928 1394 4975 la
1413 4928 1503 4987 turgida
1520 4930 1541 4975 1.
1619 4928 1635 4975 1.
1655 4928 1781 4976 laborent
