4342 6034
603 787 630 834 s.
646 786 822 835 nonmsnn
843 788 888 835 sn
910 788 1013 835 auum
1036 786 1223 835 mussona
1247 787 1278 834 os
1462 770 1527 837 193

351 925 412 995 67.
438 928 620 995 Zacharias
643 952 736 1016 papa
762 930 988 995 nonnullorum
1010 932 1230 1017 episcopomm
1251 929 1451 1016 aliorumque
1472 952 1525 995 aa·

439 1046 600 1110 condonas
621 1046 866 1111 orthodoaorom
888 1048 1090 1111 concordiam
1104 1046 1265 1132 fidenque
1286 1046 1407 1111 madet
1455 1046 1524 1111 Bo·

437 1161 593 1246 nifatium
614 1163 894 1249 archiepiscopum,
919 1162 1110 1248 apostolicae
1133 1164 1215 1227 sedis
1238 1162 1374 1248 lopotnm
1396 1174 1426 1227 et
1438 1164 1526 1226 oica·

438 1280 542 1358 riam,
567 1273 806 1344 commendut'¹.
1140 1275 1176 1359 (S
1195 1278 1269 1361 136,
1292 1275 1332 1344 W
1349 1278 1402 1360 78,
1426 1274 1527 1358 668)
1585 1278 1591 1287 “

439 1408 666 1476 Dilectissimis
687 1410 779 1477 nobis
801 1408 984 1494 Regiulrido
1005 1410 1237 1495 Rodomsgensi
1261 1410 1421 1497 episcopo,
1444 1409 1528 1476 Deo·
1556 1416 1631 1501 (748)

348 1524 423 1591 dato
442 1520 708 1591 Belboosnonsi⁶²
726 1527 885 1613 episcopo,
908 1526 1092 1593 Rimberhto
1107 1526 1334 1593 Amabianensi
1352 1526 1527 1613 episcopo,
1545 1488 1608 1548 (Mu
1620 1489 1642 1548 ¹)

348 1640 505 1707 Heleseo‘
533 1637 741 1707 Novianensi⁸
772 1642 936 1729 episcopo,
971 1640 1115 1709 Fnlcrico
1144 1642 1333 1726 Tungriensi
1369 1642 1528 1729 episcopo,

348 1755 456 1823 David
480 1756 666 1843 Spironensi
689 1758 846 1845 episcopo,
870 1757 1028 1825 Aethereo
1051 1758 1246 1825 Toroansnsi
1268 1759 1427 1845 episcopo,
1451 1756 1528 1824 Tre-

347 1873 459 1939 uerdo
498 1870 779 1940 Gamorocanensi⁴
817 1874 981 1961 episcopo,
1021 1873 1203 1940 Burhcrdo·
1235 1872 1529 1940 Wirzaburcuensi‘

349 1990 518 2075 episcopo,
553 1986 760 2055 Genebaudo⁵
796 1986 974 2057 Laudensi⁶
1005 1991 1169 2077 episcopo,
1203 1976 1344 2056 Romano
1374 1988 1528 2055 lleldensi

347 2106 519 2191 episcopo,
546 2104 686 2187 Agilolfo
714 2104 882 2172 Colonensi
911 2108 1076 2193 episcopo,
1105 2105 1216 2172 Heddo
1249 2104 1528 2189 Stratburgnensi⁸

348 2222 502 2307 episcopo
526 2226 558 2288 et
579 2222 691 2288 ceteris
715 2222 941 2288 amantissimis
964 2222 1208 2309 chorepiscopis,
1231 2222 1416 2309 presbiteris
1431 2221 1528 2287 etiam

349 2342 381 2404 et
403 2336 608 2421 diaconibus,
639 2337 822 2422 cunctisque
851 2336 1033 2405 orthodoxis
1064 2336 1287 2405 aecclesiarum
1310 2336 1371 2404 Dei
1394 2336 1527 2420 clericis,

349 2452 560 2540 apostolicam
583 2453 760 2520 doctrinam
782 2454 972 2539 tenentibus,
996 2453 1165 2521 Zacharias
1187 2454 1297 2520 divina
1318 2453 1422 2537 mutia
1435 2472 1528 2539 prae-

349 2570 436 2636 ditus
461 2570 654 2656 spostolicae
677 2568 760 2636 sedis
783 2570 938 2655 pontifex,
963 2590 1071 2637 servus
1096 2575 1202 2637 autem
1220 2588 1385 2637 servorum
1399 2568 1471 2652 Dei,
1494 2568 1529 2633 iu

350 2685 492 2753 Domino
515 2685 650 2753 salutem
673 2685 759 2752 dicit.

440 2800 571 2868 Gratias
595 2822 653 2886 ago
677 2802 735 2869 deo
758 2801 847 2869 Patci
870 2802 1079 2888 omnipotenti
1102 2807 1135 2868 et
1157 2801 1285 2867 domino
1308 2798 1380 2867 lesu
1400 2799 1528 2867 Christo

351 2920 445 2986 unico
467 2916 536 2983 lilio
558 2918 626 2984 eius
649 2923 680 2984 et
696 2918 830 3005 Spiritui
852 2922 972 3002 sancto,
997 2918 1051 3005 qui
1074 2922 1181 2985 vestra
1203 2917 1345 2983 omnium
1368 2916 1464 2983 corda
1478 2916 1528 2981 in·

351 3034 517 3102 flammare
541 3034 687 3118 dignatus
710 3039 759 3101 est
780 3052 838 3121 per
861 3031 1007 3100 diffusam
1031 3054 1050 3100 a
1073 3032 1275 3117 seguntiam:
1300 3033 1388 3098 utin
1406 3032 1528 3097 unitate

352 3151 425 3218 fidei
448 3156 482 3217 et
504 3150 629 3217 vinculo
652 3151 739 3237 pacis
763 3149 940 3235 ambuletis,
964 3154 996 3217 et
1018 3150 1060 3216 sit
1082 3148 1231 3236 splendor
1254 3147 1373 3213 domini
1389 3146 1449 3213 Dei
1470 3167 1528 3213 no·

353 3268 412 3333 stri
437 3286 629 3353 supervos,
659 3266 856 3334 dilectissimi
878 3265 971 3349 mihi,
1001 3271 1034 3332 et
1061 3264 1225 3332 abundans
1253 3264 1357 3347 gratia
1385 3263 1474 3349 pacis
1497 3268 1529 3329 et

353 3384 505 3467 mutatis,
529 3387 566 3448 ut
587 3383 657 3449 sitis
680 3402 778 3449 unum
800 3402 914 3469 corpus
937 3382 1091 3468 spiritalis
1110 3381 1223 3447 matris
1243 3384 1377 3463 vestrae,
1401 3384 1530 3445 sanctae

353 3498 527 3565 catholicae
555 3504 589 3565 et
618 3498 808 3585 apostolicae
837 3498 897 3564 Dei
928 3498 1113 3582 aecclesiae,
1148 3498 1182 3563 in
1211 3517 1275 3582 qua
1303 3496 1371 3562 Deo
1402 3502 1530 3561 auctore

353 3636 555 3701 praesumam
591 3614 759 3701 implentes
788 3612 868 3680 illud
896 3615 1117 3701 propheticum
1151 3614 1286 3679 dictum:
1322 3614 1404 3679 Ecce
1432 3634 1529 3698 qaam

354 3732 470 3798 bouum
492 3745 521 3799 et
543 3754 640 3818 quom
661 3734 842 3813 iocundam,
867 3732 1009 3797 lebitone
1022 3732 1148 3817 scotres
1171 3735 1207 3796 ia
1229 3724 1353 3796 anam⁷.
1387 3726 1528 3809 Etenim,

354 3847 435 3914 etsi·
456 3868 515 3935 pro
543 3848 667 3913 itineris
697 3846 893 3931 longitudine
917 3866 1108 3933 quamquam
1130 3864 1263 3932 corpore
1286 3863 1394 3910 sumus
1418 3843 1530 3909 absen·

353 3968 421 4047 tes,
448 3965 480 4029 in
509 3964 624 4051 spiritu
654 3969 761 4029 tamen
785 3963 963 4031 dilectionis
987 3984 1113 4049 semper
1135 3982 1245 4028 sumus
1266 3961 1357 4027 uobis
1379 3978 1530 4047 praesen·

356 4084 419 4161 tes3
445 4080 597 4147 hebentes
620 4100 676 4147 vos
698 4079 733 4145 in
755 4080 930 4147 visceribus
952 4080 1086 4163 nostris,
1117 4085 1150 4145 et
1171 4077 1299 4144 assidue
1322 4080 1465 4143 orantes:
1494 4081 1531 4141 ut

356 4196 432 4263 deus
453 4204 485 4265 st
507 4197 654 4264 dominus
677 4202 785 4263 noster
807 4196 893 4263 lesus
915 4195 1059 4263 Christus
1082 4194 1183 4261 multo
1207 4191 1344 4281 amplius
1367 4190 1531 4259 confirmet

428 4382 448 4413 a
468 4371 537 4415 esi!
542 4368 661 4421 sse-34,
679 4368 700 4414 C
706 4366 825 4411 uae-24.
850 4368 902 4413 Siue
917 4368 1021 4411 lemmate
1037 4368 1078 4420 M,·
1094 4362 1200 4423 Epistola
1215 4360 1336 4409 Zachariae
1346 4364 1372 4410 C.
1433 4360 1456 4407 b.
1472 4378 1530 4406 carr.

357 4448 381 4491 in
399 4444 556 4495 &leomansi
566 4449 592 4494 C.
644 4458 664 4492 a
684 4449 783 4507 sequitur
799 4448 875 4491 iseram
890 4444 995 4491 Deodato
1011 4443 1177 4491 Bolboeaueusi
1192 4442 1302 4503 episeopo
1317 4444 1383 4487 ιἰιΜ.
1433 4440 1457 4485 d.
1473 4456 1530 4484 corr.

357 4528 383 4570 in
406 4525 490 4575 lleliseo
513 4530 540 4575 C.
618 4540 639 4573 e.
658 4524 793 4583 Burghnoo
815 4528 841 4574 C.
919 4524 935 4571 l.
958 4541 1012 4571 corr.
1029 4526 1052 4571 in
1068 4522 1244 4581 Wnsburgeusi
1265 4524 1290 4569 ι’.
1368 4532 1390 4577 g.
1410 4518 1529 4565 strazbur·

358 4604 423 4662 genu
437 4610 462 4655 C.
540 4604 563 4651 h.
584 4605 604 4651 sl
622 4608 647 4653 C.

430 4712 453 4765 1.
475 4710 510 4765 de
528 4708 581 4765 hac
599 4709 716 4779 epistola
732 4706 767 4765 ol.
780 4707 913 4779 Rettbem
931 4705 1209 4777 Kirchengeschiohto
1221 4701 1423 4760 Deutschlands
1440 4701 1527 4755 1379.

359 4798 388 4852 2.
414 4796 603 4855 Bellovaecnsl.
665 4800 691 4853 3.
715 4798 901 4855 Noviomensi.
962 4798 989 4853 4.
1013 4794 1213 4853 &summensi
1272 4794 1298 4847 5.
1316 4792 1352 4847 11.
1412 4792 1439 4847 6.
1457 4791 1528 4845 Lau·

359 4885 481 4943 mmusi.
571 4888 776 4959 l.l³s.132,1.

408 4984 480 5037 emt,
494 4988 636 5033 sunonem
649 4987 688 5031 111.
1281 4980 1315 5034 13
