4342 6034
678 828 864 877 nersnonsn
887 828 1115 877 nouusnvvsn
1138 828 1169 874 eo
1434 814 1500 880 373

354 968 405 1039 30.
425 968 565 1036 Urbanus
580 969 623 1035 II
635 994 728 1057 popu
750 972 847 1038 Petro
871 974 1016 1059 episcopo
1034 972 1226 1038 Pseneros
1246 984 1276 1038 ct
1290 972 1420 1039 Rustico
1444 973 1500 1039 eh·

426 1078 490 1143 heti
509 1076 768 1143 Veliscnhrosoue
797 1101 830 1143 se
850 1092 982 1165 perpet,
1012 1080 1098 1165 quod
1119 1078 1322 1160 Deidertcm,
1354 1104 1376 1145 e
1397 1079 1500 1145 Wese-

426 1184 493 1249 lone
515 1184 749 1271 archiepiscopo
765 1184 953 1270 Mopuetiuo
976 1186 1145 1251 diacouem
1165 1187 1356 1267 ordinatum,
1381 1188 1500 1273 epsico-

423 1312 498 1378 peme
519 1291 676 1357 Pisaeum
698 1294 947 1357 consecraverit&

427 1412 602 1500 Scripsistis
625 1414 726 1499 nohis,
749 1415 921 1481 maximum
947 1414 1030 1501 apud
1053 1434 1109 1481 vos
1128 1413 1311 1481 scandalum
1326 1414 1501 1499 emersisse,
1519 1419 1626 1476 aloes

348 1529 421 1615 quod
446 1528 596 1596 Pisanum
626 1530 807 1617 episcopum
837 1530 1138 1613 consecraverimus,
1168 1530 1252 1615 quod
1280 1550 1300 1597 a
1325 1528 1502 1597 Guezelone

346 1644 491 1713 haeretico
524 1645 674 1711 diaeonus
707 1646 810 1713 fuerat
839 1645 1010 1713 ordinatus.
1051 1644 1095 1711 Et
1121 1664 1179 1711 nos
1206 1645 1346 1731 proiecto
1373 1644 1501 1729 scimus,

346 1758 545 1827 Guezelonem
567 1760 759 1829 haereticum
782 1762 894 1846 luisse,
918 1759 1199 1847 hloguntinumque
1221 1761 1437 1847 episcopatum
1459 1760 1502 1825 si·

346 1878 476 1943 moniaco
505 1876 662 1943 credimus
691 1877 831 1945 facinore
858 1876 1025 1959 invasisse3
1055 1882 1186 1963 propter
1212 1896 1305 1961 quem
1328 1881 1383 1941 aut
1404 1875 1501 1941 alium

345 1984 560 2076 acquirendum
581 1993 660 2077 regi,
683 1992 741 2059 sub
764 1992 963 2059 anathemate
984 1992 1099 2078 posito,
1123 1992 1177 2058 diu
1192 1992 1344 2057 servierat
1359 1995 1391 2057 et
1405 2009 1502 2076 prop-

344 2109 388 2171 ter
414 2107 599 2193 acquisitum
630 2109 717 2175 omni
746 2109 830 2175 vites
860 2127 935 2175 suae
963 2112 1106 2195 tempore
1135 2107 1313 2173 deservivit
1346 2104 1502 2173 Eumdem

344 2226 372 2287 et
395 2222 456 2309 ipsi
484 2243 541 2289 nos
569 2243 628 2310 pro
658 2224 767 2291 eedem
794 2244 904 2307 causa,
934 2223 1009 2309 quis
1031 2223 1070 2289 ab
1094 2222 1371 2289 excommunicatis
1394 2240 1502 2288 eonse-

343 2342 440 2405 cratus
463 2344 521 2423 est,
544 2339 578 2405 in
600 2340 744 2435 synodali
766 2338 897 2407 concilio
920 2340 1261 2406 excommunicavimus
1283 2336 1503 2405 condemnavi·

342 2472 407 2519 mus
429 2459 461 2521 et
483 2454 522 2521 ab
545 2456 632 2521 omni
654 2454 864 2523 ecclesiastico
887 2452 989 2521 officio
1011 2454 1079 2520 sine
1102 2475 1159 2541 spe
1174 2453 1382 2521 restitutionis
1398 2452 1503 2539 aliqua

343 2568 601 2656 deposuimus..
626 2620 634 2636 .
659 2620 667 2635 .

426 2736 433 2752 .
458 2736 466 2751 .
492 2734 500 2751 .
523 2684 710 2753 Deihevtum
733 2704 753 2751 a
775 2682 978 2769 uuezelone,
1009 2684 1084 2751 licet
1106 2684 1293 2769 simeriaco,
1324 2703 1387 2749 non
1409 2683 1504 2749 simo-

341 2802 426 2869 niace
459 2802 597 2869 eiusdem
633 2800 828 2869 confessione
854 2800 1029 2887 reperimus
1058 2800 1092 2865 in
1120 2800 1287 2867 diaconum
1315 2799 1504 2867 ordinatum

340 2914 380 2983 llt
406 2917 489 2985 beati
513 2916 686 2985 Innocentii
716 2936 816 3003 papae
844 2912 1016 2983 sententia¹
1039 2920 1162 2983 constet
1184 2914 1393 2983 declaratum:
1422 2914 1506 3000 quod

342 3030 523 3115 Guezelon⁶,
558 3052 649 3119 quem
665 3054 668 3061 ·
682 3036 805 3099 constat
835 3032 874 3099 ab
902 3031 1067 3099 haereticis
1095 3030 1290 3114 orffinatum,
1325 3029 1399 3116 quia
1425 3028 1506 3095 nihil

341 3148 462 3233 habuit,
490 3148 571 3215 nihil
599 3149 674 3216 dere
702 3149 805 3235 potnit
833 3148 877 3231 ei,
906 3147 958 3213 cui
980 3167 1093 3213 munus
1115 3147 1276 3233 imposuit.
1310 3144 1376 3213 Nos
1397 3145 1505 3229 igitur,

341 3266 420 3331 tanti
446 3263 605 3353 pontificis
631 3265 818 3331 auctoritate
845 3260 978 3346 firmati,
1008 3268 1041 3329 et
1061 3262 1194 3329 Damasi
1221 3256 1341 3350 papae'
1363 3261 1506 3327 meume-

341 3381 390 3447 nio
416 3380 570 3464 roboreti,
601 3380 655 3465 qui
678 3381 738 3447 uit:
771 3382 931 3447 Reicerori
952 3392 1087 3467 opmveu
1114 3382 1200 3467 qood
1220 3379 1303 3443 omis
1324 3390 1428 3444 mmm
1450 3390 1503 3457 est,

341 3494 534 3580 lietbertum,
558 3494 598 3563 ab
621 3495 786 3563 haereticis
808 3514 939 3581 corpore
962 3498 995 3561 ct
1012 3494 1128 3581 spiritu
1143 3494 1318 3579 digressum
1334 3497 1428 3577 etque
1442 3492 1504 3557 uti·

341 3610 479 3679 litatibus
502 3610 651 3679 eeclesiae
673 3630 732 3698 pro
755 3610 874 3677 viribus
896 3609 1113 3693 insudantem,
1136 3630 1177 3676 ex
1198 3610 1332 3693 integro,
1356 3606 1504 3674 ecclesiae

342 3728 524 3795 necessitate
551 3728 732 3811 ingruente,
763 3726 926 3792 diaconum
951 3726 1182 3791 constituimus.
1215 3724 1305 3804 Quod
1326 3743 1390 3790 uon
1411 3723 1505 3790 reite-

341 3844 492 3911 rationem
526 3842 702 3909 existimari
734 3860 913 3925 censemus,
949 3840 1004 3907 sed
1032 3846 1158 3907 tanturn
1184 3841 1340 3925 integram
1369 3838 1505 3907 diaconii

342 3958 512 4040 dationem3
537 3958 696 4045 quoniam,
718 3962 755 4023 ut
776 3956 1001 4044 praediximus,
1025 3956 1078 4042 qui
1099 3956 1179 4023 nihil
1193 3956 1312 4041 hahuit,
1335 3955 1414 4023 nihil
1429 3954 1505 4023 dare

342 4076 471 4160 potvit.
497 4122 505 4141 .
529 4124 538 4141 .
563 4124 571 4141 .

411 4222 431 4255 ι.
449 4211 521 4257 Bauius
537 4208 647 4268 epistole«
662 4207 708 4253 dne
723 4210 854 4269 fregmmte
870 4214 955 4252 tentem
971 4214 1069 4253 astent.
1097 4210 1193 4265 odem
1210 4206 1303 4251 auom
1320 4202 1461 4264 (Berlpsletls
1480 4226 1501 4236 -

342 4286 496 4347 deposuimus)
509 4305 538 4333 a
550 4287 635 4336 coda.
646 4288 742 4333 Victoris
752 4286 877 4335 Partem·
885 4287 1003 4333 ediderunt
1015 4286 1103 4338 eane,
1121 4286 1243 4330 mittarelli
1253 4286 1337 4331 Auel.
1349 4287 1414 4331 Can.
1421 4286 1459 4331 111
1465 4284 1504 4339 40,

346 4370 423 4415 naut
436 4370 489 4415 cell.
500 4384 563 4414 cone.
575 4369 626 4414 XX
635 4368 689 4423 664,
706 4382 753 4411 suet
770 4366 812 4411 hoe
827 4366 943 4413 lenmuter
957 4364 1061 4411 Urbem
1076 4363 1190 4410 temdus
1204 4376 1266 4423 μμ
1273 4363 1408 4410 Pleterleml
1423 4365 1448 4409 oi
1458 4362 1505 4409 Bu·

344 4446 401 4493 sues
415 4446 485 4495 vellis
500 4446 625 4493 umbrosae
640 4444 766 4493 abbatibus.
790 4446 888 4493 Alteram
903 4450 1053 4509 stagnensem
1070 4442 1215 4501 (nemeen
1235 4466 1259 4474 -
1277 4442 1331 4489 dare
1345 4440 1433 4503 potuit)
1449 4443 1505 4505 tege

346 4534 380 4569 tur
395 4530 415 4571 ἰι
429 4530 536 4575 Gratiani
548 4528 615 4573 Dese.
631 4528 660 4573 P.
674 4528 699 4573 11
715 4527 766 4573 c.1
782 4525 842 4586 qul
858 4543 878 4571 c.
888 4527 926 4577 24.
943 4542 991 4571 eun
1007 4524 1050 4571 hee
1064 4526 1181 4569 lenum:
1198 4522 1333 4569 Urbmuell
1348 4520 1415 4568 Petro
1429 4520 1504 4568 Pisto·

346 4604 413 4653 deust
426 4608 535 4667 episeopo
551 4608 575 4652 et
585 4605 680 4653 Baetim
696 4604 773 4651 abbati
783 4602 855 4650 Vadis
864 4602 996 4651 umbrosae.
1057 4602 1079 4649 b.
1095 4600 1209 4649 ltesslone
1219 4605 1258 4649 Gr.
1319 4613 1340 4647 c.
1355 4600 1455 4647 lteselou
1464 4602 1504 4648 Gr.

414 4694 438 4749 l.
459 4692 494 4749 V.
513 4690 637 4749 Gratiani
657 4691 737 4747 Deos.
755 4690 785 4745 P.
797 4690 825 4747 ll
842 4689 899 4747 ur
916 4690 991 4760 qul
1011 4704 1035 4745 u
1048 4690 1091 4745 18.
1185 4691 1212 4745 s.
1234 4690 1264 4745 in
1285 4687 1366 4757 epist
1383 4686 1503 4743 Pseudo

347 4776 488 4837 uidortsua
505 4781 541 4836 de
558 4780 741 4851 corepiscopis
758 4780 803 4843 (V.
816 4780 974 4834 Decretetes
991 4778 1150 4833 Ps.·isidor.
1168 4776 1213 4833 ed
1229 4774 1375 4831 llinsehius
1391 4790 1419 4845 p.
1431 4775 1504 4844 ess),

349 4864 464 4925 unuani
482 4870 562 4925 Deer.
580 4870 610 4924 P.
623 4869 649 4923 ll
667 4868 723 4925 c.1
740 4882 786 4938 qu.
800 4870 815 4924 l
828 4884 852 4923 c.
865 4870 913 4923 25:
933 4866 1075 4937 ,reiterari
1093 4880 1206 4921 neeesse
1223 4868 1274 4933 est,
1291 4864 1366 4935 quod
1383 4863 1504 4934 legitime

350 4960 435 5014 mun
452 4962 499 5015 snt
515 4958 642 5015 colatum
659 4956 770 5013 minime
787 4954 983 5029 adprobasset.
